local_nano_time,quote_nano_time,datetime,last_price,highest,lowest,open,close,average,volume,amount,open_interest,ask_price1,ask_volume1,bid_price1,bid_volume1,ask_price2,ask_volume2,bid_price2,bid_volume2,ask_price3,ask_volume3,bid_price3,bid_volume3,ask_price4,ask_volume4,bid_price4,bid_volume4,ask_price5,ask_volume5,bid_price5,bid_volume5
1597988230235748096,1597988230713999872,2020-08-21 13:37:10.714000,19765.0,19840.0,19695.0,19820.0,nan,19765.0,3800,375535000.0,7457,19770.0,7,19760.0,5,nan,0,nan,0,nan,0,nan,0,nan,0,nan,0,nan,0,nan,0
1597988230693305088,1597988231226000128,2020-08-21 13:37:11.226000,19765.0,19840.0,19695.0,19820.0,nan,19765.0,3800,375535000.0,7457,19770.0,7,19760.0,15,nan,0,nan,0,nan,0,nan,0,nan,0,nan,0,nan,0,nan,0
1597988231227208960,1597988231734999808,2020-08-21 13:37:11.735000,19765.0,19840.0,19695.0,19820.0,nan,19765.0,3800,375535000.0,7457,19770.0,7,19765.0,1,nan,0,nan,0,nan,0,nan,0,nan,0,nan,0,nan,0,nan,0
1597988257730693888,1597988258237999872,2020-08-21 13:37:38.238000,19770.0,19840.0,19695.0,19820.0,nan,19765.0,3805,376029125.0,7461,19770.0,1,19765.0,4,nan,0,nan,0,nan,0,nan,0,nan,0,nan,0,nan,0,nan,0
1597988258228352000,1597988258734999808,2020-08-21 13:37:38.735000,19770.0,19840.0,19695.0,19820.0,nan,19765.0,3806,376127950.0,7461,19775.0,21,19765.0,4,nan,0,nan,0,nan,0,nan,0,nan,0,nan,0,nan,0,nan,0
1597988258736424960,1597988259240000000,2020-08-21 13:37:39.240000,19770.0,19840.0,19695.0,19820.0,nan,19765.0,3806,376127950.0,7461,19775.0,1,19765.0,4,nan,0,nan,0,nan,0,nan,0,nan,0,nan,0,nan,0,nan,0
1597988272745991936,1597988273233999872,2020-08-21 13:37:53.234000,19770.0,19840.0,19695.0,19820.0,nan,19765.0,3806,376127950.0,7461,19775.0,1,19765.0,5,nan,0,nan,0,nan,0,nan,0,nan,0,nan,0,nan,0,nan,0
1597988335761783040,1597988336194000128,2020-08-21 13:38:56.194000,19765.0,19840.0,19695.0,19820.0,nan,19765.0,3807,376226775.0,7460,19775.0,1,19765.0,4,nan,0,nan,0,nan,0,nan,0,nan,0,nan,0,nan,0,nan,0
1597988336282532096,1597988336742000128,2020-08-21 13:38:56.742000,19765.0,19840.0,19695.0,19820.0,nan,19765.0,3807,376226775.0,7460,19775.0,1,19765.0,1,nan,0,nan,0,nan,0,nan,0,nan,0,nan,0,nan,0,nan,0
1597988339341733120,1597988339732000000,2020-08-21 13:38:59.732000,19765.0,19840.0,19695.0,19820.0,nan,19765.0,3807,376226775.0,7460,19775.0,2,19760.0,102,nan,0,nan,0,nan,0,nan,0,nan,0,nan,0,nan,0,nan,0
1597988339769648896,1597988340240999936,2020-08-21 13:39:00.241000,19765.0,19840.0,19695.0,19820.0,nan,19765.0,3807,376226775.0,7460,19775.0,12,19760.0,122,nan,0,nan,0,nan,0,nan,0,nan,0,nan,0,nan,0,nan,0
1597988340286299904,1597988340736999936,2020-08-21 13:39:00.737000,19765.0,19840.0,19695.0,19820.0,nan,19765.0,3807,376226775.0,7460,19775.0,12,19760.0,112,nan,0,nan,0,nan,0,nan,0,nan,0,nan,0,nan,0,nan,0
1597988341251177984,1597988341742000128,2020-08-21 13:39:01.742000,19765.0,19840.0,19695.0,19820.0,nan,19765.0,3807,376226775.0,7460,19775.0,12,19760.0,122,nan,0,nan,0,nan,0,nan,0,nan,0,nan,0,nan,0,nan,0
1597988345779392000,1597988346233999872,2020-08-21 13:39:06.234000,19765.0,19840.0,19695.0,19820.0,nan,19765.0,3807,376226775.0,7460,19775.0,12,19760.0,132,nan,0,nan,0,nan,0,nan,0,nan,0,nan,0,nan,0,nan,0
1597988350923067904,1597988351211000064,2020-08-21 13:39:11.211000,19765.0,19840.0,19695.0,19820.0,nan,19765.0,3807,376226775.0,7460,19775.0,12,19760.0,132,nan,0,nan,0,nan,0,nan,0,nan,0,nan,0,nan,0,nan,0
1597988357258021120,1597988357663000064,2020-08-21 13:39:17.663000,19765.0,19840.0,19695.0,19820.0,nan,19765.0,3807,376226775.0,7460,19775.0,12,19760.0,132,nan,0,nan,0,nan,0,nan,0,nan,0,nan,0,nan,0,nan,0
1597988362747528960,1597988363240999936,2020-08-21 13:39:23.241000,19765.0,19840.0,19695.0,19820.0,nan,19765.0,3807,376226775.0,7460,19775.0,12,19760.0,122,nan,0,nan,0,nan,0,nan,0,nan,0,nan,0,nan,0,nan,0
1597988363270512896,1597988363716000000,2020-08-21 13:39:23.716000,19765.0,19840.0,19695.0,19820.0,nan,19765.0,3807,376226775.0,7460,19775.0,12,19760.0,132,nan,0,nan,0,nan,0,nan,0,nan,0,nan,0,nan,0,nan,0
1597988368753488896,1597988369236999936,2020-08-21 13:39:29.237000,19765.0,19840.0,19695.0,19820.0,nan,19765.0,3807,376226775.0,7460,19775.0,12,19760.0,122,nan,0,nan,0,nan,0,nan,0,nan,0,nan,0,nan,0,nan,0
1597988369262035968,1597988369731000064,2020-08-21 13:39:29.731000,19765.0,19840.0,19695.0,19820.0,nan,19765.0,3807,376226775.0,7460,19775.0,12,19760.0,132,nan,0,nan,0,nan,0,nan,0,nan,0,nan,0,nan,0,nan,0
1597988374761317120,1597988375244000000,2020-08-21 13:39:35.244000,19765.0,19840.0,19695.0,19820.0,nan,19765.0,3807,376226775.0,7460,19775.0,12,19760.0,122,nan,0,nan,0,nan,0,nan,0,nan,0,nan,0,nan,0,nan,0
1597988375289295872,1597988375732000000,2020-08-21 13:39:35.732000,19765.0,19840.0,19695.0,19820.0,nan,19765.0,3807,376226775.0,7460,19775.0,12,19760.0,132,nan,0,nan,0,nan,0,nan,0,nan,0,nan,0,nan,0,nan,0
1597988379784204032,1597988380232999936,2020-08-21 13:39:40.233000,19765.0,19840.0,19695.0,19820.0,nan,19765.0,3807,376226775.0,7460,19775.0,12,19760.0,132,nan,0,nan,0,nan,0,nan,0,nan,0,nan,0,nan,0,nan,0
1597988380754871040,1597988381234999808,2020-08-21 13:39:41.235000,19765.0,19840.0,19695.0,19820.0,nan,19765.0,3807,376226775.0,7460,19775.0,12,19760.0,132,nan,0,nan,0,nan,0,nan,0,nan,0,nan,0,nan,0,nan,0
1597988384775021056,1597988385243000064,2020-08-21 13:39:45.243000,19765.0,19840.0,19695.0,19820.0,nan,19765.0,3807,376226775.0,7460,19775.0,12,19760.0,122,nan,0,nan,0,nan,0,nan,0,nan,0,nan,0,nan,0,nan,0
1597988385280446976,1597988385733999872,2020-08-21 13:39:45.734000,19775.0,19840.0,19695.0,19820.0,nan,19765.0,3808,376325600.0,7459,19775.0,11,19760.0,132,nan,0,nan,0,nan,0,nan,0,nan,0,nan,0,nan,0,nan,0
1597988387256916992,1597988387728000000,2020-08-21 13:39:47.728000,19775.0,19840.0,19695.0,19820.0,nan,19765.0,3808,376325600.0,7459,19775.0,11,19760.0,132,nan,0,nan,0,nan,0,nan,0,nan,0,nan,0,nan,0,nan,0
1597988390759479040,1597988391240999936,2020-08-21 13:39:51.241000,19775.0,19840.0,19695.0,19820.0,nan,19765.0,3808,376325600.0,7459,19775.0,11,19760.0,132,nan,0,nan,0,nan,0,nan,0,nan,0,nan,0,nan,0,nan,0
1597988392759025920,1597988393233999872,2020-08-21 13:39:53.234000,19775.0,19840.0,19695.0,19820.0,nan,19765.0,3808,376325600.0,7459,19775.0,11,19760.0,122,nan,0,nan,0,nan,0,nan,0,nan,0,nan,0,nan,0,nan,0
1597988393267328000,1597988393729000192,2020-08-21 13:39:53.729000,19775.0,19840.0,19695.0,19820.0,nan,19765.0,3808,376325600.0,7459,19775.0,11,19760.0,132,nan,0,nan,0,nan,0,nan,0,nan,0,nan,0,nan,0,nan,0
1597988398764453888,1597988399239000064,2020-08-21 13:39:59.239000,19775.0,19840.0,19695.0,19820.0,nan,19765.0,3808,376325600.0,7459,19775.0,11,19760.0,132,nan,0,nan,0,nan,0,nan,0,nan,0,nan,0,nan,0,nan,0
1597988403793776896,1597988404240000000,2020-08-21 13:40:04.240000,19775.0,19840.0,19695.0,19820.0,nan,19765.0,3808,376325600.0,7459,19775.0,11,19770.0,1,nan,0,nan,0,nan,0,nan,0,nan,0,nan,0,nan,0,nan,0
1597988404266117888,1597988404734999808,2020-08-21 13:40:04.735000,19775.0,19840.0,19695.0,19820.0,nan,19765.0,3808,376325600.0,7459,19775.0,1,19770.0,2,nan,0,nan,0,nan,0,nan,0,nan,0,nan,0,nan,0,nan,0
1597988406272347904,1597988406744999936,2020-08-21 13:40:06.745000,19770.0,19840.0,19695.0,19820.0,nan,19765.0,3810,376523250.0,7460,19780.0,40,19765.0,100,nan,0,nan,0,nan,0,nan,0,nan,0,nan,0,nan,0,nan,0
1597988406803714048,1597988407236999936,2020-08-21 13:40:07.237000,19770.0,19840.0,19695.0,19820.0,nan,19765.0,3810,376523250.0,7460,19780.0,10,19765.0,130,nan,0,nan,0,nan,0,nan,0,nan,0,nan,0,nan,0,nan,0
1597988411801103104,1597988412224999936,2020-08-21 13:40:12.225000,19770.0,19840.0,19695.0,19820.0,nan,19765.0,3810,376523250.0,7460,19780.0,10,19765.0,120,nan,0,nan,0,nan,0,nan,0,nan,0,nan,0,nan,0,nan,0
1597988412269449984,1597988412708000000,2020-08-21 13:40:12.708000,19770.0,19840.0,19695.0,19820.0,nan,19765.0,3810,376523250.0,7460,19780.0,10,19765.0,130,nan,0,nan,0,nan,0,nan,0,nan,0,nan,0,nan,0,nan,0
1597988414269156096,1597988414728000000,2020-08-21 13:40:14.728000,19770.0,19840.0,19695.0,19820.0,nan,19765.0,3810,376523250.0,7460,19780.0,20,19765.0,131,nan,0,nan,0,nan,0,nan,0,nan,0,nan,0,nan,0,nan,0
1597988417836058112,1597988418243000064,2020-08-21 13:40:18.243000,19765.0,19840.0,19695.0,19820.0,nan,19765.0,3813,376819725.0,7461,19780.0,20,19765.0,110,nan,0,nan,0,nan,0,nan,0,nan,0,nan,0,nan,0,nan,0
1597988418273858048,1597988418734999808,2020-08-21 13:40:18.735000,19765.0,19840.0,19695.0,19820.0,nan,19765.0,3815,377017375.0,7461,19780.0,21,19765.0,51,nan,0,nan,0,nan,0,nan,0,nan,0,nan,0,nan,0,nan,0
1597988419277713920,1597988419665999872,2020-08-21 13:40:19.666000,19765.0,19840.0,19695.0,19820.0,nan,19765.0,3815,377017375.0,7461,19780.0,21,19765.0,71,nan,0,nan,0,nan,0,nan,0,nan,0,nan,0,nan,0,nan,0
1597988419804212992,1597988420226000128,2020-08-21 13:40:20.226000,19765.0,19840.0,19695.0,19820.0,nan,19765.0,3815,377017375.0,7461,19780.0,21,19765.0,70,nan,0,nan,0,nan,0,nan,0,nan,0,nan,0,nan,0,nan,0
1597988420290093056,1597988420744000000,2020-08-21 13:40:20.744000,19765.0,19840.0,19695.0,19820.0,nan,19765.0,3815,377017375.0,7461,19780.0,21,19765.0,80,nan,0,nan,0,nan,0,nan,0,nan,0,nan,0,nan,0,nan,0
1597988420792115968,1597988421230000128,2020-08-21 13:40:21.230000,19765.0,19840.0,19695.0,19820.0,nan,19765.0,3815,377017375.0,7461,19780.0,21,19765.0,90,nan,0,nan,0,nan,0,nan,0,nan,0,nan,0,nan,0,nan,0
1597988421274825984,1597988421740000000,2020-08-21 13:40:21.740000,19765.0,19840.0,19695.0,19820.0,nan,19765.0,3815,377017375.0,7461,19780.0,21,19765.0,90,nan,0,nan,0,nan,0,nan,0,nan,0,nan,0,nan,0,nan,0
1597988421800154880,1597988422221999872,2020-08-21 13:40:22.222000,19765.0,19840.0,19695.0,19820.0,nan,19765.0,3815,377017375.0,7461,19780.0,21,19765.0,100,nan,0,nan,0,nan,0,nan,0,nan,0,nan,0,nan,0,nan,0
1597988422770673920,1597988423237999872,2020-08-21 13:40:23.238000,19765.0,19840.0,19695.0,19820.0,nan,19765.0,3815,377017375.0,7461,19775.0,2,19765.0,60,nan,0,nan,0,nan,0,nan,0,nan,0,nan,0,nan,0,nan,0
1597988423280178944,1597988423736999936,2020-08-21 13:40:23.737000,19765.0,19840.0,19695.0,19820.0,nan,19765.0,3815,377017375.0,7461,19775.0,2,19765.0,30,nan,0,nan,0,nan,0,nan,0,nan,0,nan,0,nan,0,nan,0
1597988423808167936,1597988424240000000,2020-08-21 13:40:24.240000,19765.0,19840.0,19695.0,19820.0,nan,19765.0,3815,377017375.0,7461,19775.0,2,19765.0,10,nan,0,nan,0,nan,0,nan,0,nan,0,nan,0,nan,0,nan,0
1597988424277803008,1597988424730000128,2020-08-21 13:40:24.730000,19765.0,19840.0,19695.0,19820.0,nan,19765.0,3815,377017375.0,7461,19775.0,2,19760.0,122,nan,0,nan,0,nan,0,nan,0,nan,0,nan,0,nan,0,nan,0
1597988424801196032,1597988425211000064,2020-08-21 13:40:25.211000,19765.0,19840.0,19695.0,19820.0,nan,19765.0,3815,377017375.0,7461,19775.0,13,19760.0,132,nan,0,nan,0,nan,0,nan,0,nan,0,nan,0,nan,0,nan,0
1597988428776317952,1597988429244999936,2020-08-21 13:40:29.245000,19765.0,19840.0,19695.0,19820.0,nan,19765.0,3815,377017375.0,7461,19775.0,13,19760.0,132,nan,0,nan,0,nan,0,nan,0,nan,0,nan,0,nan,0,nan,0
1597988435282350080,1597988435726000128,2020-08-21 13:40:35.726000,19765.0,19840.0,19695.0,19820.0,nan,19765.0,3815,377017375.0,7461,19775.0,13,19760.0,132,nan,0,nan,0,nan,0,nan,0,nan,0,nan,0,nan,0,nan,0
1597988436297132032,1597988436740000000,2020-08-21 13:40:36.740000,19765.0,19840.0,19695.0,19820.0,nan,19765.0,3815,377017375.0,7461,19775.0,23,19760.0,122,nan,0,nan,0,nan,0,nan,0,nan,0,nan,0,nan,0,nan,0
1597988436815732992,1597988437242000128,2020-08-21 13:40:37.242000,19765.0,19840.0,19695.0,19820.0,nan,19765.0,3815,377017375.0,7461,19775.0,23,19760.0,122,nan,0,nan,0,nan,0,nan,0,nan,0,nan,0,nan,0,nan,0
1597988437337081088,1597988437720000000,2020-08-21 13:40:37.720000,19765.0,19840.0,19695.0,19820.0,nan,19765.0,3815,377017375.0,7461,19775.0,23,19760.0,122,nan,0,nan,0,nan,0,nan,0,nan,0,nan,0,nan,0,nan,0
1597988437780414976,1597988438233999872,2020-08-21 13:40:38.234000,19765.0,19840.0,19695.0,19820.0,nan,19765.0,3815,377017375.0,7461,19775.0,23,19760.0,122,nan,0,nan,0,nan,0,nan,0,nan,0,nan,0,nan,0,nan,0
1597988438285340928,1597988438724000000,2020-08-21 13:40:38.724000,19765.0,19840.0,19695.0,19820.0,nan,19765.0,3815,377017375.0,7461,19775.0,23,19765.0,1,nan,0,nan,0,nan,0,nan,0,nan,0,nan,0,nan,0,nan,0
1597988438820592128,1597988439244999936,2020-08-21 13:40:39.245000,19765.0,19840.0,19695.0,19820.0,nan,19765.0,3815,377017375.0,7461,19775.0,13,19765.0,4,nan,0,nan,0,nan,0,nan,0,nan,0,nan,0,nan,0,nan,0
1597988440286179072,1597988440744999936,2020-08-21 13:40:40.745000,19770.0,19840.0,19695.0,19820.0,nan,19765.0,3817,377215025.0,7461,19775.0,43,19765.0,4,nan,0,nan,0,nan,0,nan,0,nan,0,nan,0,nan,0,nan,0
1597988440810295040,1597988441234999808,2020-08-21 13:40:41.235000,19770.0,19840.0,19695.0,19820.0,nan,19765.0,3817,377215025.0,7461,19775.0,13,19765.0,4,nan,0,nan,0,nan,0,nan,0,nan,0,nan,0,nan,0,nan,0
1597988441293746944,1597988441744000000,2020-08-21 13:40:41.744000,19770.0,19840.0,19695.0,19820.0,nan,19765.0,3817,377215025.0,7461,19775.0,13,19765.0,3,nan,0,nan,0,nan,0,nan,0,nan,0,nan,0,nan,0,nan,0
1597988441773234944,1597988442187000064,2020-08-21 13:40:42.187000,19770.0,19840.0,19695.0,19820.0,nan,19765.0,3817,377215025.0,7461,19770.0,2,19765.0,1,nan,0,nan,0,nan,0,nan,0,nan,0,nan,0,nan,0,nan,0
1597988469831928064,1597988470233999872,2020-08-21 13:41:10.234000,19765.0,19840.0,19695.0,19820.0,nan,19765.0,3818,377313850.0,7461,19765.0,6,19760.0,52,nan,0,nan,0,nan,0,nan,0,nan,0,nan,0,nan,0,nan,0
1597988470316910080,1597988470730000128,2020-08-21 13:41:10.730000,19765.0,19840.0,19695.0,19820.0,nan,19765.0,3818,377313850.0,7461,19765.0,6,19760.0,12,nan,0,nan,0,nan,0,nan,0,nan,0,nan,0,nan,0,nan,0
1597988470821865984,1597988471236000000,2020-08-21 13:41:11.236000,19765.0,19840.0,19695.0,19820.0,nan,19765.0,3818,377313850.0,7461,19765.0,6,19760.0,2,nan,0,nan,0,nan,0,nan,0,nan,0,nan,0,nan,0,nan,0
1597988476796480000,1597988477193000192,2020-08-21 13:41:17.193000,19765.0,19840.0,19695.0,19820.0,nan,19765.0,3818,377313850.0,7461,19765.0,6,19760.0,1,nan,0,nan,0,nan,0,nan,0,nan,0,nan,0,nan,0,nan,0
1597988519864041984,1597988520242000128,2020-08-21 13:42:00.242000,19760.0,19840.0,19695.0,19820.0,nan,19765.0,3819,377412675.0,7460,19765.0,6,19755.0,71,nan,0,nan,0,nan,0,nan,0,nan,0,nan,0,nan,0,nan,0
1597988520325963008,1597988520724000000,2020-08-21 13:42:00.724000,19760.0,19840.0,19695.0,19820.0,nan,19765.0,3819,377412675.0,7460,19765.0,8,19755.0,51,nan,0,nan,0,nan,0,nan,0,nan,0,nan,0,nan,0,nan,0
1597988520858557952,1597988521229000192,2020-08-21 13:42:01.229000,19760.0,19840.0,19695.0,19820.0,nan,19765.0,3819,377412675.0,7460,19765.0,8,19755.0,21,nan,0,nan,0,nan,0,nan,0,nan,0,nan,0,nan,0,nan,0
1597988521355951104,1597988521734999808,2020-08-21 13:42:01.735000,19760.0,19840.0,19695.0,19820.0,nan,19765.0,3819,377412675.0,7460,19765.0,8,19755.0,11,nan,0,nan,0,nan,0,nan,0,nan,0,nan,0,nan,0,nan,0
1597988531860387072,1597988532217999872,2020-08-21 13:42:12.218000,19760.0,19840.0,19695.0,19820.0,nan,19765.0,3819,377412675.0,7460,19765.0,8,19755.0,10,nan,0,nan,0,nan,0,nan,0,nan,0,nan,0,nan,0,nan,0
1597988532317533952,1597988532724999936,2020-08-21 13:42:12.725000,19760.0,19840.0,19695.0,19820.0,nan,19765.0,3819,377412675.0,7460,19765.0,18,19750.0,104,nan,0,nan,0,nan,0,nan,0,nan,0,nan,0,nan,0,nan,0
1597988532852499968,1597988533227000064,2020-08-21 13:42:13.227000,19760.0,19840.0,19695.0,19820.0,nan,19765.0,3819,377412675.0,7460,19765.0,28,19750.0,124,nan,0,nan,0,nan,0,nan,0,nan,0,nan,0,nan,0,nan,0
1597988533345607936,1597988533721999872,2020-08-21 13:42:13.722000,19760.0,19840.0,19695.0,19820.0,nan,19765.0,3819,377412675.0,7460,19765.0,28,19750.0,134,nan,0,nan,0,nan,0,nan,0,nan,0,nan,0,nan,0,nan,0
1597988533855611904,1597988534232999936,2020-08-21 13:42:14.233000,19760.0,19840.0,19695.0,19820.0,nan,19765.0,3819,377412675.0,7460,19765.0,28,19750.0,124,nan,0,nan,0,nan,0,nan,0,nan,0,nan,0,nan,0,nan,0
1597988535327776000,1597988535842000128,2020-08-21 13:42:15.842000,19760.0,19840.0,19695.0,19820.0,nan,19765.0,3819,377412675.0,7460,19765.0,28,19750.0,134,nan,0,nan,0,nan,0,nan,0,nan,0,nan,0,nan,0,nan,0
1597988537857039104,1597988538427000064,2020-08-21 13:42:18.427000,19760.0,19840.0,19695.0,19820.0,nan,19765.0,3819,377412675.0,7460,19765.0,28,19750.0,134,nan,0,nan,0,nan,0,nan,0,nan,0,nan,0,nan,0,nan,0
1597988540856451072,1597988541416999936,2020-08-21 13:42:21.417000,19760.0,19840.0,19695.0,19820.0,nan,19765.0,3819,377412675.0,7460,19765.0,28,19750.0,134,nan,0,nan,0,nan,0,nan,0,nan,0,nan,0,nan,0,nan,0
1597988544341643008,1597988544898000128,2020-08-21 13:42:24.898000,19760.0,19840.0,19695.0,19820.0,nan,19765.0,3819,377412675.0,7460,19765.0,28,19750.0,134,nan,0,nan,0,nan,0,nan,0,nan,0,nan,0,nan,0,nan,0
1597988549866016000,1597988550371000064,2020-08-21 13:42:30.371000,19760.0,19840.0,19695.0,19820.0,nan,19765.0,3819,377412675.0,7460,19765.0,28,19750.0,124,nan,0,nan,0,nan,0,nan,0,nan,0,nan,0,nan,0,nan,0
1597988550346971904,1597988550836999936,2020-08-21 13:42:30.837000,19760.0,19840.0,19695.0,19820.0,nan,19765.0,3819,377412675.0,7460,19765.0,28,19750.0,134,nan,0,nan,0,nan,0,nan,0,nan,0,nan,0,nan,0,nan,0
1597988550856525056,1597988551404999936,2020-08-21 13:42:31.405000,19750.0,19840.0,19695.0,19820.0,nan,19765.0,3820,377511500.0,7461,19765.0,28,19750.0,133,nan,0,nan,0,nan,0,nan,0,nan,0,nan,0,nan,0,nan,0
1597988551352517888,1597988551920999936,2020-08-21 13:42:31.921000,19750.0,19840.0,19695.0,19820.0,nan,19765.0,3820,377511500.0,7461,19765.0,28,19750.0,123,nan,0,nan,0,nan,0,nan,0,nan,0,nan,0,nan,0,nan,0
1597988555326941952,1597988555932000000,2020-08-21 13:42:35.932000,19750.0,19840.0,19695.0,19820.0,nan,19765.0,3820,377511500.0,7461,19765.0,28,19750.0,113,nan,0,nan,0,nan,0,nan,0,nan,0,nan,0,nan,0,nan,0
1597988555860967936,1597988556431000064,2020-08-21 13:42:36.431000,19750.0,19840.0,19695.0,19820.0,nan,19765.0,3820,377511500.0,7461,19765.0,28,19750.0,133,nan,0,nan,0,nan,0,nan,0,nan,0,nan,0,nan,0,nan,0
1597988558405564928,1597988558931000064,2020-08-21 13:42:38.931000,19750.0,19840.0,19695.0,19820.0,nan,19765.0,3835,378993875.0,7463,19760.0,1,19750.0,30,nan,0,nan,0,nan,0,nan,0,nan,0,nan,0,nan,0,nan,0
1597988558857153024,1597988559437999872,2020-08-21 13:42:39.438000,19750.0,19840.0,19695.0,19820.0,nan,19765.0,3835,378993875.0,7463,19760.0,2,19750.0,10,nan,0,nan,0,nan,0,nan,0,nan,0,nan,0,nan,0,nan,0
1597988559349103104,1597988559936999936,2020-08-21 13:42:39.937000,19750.0,19840.0,19695.0,19820.0,nan,19765.0,3835,378993875.0,7463,19760.0,3,19745.0,62,nan,0,nan,0,nan,0,nan,0,nan,0,nan,0,nan,0,nan,0
1597988559855821056,1597988560430000128,2020-08-21 13:42:40.430000,19750.0,19840.0,19695.0,19820.0,nan,19765.0,3835,378993875.0,7463,19760.0,14,19745.0,82,nan,0,nan,0,nan,0,nan,0,nan,0,nan,0,nan,0,nan,0
1597988560347343104,1597988560904999936,2020-08-21 13:42:40.905000,19750.0,19840.0,19695.0,19820.0,nan,19765.0,3835,378993875.0,7463,19760.0,14,19745.0,92,nan,0,nan,0,nan,0,nan,0,nan,0,nan,0,nan,0,nan,0
1597988560852659968,1597988561426000128,2020-08-21 13:42:41.426000,19750.0,19840.0,19695.0,19820.0,nan,19765.0,3835,378993875.0,7463,19760.0,14,19745.0,102,nan,0,nan,0,nan,0,nan,0,nan,0,nan,0,nan,0,nan,0
1597988561341596928,1597988561931000064,2020-08-21 13:42:41.931000,19750.0,19840.0,19695.0,19820.0,nan,19765.0,3835,378993875.0,7463,19760.0,14,19745.0,112,nan,0,nan,0,nan,0,nan,0,nan,0,nan,0,nan,0,nan,0
1597988563352632064,1597988563936999936,2020-08-21 13:42:43.937000,19750.0,19840.0,19695.0,19820.0,nan,19765.0,3835,378993875.0,7463,19760.0,14,19745.0,142,nan,0,nan,0,nan,0,nan,0,nan,0,nan,0,nan,0,nan,0
1597988564883995904,1597988565430000128,2020-08-21 13:42:45.430000,19750.0,19840.0,19695.0,19820.0,nan,19765.0,3835,378993875.0,7463,19760.0,14,19745.0,132,nan,0,nan,0,nan,0,nan,0,nan,0,nan,0,nan,0,nan,0
1597988565349454080,1597988565936999936,2020-08-21 13:42:45.937000,19750.0,19840.0,19695.0,19820.0,nan,19765.0,3835,378993875.0,7463,19760.0,14,19745.0,142,nan,0,nan,0,nan,0,nan,0,nan,0,nan,0,nan,0,nan,0
1597988567861942016,1597988568436999936,2020-08-21 13:42:48.437000,19750.0,19840.0,19695.0,19820.0,nan,19765.0,3835,378993875.0,7463,19755.0,2,19745.0,142,nan,0,nan,0,nan,0,nan,0,nan,0,nan,0,nan,0,nan,0
1597988568346827008,1597988568924999936,2020-08-21 13:42:48.925000,19750.0,19840.0,19695.0,19820.0,nan,19765.0,3835,378993875.0,7463,19755.0,4,19745.0,62,nan,0,nan,0,nan,0,nan,0,nan,0,nan,0,nan,0,nan,0
1597988568853474048,1597988569435000064,2020-08-21 13:42:49.435000,19750.0,19840.0,19695.0,19820.0,nan,19765.0,3835,378993875.0,7463,19755.0,4,19745.0,42,nan,0,nan,0,nan,0,nan,0,nan,0,nan,0,nan,0,nan,0
1597988569364083968,1597988569936000000,2020-08-21 13:42:49.936000,19750.0,19840.0,19695.0,19820.0,nan,19765.0,3835,378993875.0,7463,19755.0,4,19745.0,12,nan,0,nan,0,nan,0,nan,0,nan,0,nan,0,nan,0,nan,0
1597988569850563072,1597988570428999936,2020-08-21 13:42:50.429000,19750.0,19840.0,19695.0,19820.0,nan,19765.0,3835,378993875.0,7463,19755.0,2,19745.0,12,nan,0,nan,0,nan,0,nan,0,nan,0,nan,0,nan,0,nan,0
1597988585885406976,1597988586426000128,2020-08-21 13:43:06.426000,19750.0,19840.0,19695.0,19820.0,nan,19765.0,3835,378993875.0,7463,19755.0,2,19745.0,13,nan,0,nan,0,nan,0,nan,0,nan,0,nan,0,nan,0,nan,0
1597988596891953920,1597988597434000128,2020-08-21 13:43:17.434000,19750.0,19840.0,19695.0,19820.0,nan,19765.0,3835,378993875.0,7463,19755.0,2,19750.0,1,nan,0,nan,0,nan,0,nan,0,nan,0,nan,0,nan,0,nan,0
1597988597347644928,1597988597892000000,2020-08-21 13:43:17.892000,19750.0,19840.0,19695.0,19820.0,nan,19765.0,3836,379092700.0,7463,19755.0,2,19745.0,63,nan,0,nan,0,nan,0,nan,0,nan,0,nan,0,nan,0,nan,0
1597988597849122048,1597988598378000128,2020-08-21 13:43:18.378000,19750.0,19840.0,19695.0,19820.0,nan,19765.0,3836,379092700.0,7463,19755.0,2,19745.0,43,nan,0,nan,0,nan,0,nan,0,nan,0,nan,0,nan,0,nan,0
1597988598358807040,1597988598928000000,2020-08-21 13:43:18.928000,19750.0,19840.0,19695.0,19820.0,nan,19765.0,3836,379092700.0,7463,19755.0,2,19745.0,13,nan,0,nan,0,nan,0,nan,0,nan,0,nan,0,nan,0,nan,0
1597988604883964928,1597988605435000064,2020-08-21 13:43:25.435000,19755.0,19840.0,19695.0,19820.0,nan,19765.0,3838,379290350.0,7463,19760.0,122,19745.0,13,nan,0,nan,0,nan,0,nan,0,nan,0,nan,0,nan,0,nan,0
1597988605374735872,1597988605923000064,2020-08-21 13:43:25.923000,19755.0,19840.0,19695.0,19820.0,nan,19765.0,3838,379290350.0,7463,19760.0,52,19750.0,5,nan,0,nan,0,nan,0,nan,0,nan,0,nan,0,nan,0,nan,0
1597988605880368896,1597988606436999936,2020-08-21 13:43:26.437000,19755.0,19840.0,19695.0,19820.0,nan,19765.0,3838,379290350.0,7463,19760.0,12,19750.0,5,nan,0,nan,0,nan,0,nan,0,nan,0,nan,0,nan,0,nan,0
1597988608378098944,1597988608931000064,2020-08-21 13:43:28.931000,19755.0,19840.0,19695.0,19820.0,nan,19765.0,3838,379290350.0,7463,19760.0,12,19750.0,4,nan,0,nan,0,nan,0,nan,0,nan,0,nan,0,nan,0,nan,0
1597988608862897920,1597988609418999808,2020-08-21 13:43:29.419000,19755.0,19840.0,19695.0,19820.0,nan,19765.0,3838,379290350.0,7463,19760.0,22,19750.0,4,nan,0,nan,0,nan,0,nan,0,nan,0,nan,0,nan,0,nan,0
1597988610844503040,1597988611417999872,2020-08-21 13:43:31.418000,19755.0,19840.0,19695.0,19820.0,nan,19765.0,3838,379290350.0,7463,19760.0,12,19750.0,4,nan,0,nan,0,nan,0,nan,0,nan,0,nan,0,nan,0,nan,0
1597988612889651968,1597988613437999872,2020-08-21 13:43:33.438000,19755.0,19840.0,19695.0,19820.0,nan,19765.0,3838,379290350.0,7463,19760.0,12,19750.0,5,nan,0,nan,0,nan,0,nan,0,nan,0,nan,0,nan,0,nan,0
1597988613385547008,1597988614000000000,2020-08-21 13:43:34.000000,19755.0,19840.0,19695.0,19820.0,nan,19765.0,3838,379290350.0,7463,19760.0,12,19750.0,15,nan,0,nan,0,nan,0,nan,0,nan,0,nan,0,nan,0,nan,0
1597988613851958016,1597988614426000128,2020-08-21 13:43:34.426000,19755.0,19840.0,19695.0,19820.0,nan,19765.0,3838,379290350.0,7463,19760.0,1,19750.0,15,nan,0,nan,0,nan,0,nan,0,nan,0,nan,0,nan,0,nan,0
1597988624863397120,1597988625427000064,2020-08-21 13:43:45.427000,19755.0,19840.0,19695.0,19820.0,nan,19765.0,3838,379290350.0,7463,19760.0,1,19750.0,10,nan,0,nan,0,nan,0,nan,0,nan,0,nan,0,nan,0,nan,0
1597988625387650048,1597988626000000000,2020-08-21 13:43:46.000000,19755.0,19840.0,19695.0,19820.0,nan,19765.0,3838,379290350.0,7463,19760.0,11,19745.0,117,nan,0,nan,0,nan,0,nan,0,nan,0,nan,0,nan,0,nan,0
1597988625866352896,1597988626420999936,2020-08-21 13:43:46.421000,19755.0,19840.0,19695.0,19820.0,nan,19765.0,3838,379290350.0,7463,19760.0,22,19745.0,137,nan,0,nan,0,nan,0,nan,0,nan,0,nan,0,nan,0,nan,0
1597988628869658880,1597988629436999936,2020-08-21 13:43:49.437000,19755.0,19840.0,19695.0,19820.0,nan,19765.0,3838,379290350.0,7463,19760.0,22,19745.0,127,nan,0,nan,0,nan,0,nan,0,nan,0,nan,0,nan,0,nan,0
1597988629379876096,1597988629936999936,2020-08-21 13:43:49.937000,19755.0,19840.0,19695.0,19820.0,nan,19765.0,3838,379290350.0,7463,19760.0,22,19745.0,138,nan,0,nan,0,nan,0,nan,0,nan,0,nan,0,nan,0,nan,0
1597988631353353984,1597988631916999936,2020-08-21 13:43:51.917000,19755.0,19840.0,19695.0,19820.0,nan,19765.0,3838,379290350.0,7463,19760.0,22,19750.0,1,nan,0,nan,0,nan,0,nan,0,nan,0,nan,0,nan,0,nan,0
1597988631861122048,1597988632417999872,2020-08-21 13:43:52.418000,19755.0,19840.0,19695.0,19820.0,nan,19765.0,3838,379290350.0,7463,19760.0,22,19745.0,138,nan,0,nan,0,nan,0,nan,0,nan,0,nan,0,nan,0,nan,0
1597988632378763008,1597988633000000000,2020-08-21 13:43:53.000000,19755.0,19840.0,19695.0,19820.0,nan,19765.0,3838,379290350.0,7463,19760.0,12,19745.0,128,nan,0,nan,0,nan,0,nan,0,nan,0,nan,0,nan,0,nan,0
1597988632859971072,1597988633151000064,2020-08-21 13:43:53.151000,19755.0,19840.0,19695.0,19820.0,nan,19765.0,3838,379290350.0,7463,19760.0,22,19745.0,128,nan,0,nan,0,nan,0,nan,0,nan,0,nan,0,nan,0,nan,0
1597988636362678016,1597988636935000064,2020-08-21 13:43:56.935000,19755.0,19840.0,19695.0,19820.0,nan,19765.0,3838,379290350.0,7463,19760.0,32,19750.0,2,nan,0,nan,0,nan,0,nan,0,nan,0,nan,0,nan,0,nan,0
1597988636858992128,1597988637401999872,2020-08-21 13:43:57.402000,19755.0,19840.0,19695.0,19820.0,nan,19765.0,3838,379290350.0,7463,19760.0,12,19750.0,3,nan,0,nan,0,nan,0,nan,0,nan,0,nan,0,nan,0,nan,0
1597988637360017920,1597988637926000128,2020-08-21 13:43:57.926000,19755.0,19840.0,19695.0,19820.0,nan,19765.0,3838,379290350.0,7463,19760.0,12,19750.0,3,nan,0,nan,0,nan,0,nan,0,nan,0,nan,0,nan,0,nan,0
1597988640377416960,1597988640920999936,2020-08-21 13:44:00.921000,19755.0,19840.0,19695.0,19820.0,nan,19765.0,3838,379290350.0,7463,19760.0,12,19750.0,2,nan,0,nan,0,nan,0,nan,0,nan,0,nan,0,nan,0,nan,0
1597988640884318976,1597988641434000128,2020-08-21 13:44:01.434000,19755.0,19840.0,19695.0,19820.0,nan,19765.0,3838,379290350.0,7463,19760.0,22,19750.0,2,nan,0,nan,0,nan,0,nan,0,nan,0,nan,0,nan,0,nan,0
1597988641870028032,1597988642408000000,2020-08-21 13:44:02.408000,19755.0,19840.0,19695.0,19820.0,nan,19765.0,3838,379290350.0,7463,19760.0,12,19750.0,2,nan,0,nan,0,nan,0,nan,0,nan,0,nan,0,nan,0,nan,0
1597988649369913088,1597988649934000128,2020-08-21 13:44:09.934000,19755.0,19840.0,19695.0,19820.0,nan,19765.0,3838,379290350.0,7463,19760.0,12,19750.0,3,nan,0,nan,0,nan,0,nan,0,nan,0,nan,0,nan,0,nan,0
1597988649869789952,1597988650423000064,2020-08-21 13:44:10.423000,19755.0,19840.0,19695.0,19820.0,nan,19765.0,3838,379290350.0,7463,19760.0,12,19750.0,13,nan,0,nan,0,nan,0,nan,0,nan,0,nan,0,nan,0,nan,0
1597988650392172032,1597988650912000000,2020-08-21 13:44:10.912000,19755.0,19840.0,19695.0,19820.0,nan,19765.0,3838,379290350.0,7463,19760.0,1,19750.0,23,nan,0,nan,0,nan,0,nan,0,nan,0,nan,0,nan,0,nan,0
1597988650875027968,1597988651421999872,2020-08-21 13:44:11.422000,19755.0,19840.0,19695.0,19820.0,nan,19765.0,3838,379290350.0,7463,19760.0,1,19755.0,1,nan,0,nan,0,nan,0,nan,0,nan,0,nan,0,nan,0,nan,0
1597988653876753920,1597988654437999872,2020-08-21 13:44:14.438000,19760.0,19840.0,19695.0,19820.0,nan,19765.0,3839,379389175.0,7463,19765.0,79,19755.0,1,nan,0,nan,0,nan,0,nan,0,nan,0,nan,0,nan,0,nan,0
1597988654378725888,1597988654908000000,2020-08-21 13:44:14.908000,19760.0,19840.0,19695.0,19820.0,nan,19765.0,3839,379389175.0,7463,19765.0,49,19755.0,1,nan,0,nan,0,nan,0,nan,0,nan,0,nan,0,nan,0,nan,0
1597988654877583104,1597988655433000192,2020-08-21 13:44:15.433000,19760.0,19840.0,19695.0,19820.0,nan,19765.0,3839,379389175.0,7463,19765.0,29,19755.0,1,nan,0,nan,0,nan,0,nan,0,nan,0,nan,0,nan,0,nan,0
1597988656870070016,1597988657437999872,2020-08-21 13:44:17.438000,19760.0,19840.0,19695.0,19820.0,nan,19765.0,3839,379389175.0,7463,19765.0,18,19755.0,11,nan,0,nan,0,nan,0,nan,0,nan,0,nan,0,nan,0,nan,0
1597988657371171072,1597988657910000128,2020-08-21 13:44:17.910000,19760.0,19840.0,19695.0,19820.0,nan,19765.0,3839,379389175.0,7463,19765.0,18,19755.0,1,nan,0,nan,0,nan,0,nan,0,nan,0,nan,0,nan,0,nan,0
1597988660369848064,1597988660918999808,2020-08-21 13:44:20.919000,19760.0,19840.0,19695.0,19820.0,nan,19765.0,3839,379389175.0,7463,19765.0,19,19755.0,1,nan,0,nan,0,nan,0,nan,0,nan,0,nan,0,nan,0,nan,0
1597988660869905920,1597988661413000192,2020-08-21 13:44:21.413000,19760.0,19840.0,19695.0,19820.0,nan,19765.0,3839,379389175.0,7463,19765.0,29,19755.0,1,nan,0,nan,0,nan,0,nan,0,nan,0,nan,0,nan,0,nan,0
1597988661874789888,1597988662435000064,2020-08-21 13:44:22.435000,19760.0,19840.0,19695.0,19820.0,nan,19765.0,3839,379389175.0,7463,19765.0,19,19755.0,1,nan,0,nan,0,nan,0,nan,0,nan,0,nan,0,nan,0,nan,0
1597988669879776000,1597988670390000128,2020-08-21 13:44:30.390000,19760.0,19840.0,19695.0,19820.0,nan,19765.0,3839,379389175.0,7463,19765.0,20,19755.0,1,nan,0,nan,0,nan,0,nan,0,nan,0,nan,0,nan,0,nan,0
1597988695428396032,1597988696000000000,2020-08-21 13:44:56.000000,19760.0,19840.0,19695.0,19820.0,nan,19765.0,3839,379389175.0,7463,19760.0,1,19755.0,1,nan,0,nan,0,nan,0,nan,0,nan,0,nan,0,nan,0,nan,0
1597988704890956032,1597988705412000000,2020-08-21 13:45:05.412000,19760.0,19840.0,19695.0,19820.0,nan,19765.0,3840,379488000.0,7463,19765.0,40,19760.0,6,nan,0,nan,0,nan,0,nan,0,nan,0,nan,0,nan,0,nan,0
1597988705397664000,1597988706000000000,2020-08-21 13:45:06.000000,19760.0,19840.0,19695.0,19820.0,nan,19765.0,3840,379488000.0,7463,19765.0,10,19760.0,6,nan,0,nan,0,nan,0,nan,0,nan,0,nan,0,nan,0,nan,0
1597988707887742976,1597988708436000000,2020-08-21 13:45:08.436000,19760.0,19840.0,19695.0,19820.0,nan,19765.0,3841,379586825.0,7462,19765.0,9,19760.0,5,nan,0,nan,0,nan,0,nan,0,nan,0,nan,0,nan,0,nan,0
1597988718899888128,1597988719417999872,2020-08-21 13:45:19.418000,19760.0,19840.0,19695.0,19820.0,nan,19765.0,3843,379784475.0,7462,19765.0,9,19760.0,3,nan,0,nan,0,nan,0,nan,0,nan,0,nan,0,nan,0,nan,0
1597988728903802880,1597988729435000064,2020-08-21 13:45:29.435000,19760.0,19840.0,19695.0,19820.0,nan,19765.0,3843,379784475.0,7462,19765.0,8,19760.0,3,nan,0,nan,0,nan,0,nan,0,nan,0,nan,0,nan,0,nan,0
1597988730401497088,1597988730917999872,2020-08-21 13:45:30.918000,19765.0,19840.0,19695.0,19820.0,nan,19765.0,3846,380080950.0,7462,19765.0,5,19755.0,81,nan,0,nan,0,nan,0,nan,0,nan,0,nan,0,nan,0,nan,0
1597988730907160064,1597988731428000000,2020-08-21 13:45:31.428000,19765.0,19840.0,19695.0,19820.0,nan,19765.0,3848,380278600.0,7464,19765.0,2,19755.0,61,nan,0,nan,0,nan,0,nan,0,nan,0,nan,0,nan,0,nan,0
1597988731422663936,1597988731938999808,2020-08-21 13:45:31.939000,19765.0,19840.0,19695.0,19820.0,nan,19765.0,3848,380278600.0,7464,19765.0,2,19755.0,41,nan,0,nan,0,nan,0,nan,0,nan,0,nan,0,nan,0,nan,0
1597988731901123072,1597988732424000000,2020-08-21 13:45:32.424000,19765.0,19840.0,19695.0,19820.0,nan,19765.0,3848,380278600.0,7464,19765.0,2,19755.0,11,nan,0,nan,0,nan,0,nan,0,nan,0,nan,0,nan,0,nan,0
1597988755911954944,1597988756437999872,2020-08-21 13:45:56.438000,19765.0,19840.0,19695.0,19820.0,nan,19765.0,3853,380772725.0,7461,19765.0,2,19760.0,40,nan,0,nan,0,nan,0,nan,0,nan,0,nan,0,nan,0,nan,0
1597988756449477120,1597988757000000000,2020-08-21 13:45:57.000000,19765.0,19840.0,19695.0,19820.0,nan,19765.0,3853,380772725.0,7461,19765.0,2,19760.0,4,nan,0,nan,0,nan,0,nan,0,nan,0,nan,0,nan,0,nan,0
1597988766411464960,1597988767000000000,2020-08-21 13:46:07.000000,19765.0,19840.0,19695.0,19820.0,nan,19765.0,3853,380772725.0,7461,19765.0,2,19755.0,81,nan,0,nan,0,nan,0,nan,0,nan,0,nan,0,nan,0,nan,0
1597988766921079040,1597988767415000064,2020-08-21 13:46:07.415000,19765.0,19840.0,19695.0,19820.0,nan,19765.0,3853,380772725.0,7461,19765.0,2,19755.0,31,nan,0,nan,0,nan,0,nan,0,nan,0,nan,0,nan,0,nan,0
1597988767442476032,1597988768000000000,2020-08-21 13:46:08.000000,19765.0,19840.0,19695.0,19820.0,nan,19765.0,3853,380772725.0,7461,19765.0,2,19755.0,21,nan,0,nan,0,nan,0,nan,0,nan,0,nan,0,nan,0,nan,0
1597988768443278080,1597988769000000000,2020-08-21 13:46:09.000000,19765.0,19840.0,19695.0,19820.0,nan,19765.0,3853,380772725.0,7461,19765.0,2,19755.0,11,nan,0,nan,0,nan,0,nan,0,nan,0,nan,0,nan,0,nan,0
1597988781928286976,1597988782432000000,2020-08-21 13:46:22.432000,19765.0,19840.0,19695.0,19820.0,nan,19765.0,3853,380772725.0,7461,19765.0,13,19755.0,11,nan,0,nan,0,nan,0,nan,0,nan,0,nan,0,nan,0,nan,0
1597988782449288960,1597988783000000000,2020-08-21 13:46:23.000000,19765.0,19840.0,19695.0,19820.0,nan,19765.0,3853,380772725.0,7461,19765.0,23,19755.0,1,nan,0,nan,0,nan,0,nan,0,nan,0,nan,0,nan,0,nan,0
1597988783925161984,1597988784421999872,2020-08-21 13:46:24.422000,19765.0,19840.0,19695.0,19820.0,nan,19765.0,3853,380772725.0,7461,19765.0,13,19755.0,1,nan,0,nan,0,nan,0,nan,0,nan,0,nan,0,nan,0,nan,0
1597988799422842112,1597988800000000000,2020-08-21 13:46:40.000000,19765.0,19840.0,19695.0,19820.0,nan,19765.0,3853,380772725.0,7461,19765.0,18,19755.0,1,nan,0,nan,0,nan,0,nan,0,nan,0,nan,0,nan,0,nan,0
1597988812925687040,1597988813438999808,2020-08-21 13:46:53.439000,19755.0,19840.0,19695.0,19820.0,nan,19765.0,3856,381069200.0,7462,19760.0,41,19750.0,64,nan,0,nan,0,nan,0,nan,0,nan,0,nan,0,nan,0,nan,0
1597988813459153920,1597988814000000000,2020-08-21 13:46:54.000000,19755.0,19840.0,19695.0,19820.0,nan,19765.0,3856,381069200.0,7462,19760.0,1,19750.0,44,nan,0,nan,0,nan,0,nan,0,nan,0,nan,0,nan,0,nan,0
1597988813930151936,1597988814417999872,2020-08-21 13:46:54.418000,19755.0,19840.0,19695.0,19820.0,nan,19765.0,3856,381069200.0,7462,19760.0,1,19750.0,24,nan,0,nan,0,nan,0,nan,0,nan,0,nan,0,nan,0,nan,0
1597988815438118912,1597988816000000000,2020-08-21 13:46:56.000000,19755.0,19840.0,19695.0,19820.0,nan,19765.0,3856,381069200.0,7462,19760.0,1,19750.0,14,nan,0,nan,0,nan,0,nan,0,nan,0,nan,0,nan,0,nan,0
1597988840943294976,1597988841420999936,2020-08-21 13:47:21.421000,19755.0,19840.0,19695.0,19820.0,nan,19765.0,3856,381069200.0,7462,19755.0,1,19750.0,14,nan,0,nan,0,nan,0,nan,0,nan,0,nan,0,nan,0,nan,0
1597988841448104960,1597988842000000000,2020-08-21 13:47:22.000000,19755.0,19840.0,19695.0,19820.0,nan,19765.0,3856,381069200.0,7462,19755.0,1,19750.0,4,nan,0,nan,0,nan,0,nan,0,nan,0,nan,0,nan,0,nan,0
1597988841943505920,1597988842420999936,2020-08-21 13:47:22.421000,19755.0,19840.0,19695.0,19820.0,nan,19765.0,3857,381168025.0,7462,19760.0,41,19750.0,4,nan,0,nan,0,nan,0,nan,0,nan,0,nan,0,nan,0,nan,0
1597988842457337088,1597988843000000000,2020-08-21 13:47:23.000000,19755.0,19840.0,19695.0,19820.0,nan,19765.0,3857,381168025.0,7462,19760.0,11,19750.0,4,nan,0,nan,0,nan,0,nan,0,nan,0,nan,0,nan,0,nan,0
1597988844947815936,1597988845432000000,2020-08-21 13:47:25.432000,19755.0,19840.0,19695.0,19820.0,nan,19765.0,3857,381168025.0,7462,19760.0,12,19750.0,4,nan,0,nan,0,nan,0,nan,0,nan,0,nan,0,nan,0,nan,0
1597988845477611008,1597988846000000000,2020-08-21 13:47:26.000000,19755.0,19840.0,19695.0,19820.0,nan,19765.0,3857,381168025.0,7462,19755.0,1,19750.0,4,nan,0,nan,0,nan,0,nan,0,nan,0,nan,0,nan,0,nan,0
1597988847445853952,1597988847933000192,2020-08-21 13:47:27.933000,19755.0,19840.0,19695.0,19820.0,nan,19765.0,3857,381168025.0,7462,19755.0,2,19750.0,4,nan,0,nan,0,nan,0,nan,0,nan,0,nan,0,nan,0,nan,0
1597988848465641984,1597988849000000000,2020-08-21 13:47:29.000000,19755.0,19840.0,19695.0,19820.0,nan,19765.0,3859,381365675.0,7463,19760.0,52,19750.0,4,nan,0,nan,0,nan,0,nan,0,nan,0,nan,0,nan,0,nan,0
1597988848947385088,1597988849424999936,2020-08-21 13:47:29.425000,19755.0,19840.0,19695.0,19820.0,nan,19765.0,3859,381365675.0,7463,19760.0,22,19750.0,4,nan,0,nan,0,nan,0,nan,0,nan,0,nan,0,nan,0,nan,0
1597988849465122048,1597988849935000064,2020-08-21 13:47:29.935000,19755.0,19840.0,19695.0,19820.0,nan,19765.0,3859,381365675.0,7463,19760.0,12,19750.0,4,nan,0,nan,0,nan,0,nan,0,nan,0,nan,0,nan,0,nan,0
1597988850448409088,1597988851000000000,2020-08-21 13:47:31.000000,19755.0,19840.0,19695.0,19820.0,nan,19765.0,3859,381365675.0,7463,19755.0,1,19750.0,4,nan,0,nan,0,nan,0,nan,0,nan,0,nan,0,nan,0,nan,0
1597988850954220032,1597988851436999936,2020-08-21 13:47:31.437000,19755.0,19840.0,19695.0,19820.0,nan,19765.0,3860,381464500.0,7464,19760.0,42,19750.0,4,nan,0,nan,0,nan,0,nan,0,nan,0,nan,0,nan,0,nan,0
1597988851477617920,1597988852000000000,2020-08-21 13:47:32.000000,19755.0,19840.0,19695.0,19820.0,nan,19765.0,3860,381464500.0,7464,19760.0,12,19750.0,4,nan,0,nan,0,nan,0,nan,0,nan,0,nan,0,nan,0,nan,0
1597988853945530880,1597988854436999936,2020-08-21 13:47:34.437000,19755.0,19840.0,19695.0,19820.0,nan,19765.0,3861,381563325.0,7464,19760.0,52,19750.0,4,nan,0,nan,0,nan,0,nan,0,nan,0,nan,0,nan,0,nan,0
1597988854462054912,1597988855000000000,2020-08-21 13:47:35.000000,19755.0,19840.0,19695.0,19820.0,nan,19765.0,3861,381563325.0,7464,19760.0,22,19750.0,4,nan,0,nan,0,nan,0,nan,0,nan,0,nan,0,nan,0,nan,0
1597988854949163008,1597988855423000064,2020-08-21 13:47:35.423000,19755.0,19840.0,19695.0,19820.0,nan,19765.0,3861,381563325.0,7464,19760.0,12,19755.0,1,nan,0,nan,0,nan,0,nan,0,nan,0,nan,0,nan,0,nan,0
1597988855466085120,1597988855928000000,2020-08-21 13:47:35.928000,19755.0,19840.0,19695.0,19820.0,nan,19765.0,3862,381662150.0,7464,19760.0,2,19750.0,54,nan,0,nan,0,nan,0,nan,0,nan,0,nan,0,nan,0,nan,0
1597988855947166976,1597988856434000128,2020-08-21 13:47:36.434000,19755.0,19840.0,19695.0,19820.0,nan,19765.0,3862,381662150.0,7464,19760.0,2,19750.0,24,nan,0,nan,0,nan,0,nan,0,nan,0,nan,0,nan,0,nan,0
1597988856449081088,1597988857000000000,2020-08-21 13:47:37.000000,19755.0,19840.0,19695.0,19820.0,nan,19765.0,3862,381662150.0,7464,19760.0,2,19750.0,14,nan,0,nan,0,nan,0,nan,0,nan,0,nan,0,nan,0,nan,0
1597988856954098944,1597988857437999872,2020-08-21 13:47:37.438000,19755.0,19840.0,19695.0,19820.0,nan,19765.0,3862,381662150.0,7464,19755.0,1,19750.0,14,nan,0,nan,0,nan,0,nan,0,nan,0,nan,0,nan,0,nan,0
1597988857459696128,1597988858000000000,2020-08-21 13:47:38.000000,19755.0,19840.0,19695.0,19820.0,nan,19765.0,3862,381662150.0,7464,19755.0,1,19750.0,4,nan,0,nan,0,nan,0,nan,0,nan,0,nan,0,nan,0,nan,0
1597988860460694016,1597988860936000000,2020-08-21 13:47:40.936000,19755.0,19840.0,19695.0,19820.0,nan,19765.0,3862,381662150.0,7464,19755.0,2,19750.0,8,nan,0,nan,0,nan,0,nan,0,nan,0,nan,0,nan,0,nan,0
1597988863471740928,1597988864000000000,2020-08-21 13:47:44.000000,19755.0,19840.0,19695.0,19820.0,nan,19765.0,3862,381662150.0,7464,19755.0,3,19750.0,8,nan,0,nan,0,nan,0,nan,0,nan,0,nan,0,nan,0,nan,0
1597988863951316992,1597988864435000064,2020-08-21 13:47:44.435000,19755.0,19840.0,19695.0,19820.0,nan,19765.0,3862,381662150.0,7464,19755.0,4,19750.0,8,nan,0,nan,0,nan,0,nan,0,nan,0,nan,0,nan,0,nan,0
1597988865466139904,1597988866000000000,2020-08-21 13:47:46.000000,19750.0,19840.0,19695.0,19820.0,nan,19765.0,3863,381760975.0,7464,19755.0,4,19750.0,7,nan,0,nan,0,nan,0,nan,0,nan,0,nan,0,nan,0,nan,0
1597988865946667008,1597988866394000128,2020-08-21 13:47:46.394000,19750.0,19840.0,19695.0,19820.0,nan,19765.0,3864,381859800.0,7465,19755.0,4,19750.0,6,nan,0,nan,0,nan,0,nan,0,nan,0,nan,0,nan,0,nan,0
1597988866472784896,1597988867000000000,2020-08-21 13:47:47.000000,19750.0,19840.0,19695.0,19820.0,nan,19765.0,3866,382057450.0,7465,19755.0,5,19750.0,4,nan,0,nan,0,nan,0,nan,0,nan,0,nan,0,nan,0,nan,0
1597988866955700992,1597988867433000192,2020-08-21 13:47:47.433000,19750.0,19840.0,19695.0,19820.0,nan,19765.0,3870,382452750.0,7464,19755.0,6,19745.0,88,nan,0,nan,0,nan,0,nan,0,nan,0,nan,0,nan,0,nan,0
1597988867485857024,1597988868000000000,2020-08-21 13:47:48.000000,19750.0,19840.0,19695.0,19820.0,nan,19765.0,3870,382452750.0,7464,19755.0,6,19745.0,58,nan,0,nan,0,nan,0,nan,0,nan,0,nan,0,nan,0,nan,0
1597988867956054016,1597988868431000064,2020-08-21 13:47:48.431000,19750.0,19840.0,19695.0,19820.0,nan,19765.0,3870,382452750.0,7464,19755.0,3,19745.0,48,nan,0,nan,0,nan,0,nan,0,nan,0,nan,0,nan,0,nan,0
1597988868457073920,1597988869000000000,2020-08-21 13:47:49.000000,19750.0,19840.0,19695.0,19820.0,nan,19765.0,3870,382452750.0,7464,19755.0,3,19745.0,18,nan,0,nan,0,nan,0,nan,0,nan,0,nan,0,nan,0,nan,0
1597988868955693056,1597988869434000128,2020-08-21 13:47:49.434000,19750.0,19840.0,19695.0,19820.0,nan,19765.0,3871,382551575.0,7464,19755.0,44,19745.0,18,nan,0,nan,0,nan,0,nan,0,nan,0,nan,0,nan,0,nan,0
1597988869481998080,1597988870000000000,2020-08-21 13:47:50.000000,19750.0,19840.0,19695.0,19820.0,nan,19765.0,3871,382551575.0,7464,19755.0,14,19745.0,8,nan,0,nan,0,nan,0,nan,0,nan,0,nan,0,nan,0,nan,0
1597988869957268992,1597988870423000064,2020-08-21 13:47:50.423000,19750.0,19840.0,19695.0,19820.0,nan,19765.0,3871,382551575.0,7464,19755.0,13,19745.0,8,nan,0,nan,0,nan,0,nan,0,nan,0,nan,0,nan,0,nan,0
1597988870951744000,1597988871428000000,2020-08-21 13:47:51.428000,19750.0,19840.0,19695.0,19820.0,nan,19765.0,3871,382551575.0,7464,19755.0,12,19745.0,8,nan,0,nan,0,nan,0,nan,0,nan,0,nan,0,nan,0,nan,0
1597988871451393024,1597988871936000000,2020-08-21 13:47:51.936000,19750.0,19840.0,19695.0,19820.0,nan,19765.0,3871,382551575.0,7464,19750.0,1,19745.0,8,nan,0,nan,0,nan,0,nan,0,nan,0,nan,0,nan,0,nan,0
1597988871963524096,1597988872427000064,2020-08-21 13:47:52.427000,19750.0,19840.0,19695.0,19820.0,nan,19765.0,3873,382749225.0,7464,19750.0,1,19745.0,8,nan,0,nan,0,nan,0,nan,0,nan,0,nan,0,nan,0,nan,0
1597988872474844928,1597988873000000000,2020-08-21 13:47:53.000000,19750.0,19840.0,19695.0,19820.0,nan,19765.0,3876,383045700.0,7464,19750.0,1,19745.0,8,nan,0,nan,0,nan,0,nan,0,nan,0,nan,0,nan,0,nan,0
1597988872959578880,1597988873420999936,2020-08-21 13:47:53.421000,19750.0,19840.0,19695.0,19820.0,nan,19765.0,3879,383342175.0,7464,19750.0,1,19745.0,7,nan,0,nan,0,nan,0,nan,0,nan,0,nan,0,nan,0,nan,0
1597988873478731008,1597988874000000000,2020-08-21 13:47:54.000000,19750.0,19840.0,19695.0,19820.0,nan,19765.0,3881,383539825.0,7466,19755.0,51,19745.0,7,nan,0,nan,0,nan,0,nan,0,nan,0,nan,0,nan,0,nan,0
1597988873957622016,1597988874388999936,2020-08-21 13:47:54.389000,19750.0,19840.0,19695.0,19820.0,nan,19765.0,3881,383539825.0,7466,19755.0,22,19745.0,7,nan,0,nan,0,nan,0,nan,0,nan,0,nan,0,nan,0,nan,0
1597988874481684992,1597988875000000000,2020-08-21 13:47:55.000000,19750.0,19840.0,19695.0,19820.0,nan,19765.0,3881,383539825.0,7466,19755.0,12,19745.0,7,nan,0,nan,0,nan,0,nan,0,nan,0,nan,0,nan,0,nan,0
1597988875484865024,1597988876000000000,2020-08-21 13:47:56.000000,19750.0,19840.0,19695.0,19820.0,nan,19765.0,3882,383638650.0,7467,19755.0,52,19745.0,7,nan,0,nan,0,nan,0,nan,0,nan,0,nan,0,nan,0,nan,0
1597988875959344896,1597988876437999872,2020-08-21 13:47:56.438000,19750.0,19840.0,19695.0,19820.0,nan,19765.0,3882,383638650.0,7467,19755.0,22,19745.0,7,nan,0,nan,0,nan,0,nan,0,nan,0,nan,0,nan,0,nan,0
1597988876461474048,1597988876916000000,2020-08-21 13:47:56.916000,19750.0,19840.0,19695.0,19820.0,nan,19765.0,3882,383638650.0,7467,19755.0,12,19745.0,7,nan,0,nan,0,nan,0,nan,0,nan,0,nan,0,nan,0,nan,0
1597988877455712000,1597988878000000000,2020-08-21 13:47:58.000000,19750.0,19840.0,19695.0,19820.0,nan,19765.0,3883,383737475.0,7467,19755.0,52,19745.0,7,nan,0,nan,0,nan,0,nan,0,nan,0,nan,0,nan,0,nan,0
1597988877970505984,1597988878412000000,2020-08-21 13:47:58.412000,19750.0,19840.0,19695.0,19820.0,nan,19765.0,3883,383737475.0,7467,19755.0,22,19745.0,7,nan,0,nan,0,nan,0,nan,0,nan,0,nan,0,nan,0,nan,0
1597988878468335104,1597988879000000000,2020-08-21 13:47:59.000000,19750.0,19840.0,19695.0,19820.0,nan,19765.0,3883,383737475.0,7467,19755.0,12,19745.0,7,nan,0,nan,0,nan,0,nan,0,nan,0,nan,0,nan,0,nan,0
1597988880466065920,1597988881000000000,2020-08-21 13:48:01.000000,19750.0,19840.0,19695.0,19820.0,nan,19765.0,3883,383737475.0,7467,19750.0,1,19745.0,7,nan,0,nan,0,nan,0,nan,0,nan,0,nan,0,nan,0,nan,0
1597988880962851072,1597988881436999936,2020-08-21 13:48:01.437000,19750.0,19840.0,19695.0,19820.0,nan,19765.0,3884,383836300.0,7467,19755.0,41,19745.0,7,nan,0,nan,0,nan,0,nan,0,nan,0,nan,0,nan,0,nan,0
1597988881513843968,1597988882000000000,2020-08-21 13:48:02.000000,19750.0,19840.0,19695.0,19820.0,nan,19765.0,3884,383836300.0,7467,19755.0,12,19745.0,7,nan,0,nan,0,nan,0,nan,0,nan,0,nan,0,nan,0,nan,0
1597988883456738048,1597988884000000000,2020-08-21 13:48:04.000000,19750.0,19840.0,19695.0,19820.0,nan,19765.0,3884,383836300.0,7467,19750.0,1,19745.0,7,nan,0,nan,0,nan,0,nan,0,nan,0,nan,0,nan,0,nan,0
1597988883959109120,1597988884430000128,2020-08-21 13:48:04.430000,19750.0,19840.0,19695.0,19820.0,nan,19765.0,3884,383836300.0,7467,19750.0,2,19745.0,7,nan,0,nan,0,nan,0,nan,0,nan,0,nan,0,nan,0,nan,0
1597988886468694016,1597988887000000000,2020-08-21 13:48:07.000000,19750.0,19840.0,19695.0,19820.0,nan,19765.0,3885,383935125.0,7468,19750.0,2,19745.0,6,nan,0,nan,0,nan,0,nan,0,nan,0,nan,0,nan,0,nan,0
1597988888966145024,1597988889430000128,2020-08-21 13:48:09.430000,19750.0,19840.0,19695.0,19820.0,nan,19765.0,3885,383935125.0,7468,19750.0,1,19745.0,6,nan,0,nan,0,nan,0,nan,0,nan,0,nan,0,nan,0,nan,0
1597988889464258048,1597988889938999808,2020-08-21 13:48:09.939000,19750.0,19840.0,19695.0,19820.0,nan,19765.0,3885,383935125.0,7468,19750.0,2,19745.0,6,nan,0,nan,0,nan,0,nan,0,nan,0,nan,0,nan,0,nan,0
1597988892466835968,1597988893000000000,2020-08-21 13:48:13.000000,19745.0,19840.0,19695.0,19820.0,nan,19765.0,3887,384132775.0,7468,19750.0,3,19745.0,4,nan,0,nan,0,nan,0,nan,0,nan,0,nan,0,nan,0,nan,0
1597988892967282944,1597988893430000128,2020-08-21 13:48:13.430000,19745.0,19840.0,19695.0,19820.0,nan,19765.0,3888,384231600.0,7467,19750.0,3,19745.0,3,nan,0,nan,0,nan,0,nan,0,nan,0,nan,0,nan,0,nan,0
1597988893481018880,1597988894000000000,2020-08-21 13:48:14.000000,19745.0,19840.0,19695.0,19820.0,nan,19765.0,3889,384330425.0,7466,19750.0,6,19745.0,1,nan,0,nan,0,nan,0,nan,0,nan,0,nan,0,nan,0,nan,0
1597988893964376064,1597988894424999936,2020-08-21 13:48:14.425000,19745.0,19840.0,19695.0,19820.0,nan,19765.0,3890,384429250.0,7466,19750.0,7,19740.0,81,nan,0,nan,0,nan,0,nan,0,nan,0,nan,0,nan,0,nan,0
1597988894492269056,1597988895000000000,2020-08-21 13:48:15.000000,19745.0,19840.0,19695.0,19820.0,nan,19765.0,3890,384429250.0,7466,19750.0,6,19740.0,61,nan,0,nan,0,nan,0,nan,0,nan,0,nan,0,nan,0,nan,0
1597988894974480896,1597988895428999936,2020-08-21 13:48:15.429000,19745.0,19840.0,19695.0,19820.0,nan,19765.0,3890,384429250.0,7466,19750.0,6,19740.0,41,nan,0,nan,0,nan,0,nan,0,nan,0,nan,0,nan,0,nan,0
1597988895473946880,1597988896000000000,2020-08-21 13:48:16.000000,19745.0,19840.0,19695.0,19820.0,nan,19765.0,3890,384429250.0,7466,19745.0,1,19740.0,11,nan,0,nan,0,nan,0,nan,0,nan,0,nan,0,nan,0,nan,0
1597988895970512896,1597988896434000128,2020-08-21 13:48:16.434000,19745.0,19840.0,19695.0,19820.0,nan,19765.0,3890,384429250.0,7466,19745.0,1,19740.0,1,nan,0,nan,0,nan,0,nan,0,nan,0,nan,0,nan,0,nan,0
1597988896488504064,1597988897000000000,2020-08-21 13:48:17.000000,19745.0,19840.0,19695.0,19820.0,nan,19765.0,3890,384429250.0,7466,19745.0,2,19740.0,1,nan,0,nan,0,nan,0,nan,0,nan,0,nan,0,nan,0,nan,0
1597988898958306048,1597988899426000128,2020-08-21 13:48:19.426000,19745.0,19840.0,19695.0,19820.0,nan,19765.0,3890,384429250.0,7466,19745.0,3,19740.0,2,nan,0,nan,0,nan,0,nan,0,nan,0,nan,0,nan,0,nan,0
1597988899488587008,1597988899923000064,2020-08-21 13:48:19.923000,19745.0,19840.0,19695.0,19820.0,nan,19765.0,3891,384528075.0,7467,19745.0,2,19740.0,1,nan,0,nan,0,nan,0,nan,0,nan,0,nan,0,nan,0,nan,0
1597988901465886976,1597988902000000000,2020-08-21 13:48:22.000000,19745.0,19840.0,19695.0,19820.0,nan,19765.0,3891,384528075.0,7467,19745.0,3,19740.0,1,nan,0,nan,0,nan,0,nan,0,nan,0,nan,0,nan,0,nan,0
1597988902965562880,1597988903438999808,2020-08-21 13:48:23.439000,19745.0,19840.0,19695.0,19820.0,nan,19765.0,3894,384824550.0,7467,19750.0,114,19740.0,1,nan,0,nan,0,nan,0,nan,0,nan,0,nan,0,nan,0,nan,0
1597988903494066944,1597988904000000000,2020-08-21 13:48:24.000000,19745.0,19840.0,19695.0,19820.0,nan,19765.0,3894,384824550.0,7467,19750.0,21,19740.0,2,nan,0,nan,0,nan,0,nan,0,nan,0,nan,0,nan,0,nan,0
1597988903963729920,1597988904427000064,2020-08-21 13:48:24.427000,19745.0,19840.0,19695.0,19820.0,nan,19765.0,3894,384824550.0,7467,19750.0,11,19740.0,2,nan,0,nan,0,nan,0,nan,0,nan,0,nan,0,nan,0,nan,0
1597988904475689984,1597988905000000000,2020-08-21 13:48:25.000000,19745.0,19840.0,19695.0,19820.0,nan,19765.0,3894,384824550.0,7467,19745.0,1,19740.0,2,nan,0,nan,0,nan,0,nan,0,nan,0,nan,0,nan,0,nan,0
1597988904970061056,1597988905433000192,2020-08-21 13:48:25.433000,19745.0,19840.0,19695.0,19820.0,nan,19765.0,3895,384923375.0,7468,19750.0,31,19740.0,2,nan,0,nan,0,nan,0,nan,0,nan,0,nan,0,nan,0,nan,0
1597988905491342080,1597988906000000000,2020-08-21 13:48:26.000000,19745.0,19840.0,19695.0,19820.0,nan,19765.0,3895,384923375.0,7468,19750.0,11,19740.0,2,nan,0,nan,0,nan,0,nan,0,nan,0,nan,0,nan,0,nan,0
1597988907468942080,1597988908000000000,2020-08-21 13:48:28.000000,19745.0,19840.0,19695.0,19820.0,nan,19765.0,3895,384923375.0,7468,19745.0,1,19740.0,2,nan,0,nan,0,nan,0,nan,0,nan,0,nan,0,nan,0,nan,0
1597988907972132096,1597988908438999808,2020-08-21 13:48:28.439000,19745.0,19840.0,19695.0,19820.0,nan,19765.0,3896,385022200.0,7469,19750.0,31,19740.0,2,nan,0,nan,0,nan,0,nan,0,nan,0,nan,0,nan,0,nan,0
1597988908471095040,1597988908931000064,2020-08-21 13:48:28.931000,19745.0,19840.0,19695.0,19820.0,nan,19765.0,3896,385022200.0,7469,19750.0,11,19740.0,2,nan,0,nan,0,nan,0,nan,0,nan,0,nan,0,nan,0,nan,0
1597988910475081984,1597988911000000000,2020-08-21 13:48:31.000000,19745.0,19840.0,19695.0,19820.0,nan,19765.0,3896,385022200.0,7469,19745.0,1,19740.0,2,nan,0,nan,0,nan,0,nan,0,nan,0,nan,0,nan,0,nan,0
1597988910975122944,1597988911436999936,2020-08-21 13:48:31.437000,19745.0,19840.0,19695.0,19820.0,nan,19765.0,3897,385121025.0,7469,19750.0,31,19740.0,2,nan,0,nan,0,nan,0,nan,0,nan,0,nan,0,nan,0,nan,0
1597988911492486912,1597988912000000000,2020-08-21 13:48:32.000000,19745.0,19840.0,19695.0,19820.0,nan,19765.0,3897,385121025.0,7469,19750.0,11,19740.0,2,nan,0,nan,0,nan,0,nan,0,nan,0,nan,0,nan,0,nan,0
1597988911969326080,1597988912438999808,2020-08-21 13:48:32.439000,19745.0,19840.0,19695.0,19820.0,nan,19765.0,3897,385121025.0,7469,19750.0,11,19745.0,1,nan,0,nan,0,nan,0,nan,0,nan,0,nan,0,nan,0,nan,0
1597988912467094016,1597988913000000000,2020-08-21 13:48:33.000000,19740.0,19840.0,19695.0,19820.0,nan,19765.0,3899,385318675.0,7471,19750.0,1,19740.0,51,nan,0,nan,0,nan,0,nan,0,nan,0,nan,0,nan,0,nan,0
1597988912978150912,1597988913435000064,2020-08-21 13:48:33.435000,19740.0,19840.0,19695.0,19820.0,nan,19765.0,3900,385417500.0,7470,19750.0,1,19740.0,10,nan,0,nan,0,nan,0,nan,0,nan,0,nan,0,nan,0,nan,0
1597988913486853120,1597988914000000000,2020-08-21 13:48:34.000000,19740.0,19840.0,19695.0,19820.0,nan,19765.0,3900,385417500.0,7470,19740.0,1,19735.0,113,nan,0,nan,0,nan,0,nan,0,nan,0,nan,0,nan,0,nan,0
1597988913982818048,1597988914437999872,2020-08-21 13:48:34.438000,19740.0,19840.0,19695.0,19820.0,nan,19765.0,3901,385516325.0,7471,19745.0,21,19735.0,13,nan,0,nan,0,nan,0,nan,0,nan,0,nan,0,nan,0,nan,0
1597988914493662976,1597988915000000000,2020-08-21 13:48:35.000000,19745.0,19840.0,19695.0,19820.0,nan,19765.0,3902,385615150.0,7470,19745.0,10,19735.0,13,nan,0,nan,0,nan,0,nan,0,nan,0,nan,0,nan,0,nan,0
1597988914984744960,1597988915433000192,2020-08-21 13:48:35.433000,19745.0,19840.0,19695.0,19820.0,nan,19765.0,3902,385615150.0,7470,19750.0,80,19735.0,13,nan,0,nan,0,nan,0,nan,0,nan,0,nan,0,nan,0,nan,0
1597988915502252032,1597988916000000000,2020-08-21 13:48:36.000000,19745.0,19840.0,19695.0,19820.0,nan,19765.0,3902,385615150.0,7470,19750.0,80,19735.0,23,nan,0,nan,0,nan,0,nan,0,nan,0,nan,0,nan,0,nan,0
1597988915974844928,1597988916430000128,2020-08-21 13:48:36.430000,19745.0,19840.0,19695.0,19820.0,nan,19765.0,3902,385615150.0,7470,19745.0,1,19735.0,33,nan,0,nan,0,nan,0,nan,0,nan,0,nan,0,nan,0,nan,0
1597988916473562112,1597988917000000000,2020-08-21 13:48:37.000000,19745.0,19840.0,19695.0,19820.0,nan,19765.0,3902,385615150.0,7470,19745.0,2,19735.0,23,nan,0,nan,0,nan,0,nan,0,nan,0,nan,0,nan,0,nan,0
1597988917492123904,1597988917928999936,2020-08-21 13:48:37.929000,19745.0,19840.0,19695.0,19820.0,nan,19765.0,3902,385615150.0,7470,19745.0,2,19735.0,13,nan,0,nan,0,nan,0,nan,0,nan,0,nan,0,nan,0,nan,0
1597988919974918912,1597988920430000128,2020-08-21 13:48:40.430000,19745.0,19840.0,19695.0,19820.0,nan,19765.0,3902,385615150.0,7470,19745.0,8,19735.0,13,nan,0,nan,0,nan,0,nan,0,nan,0,nan,0,nan,0,nan,0
1597988922970251008,1597988923412000000,2020-08-21 13:48:43.412000,19745.0,19840.0,19695.0,19820.0,nan,19765.0,3902,385615150.0,7470,19745.0,9,19735.0,13,nan,0,nan,0,nan,0,nan,0,nan,0,nan,0,nan,0,nan,0
1597988925979542016,1597988926435000064,2020-08-21 13:48:46.435000,19745.0,19840.0,19695.0,19820.0,nan,19765.0,3902,385615150.0,7470,19745.0,10,19735.0,13,nan,0,nan,0,nan,0,nan,0,nan,0,nan,0,nan,0,nan,0
1597988927979642880,1597988928438999808,2020-08-21 13:48:48.439000,19740.0,19840.0,19695.0,19820.0,nan,19765.0,3903,385713975.0,7470,19745.0,10,19735.0,53,nan,0,nan,0,nan,0,nan,0,nan,0,nan,0,nan,0,nan,0
1597988928976615936,1597988929417999872,2020-08-21 13:48:49.418000,19740.0,19840.0,19695.0,19820.0,nan,19765.0,3903,385713975.0,7470,19740.0,1,19735.0,23,nan,0,nan,0,nan,0,nan,0,nan,0,nan,0,nan,0,nan,0
1597988929494987008,1597988930000000000,2020-08-21 13:48:50.000000,19740.0,19840.0,19695.0,19820.0,nan,19765.0,3904,385812800.0,7471,19745.0,69,19735.0,2,nan,0,nan,0,nan,0,nan,0,nan,0,nan,0,nan,0,nan,0
1597988929976346112,1597988930400999936,2020-08-21 13:48:50.401000,19740.0,19840.0,19695.0,19820.0,nan,19765.0,3904,385812800.0,7471,19745.0,40,19735.0,3,nan,0,nan,0,nan,0,nan,0,nan,0,nan,0,nan,0,nan,0
1597988930509526016,1597988931000000000,2020-08-21 13:48:51.000000,19740.0,19840.0,19695.0,19820.0,nan,19765.0,3904,385812800.0,7471,19745.0,20,19735.0,3,nan,0,nan,0,nan,0,nan,0,nan,0,nan,0,nan,0,nan,0
1597988930978010880,1597988931434000128,2020-08-21 13:48:51.434000,19740.0,19840.0,19695.0,19820.0,nan,19765.0,3904,385812800.0,7471,19745.0,19,19735.0,3,nan,0,nan,0,nan,0,nan,0,nan,0,nan,0,nan,0,nan,0
1597988931977818112,1597988932421999872,2020-08-21 13:48:52.422000,19740.0,19840.0,19695.0,19820.0,nan,19765.0,3904,385812800.0,7471,19745.0,18,19735.0,3,nan,0,nan,0,nan,0,nan,0,nan,0,nan,0,nan,0,nan,0
1597988932980424960,1597988933414000128,2020-08-21 13:48:53.414000,19740.0,19840.0,19695.0,19820.0,nan,19765.0,3905,385911625.0,7472,19745.0,17,19735.0,3,nan,0,nan,0,nan,0,nan,0,nan,0,nan,0,nan,0,nan,0
1597988934010498048,1597988934428999936,2020-08-21 13:48:54.429000,19740.0,19840.0,19695.0,19820.0,nan,19765.0,3905,385911625.0,7472,19745.0,21,19735.0,3,nan,0,nan,0,nan,0,nan,0,nan,0,nan,0,nan,0,nan,0
1597988934988943104,1597988935436999936,2020-08-21 13:48:55.437000,19735.0,19840.0,19695.0,19820.0,nan,19765.0,3912,386603400.0,7478,19740.0,31,19730.0,76,nan,0,nan,0,nan,0,nan,0,nan,0,nan,0,nan,0,nan,0
1597988935505959936,1597988936000000000,2020-08-21 13:48:56.000000,19735.0,19840.0,19695.0,19820.0,nan,19765.0,3912,386603400.0,7478,19740.0,1,19730.0,76,nan,0,nan,0,nan,0,nan,0,nan,0,nan,0,nan,0,nan,0
1597988936485415936,1597988936908000000,2020-08-21 13:48:56.908000,19735.0,19840.0,19695.0,19820.0,nan,19765.0,3912,386603400.0,7478,19740.0,2,19730.0,76,nan,0,nan,0,nan,0,nan,0,nan,0,nan,0,nan,0,nan,0
1597988937980530944,1597988938432000000,2020-08-21 13:48:58.432000,19735.0,19840.0,19695.0,19820.0,nan,19765.0,3912,386603400.0,7478,19735.0,1,19730.0,36,nan,0,nan,0,nan,0,nan,0,nan,0,nan,0,nan,0,nan,0
1597988938495567872,1597988939000000000,2020-08-21 13:48:59.000000,19735.0,19840.0,19695.0,19820.0,nan,19765.0,3912,386603400.0,7478,19735.0,1,19730.0,6,nan,0,nan,0,nan,0,nan,0,nan,0,nan,0,nan,0,nan,0
1597988938975298048,1597988939436000000,2020-08-21 13:48:59.436000,19735.0,19840.0,19695.0,19820.0,nan,19765.0,3912,386603400.0,7478,19735.0,14,19730.0,6,nan,0,nan,0,nan,0,nan,0,nan,0,nan,0,nan,0,nan,0
1597988939982640896,1597988940435000064,2020-08-21 13:49:00.435000,19735.0,19840.0,19695.0,19820.0,nan,19765.0,3913,386702225.0,7479,19735.0,13,19730.0,5,nan,0,nan,0,nan,0,nan,0,nan,0,nan,0,nan,0,nan,0
1597988940982885120,1597988941436999936,2020-08-21 13:49:01.437000,19735.0,19840.0,19695.0,19820.0,nan,19765.0,3913,386702225.0,7479,19735.0,14,19730.0,5,nan,0,nan,0,nan,0,nan,0,nan,0,nan,0,nan,0,nan,0
1597988943986904064,1597988944421999872,2020-08-21 13:49:04.422000,19735.0,19840.0,19695.0,19820.0,nan,19765.0,3913,386702225.0,7479,19735.0,15,19730.0,5,nan,0,nan,0,nan,0,nan,0,nan,0,nan,0,nan,0,nan,0
1597988946987955968,1597988947418999808,2020-08-21 13:49:07.419000,19735.0,19840.0,19695.0,19820.0,nan,19765.0,3913,386702225.0,7479,19735.0,16,19730.0,5,nan,0,nan,0,nan,0,nan,0,nan,0,nan,0,nan,0,nan,0
1597988949985517056,1597988950432000000,2020-08-21 13:49:10.432000,19735.0,19840.0,19695.0,19820.0,nan,19765.0,3913,386702225.0,7479,19735.0,17,19730.0,5,nan,0,nan,0,nan,0,nan,0,nan,0,nan,0,nan,0,nan,0
1597988950520199936,1597988951000000000,2020-08-21 13:49:11.000000,19735.0,19840.0,19695.0,19820.0,nan,19765.0,3913,386702225.0,7479,19735.0,18,19730.0,5,nan,0,nan,0,nan,0,nan,0,nan,0,nan,0,nan,0,nan,0
1597988953488660992,1597988954000000000,2020-08-21 13:49:14.000000,19735.0,19840.0,19695.0,19820.0,nan,19765.0,3913,386702225.0,7479,19735.0,19,19730.0,5,nan,0,nan,0,nan,0,nan,0,nan,0,nan,0,nan,0,nan,0
1597988955528310016,1597988956000000000,2020-08-21 13:49:16.000000,19735.0,19840.0,19695.0,19820.0,nan,19765.0,3913,386702225.0,7479,19735.0,19,19730.0,6,nan,0,nan,0,nan,0,nan,0,nan,0,nan,0,nan,0,nan,0
1597988955991040000,1597988956401999872,2020-08-21 13:49:16.402000,19735.0,19840.0,19695.0,19820.0,nan,19765.0,3913,386702225.0,7479,19735.0,20,19730.0,6,nan,0,nan,0,nan,0,nan,0,nan,0,nan,0,nan,0,nan,0
1597988957991791104,1597988958405999872,2020-08-21 13:49:18.406000,19735.0,19840.0,19695.0,19820.0,nan,19765.0,3914,386801050.0,7480,19735.0,19,19730.0,6,nan,0,nan,0,nan,0,nan,0,nan,0,nan,0,nan,0,nan,0
1597988958989989888,1597988959420999936,2020-08-21 13:49:19.421000,19735.0,19840.0,19695.0,19820.0,nan,19765.0,3914,386801050.0,7480,19735.0,20,19730.0,6,nan,0,nan,0,nan,0,nan,0,nan,0,nan,0,nan,0,nan,0
1597988960512534016,1597988961000000000,2020-08-21 13:49:21.000000,19735.0,19840.0,19695.0,19820.0,nan,19765.0,3915,386899875.0,7480,19735.0,19,19730.0,6,nan,0,nan,0,nan,0,nan,0,nan,0,nan,0,nan,0,nan,0
1597988961994158080,1597988962438999808,2020-08-21 13:49:22.439000,19735.0,19840.0,19695.0,19820.0,nan,19765.0,3915,386899875.0,7480,19735.0,20,19730.0,6,nan,0,nan,0,nan,0,nan,0,nan,0,nan,0,nan,0,nan,0
1597988965498877952,1597988966000000000,2020-08-21 13:49:26.000000,19735.0,19840.0,19695.0,19820.0,nan,19765.0,3915,386899875.0,7480,19735.0,21,19730.0,6,nan,0,nan,0,nan,0,nan,0,nan,0,nan,0,nan,0,nan,0
1597988965993190912,1597988966424999936,2020-08-21 13:49:26.425000,19730.0,19840.0,19695.0,19820.0,nan,19765.0,3918,387196350.0,7480,19735.0,21,19730.0,2,nan,0,nan,0,nan,0,nan,0,nan,0,nan,0,nan,0,nan,0
1597988966495104000,1597988967000000000,2020-08-21 13:49:27.000000,19730.0,19840.0,19695.0,19820.0,nan,19765.0,3920,387394000.0,7481,19735.0,21,19725.0,82,nan,0,nan,0,nan,0,nan,0,nan,0,nan,0,nan,0,nan,0
1597988966993129984,1597988967438999808,2020-08-21 13:49:27.439000,19730.0,19840.0,19695.0,19820.0,nan,19765.0,3920,387394000.0,7481,19735.0,20,19725.0,52,nan,0,nan,0,nan,0,nan,0,nan,0,nan,0,nan,0,nan,0
1597988967488185088,1597988968000000000,2020-08-21 13:49:28.000000,19730.0,19840.0,19695.0,19820.0,nan,19765.0,3920,387394000.0,7481,19735.0,19,19725.0,32,nan,0,nan,0,nan,0,nan,0,nan,0,nan,0,nan,0,nan,0
1597988967991572992,1597988968401999872,2020-08-21 13:49:28.402000,19730.0,19840.0,19695.0,19820.0,nan,19765.0,3920,387394000.0,7481,19735.0,19,19725.0,12,nan,0,nan,0,nan,0,nan,0,nan,0,nan,0,nan,0,nan,0
1597988968507056896,1597988969000000000,2020-08-21 13:49:29.000000,19730.0,19840.0,19695.0,19820.0,nan,19765.0,3920,387394000.0,7481,19730.0,1,19725.0,2,nan,0,nan,0,nan,0,nan,0,nan,0,nan,0,nan,0,nan,0
1597988971504069120,1597988972000000000,2020-08-21 13:49:32.000000,19730.0,19840.0,19695.0,19820.0,nan,19765.0,3921,387492825.0,7482,19730.0,1,19725.0,2,nan,0,nan,0,nan,0,nan,0,nan,0,nan,0,nan,0,nan,0
1597988972528890112,1597988973000000000,2020-08-21 13:49:33.000000,19730.0,19840.0,19695.0,19820.0,nan,19765.0,3921,387492825.0,7482,19730.0,1,19725.0,3,nan,0,nan,0,nan,0,nan,0,nan,0,nan,0,nan,0,nan,0
1597988972993227008,1597988973437999872,2020-08-21 13:49:33.438000,19730.0,19840.0,19695.0,19820.0,nan,19765.0,3922,387591650.0,7483,19735.0,61,19725.0,2,nan,0,nan,0,nan,0,nan,0,nan,0,nan,0,nan,0,nan,0
1597988973489737984,1597988974000000000,2020-08-21 13:49:34.000000,19730.0,19840.0,19695.0,19820.0,nan,19765.0,3922,387591650.0,7483,19735.0,62,19725.0,2,nan,0,nan,0,nan,0,nan,0,nan,0,nan,0,nan,0,nan,0
1597988974505735936,1597988975000000000,2020-08-21 13:49:35.000000,19730.0,19840.0,19695.0,19820.0,nan,19765.0,3922,387591650.0,7483,19730.0,1,19725.0,2,nan,0,nan,0,nan,0,nan,0,nan,0,nan,0,nan,0,nan,0
1597988976996395008,1597988977435000064,2020-08-21 13:49:37.435000,19730.0,19840.0,19695.0,19820.0,nan,19765.0,3922,387591650.0,7483,19730.0,1,19725.0,3,nan,0,nan,0,nan,0,nan,0,nan,0,nan,0,nan,0,nan,0
1597988977498324992,1597988978000000000,2020-08-21 13:49:38.000000,19730.0,19840.0,19695.0,19820.0,nan,19765.0,3922,387591650.0,7483,19730.0,2,19725.0,3,nan,0,nan,0,nan,0,nan,0,nan,0,nan,0,nan,0,nan,0
1597988980501990912,1597988981000000000,2020-08-21 13:49:41.000000,19730.0,19840.0,19695.0,19820.0,nan,19765.0,3922,387591650.0,7483,19730.0,3,19725.0,3,nan,0,nan,0,nan,0,nan,0,nan,0,nan,0,nan,0,nan,0
1597988983529280000,1597988984000000000,2020-08-21 13:49:44.000000,19730.0,19840.0,19695.0,19820.0,nan,19765.0,3925,387888125.0,7486,19730.0,1,19725.0,3,nan,0,nan,0,nan,0,nan,0,nan,0,nan,0,nan,0,nan,0
1597988986507566080,1597988987000000000,2020-08-21 13:49:47.000000,19730.0,19840.0,19695.0,19820.0,nan,19765.0,3925,387888125.0,7486,19730.0,2,19725.0,3,nan,0,nan,0,nan,0,nan,0,nan,0,nan,0,nan,0,nan,0
1597988989527096064,1597988990000000000,2020-08-21 13:49:50.000000,19730.0,19840.0,19695.0,19820.0,nan,19765.0,3928,388184600.0,7486,19735.0,61,19725.0,3,nan,0,nan,0,nan,0,nan,0,nan,0,nan,0,nan,0,nan,0
1597988992500433920,1597988993000000000,2020-08-21 13:49:53.000000,19730.0,19840.0,19695.0,19820.0,nan,19765.0,3928,388184600.0,7486,19730.0,1,19725.0,3,nan,0,nan,0,nan,0,nan,0,nan,0,nan,0,nan,0,nan,0
1597988995506586112,1597988996000000000,2020-08-21 13:49:56.000000,19730.0,19840.0,19695.0,19820.0,nan,19765.0,3928,388184600.0,7486,19730.0,2,19725.0,3,nan,0,nan,0,nan,0,nan,0,nan,0,nan,0,nan,0,nan,0
1597988998503066880,1597988999000000000,2020-08-21 13:49:59.000000,19725.0,19840.0,19695.0,19820.0,nan,19765.0,3929,388283425.0,7486,19730.0,3,19725.0,2,nan,0,nan,0,nan,0,nan,0,nan,0,nan,0,nan,0,nan,0
1597988999011537920,1597988999432000000,2020-08-21 13:49:59.432000,19725.0,19840.0,19695.0,19820.0,nan,19765.0,3929,388283425.0,7486,19730.0,3,19725.0,2,nan,0,nan,0,nan,0,nan,0,nan,0,nan,0,nan,0,nan,0
1597989000006220032,1597989000426000128,2020-08-21 13:50:00.426000,19725.0,19840.0,19695.0,19820.0,nan,19765.0,3929,388283425.0,7486,19730.0,3,19725.0,3,nan,0,nan,0,nan,0,nan,0,nan,0,nan,0,nan,0,nan,0
1597989000507004928,1597989001000000000,2020-08-21 13:50:01.000000,19725.0,19840.0,19695.0,19820.0,nan,19765.0,3929,388283425.0,7486,19730.0,2,19725.0,3,nan,0,nan,0,nan,0,nan,0,nan,0,nan,0,nan,0,nan,0
1597989001537765888,1597989002000000000,2020-08-21 13:50:02.000000,19725.0,19840.0,19695.0,19820.0,nan,19765.0,3930,388382250.0,7487,19730.0,2,19725.0,3,nan,0,nan,0,nan,0,nan,0,nan,0,nan,0,nan,0,nan,0
1597989002010456064,1597989002438999808,2020-08-21 13:50:02.439000,19725.0,19840.0,19695.0,19820.0,nan,19765.0,3930,388382250.0,7487,19730.0,5,19725.0,3,nan,0,nan,0,nan,0,nan,0,nan,0,nan,0,nan,0,nan,0
1597989002518774016,1597989003000000000,2020-08-21 13:50:03.000000,19725.0,19840.0,19695.0,19820.0,nan,19765.0,3930,388382250.0,7487,19730.0,4,19725.0,3,nan,0,nan,0,nan,0,nan,0,nan,0,nan,0,nan,0,nan,0
1597989003539824896,1597989004000000000,2020-08-21 13:50:04.000000,19725.0,19840.0,19695.0,19820.0,nan,19765.0,3930,388382250.0,7487,19730.0,3,19725.0,3,nan,0,nan,0,nan,0,nan,0,nan,0,nan,0,nan,0,nan,0
1597989004518236928,1597989004916999936,2020-08-21 13:50:04.917000,19725.0,19840.0,19695.0,19820.0,nan,19765.0,3931,388481075.0,7488,19730.0,3,19725.0,2,nan,0,nan,0,nan,0,nan,0,nan,0,nan,0,nan,0,nan,0
1597989007519727104,1597989008000000000,2020-08-21 13:50:08.000000,19725.0,19840.0,19695.0,19820.0,nan,19765.0,3932,388579900.0,7488,19730.0,3,19725.0,1,nan,0,nan,0,nan,0,nan,0,nan,0,nan,0,nan,0,nan,0
1597989010519260928,1597989011000000000,2020-08-21 13:50:11.000000,19725.0,19840.0,19695.0,19820.0,nan,19765.0,3933,388678725.0,7489,19730.0,3,19720.0,81,nan,0,nan,0,nan,0,nan,0,nan,0,nan,0,nan,0,nan,0
1597989011004488960,1597989011434000128,2020-08-21 13:50:11.434000,19725.0,19840.0,19695.0,19820.0,nan,19765.0,3933,388678725.0,7489,19730.0,3,19720.0,81,nan,0,nan,0,nan,0,nan,0,nan,0,nan,0,nan,0,nan,0
1597989013511187968,1597989014000000000,2020-08-21 13:50:14.000000,19725.0,19840.0,19695.0,19820.0,nan,19765.0,3933,388678725.0,7489,19725.0,1,19720.0,81,nan,0,nan,0,nan,0,nan,0,nan,0,nan,0,nan,0,nan,0
1597989014021666048,1597989014437999872,2020-08-21 13:50:14.438000,19725.0,19840.0,19695.0,19820.0,nan,19765.0,3933,388678725.0,7489,19725.0,1,19720.0,11,nan,0,nan,0,nan,0,nan,0,nan,0,nan,0,nan,0,nan,0
1597989014527137024,1597989015000000000,2020-08-21 13:50:15.000000,19725.0,19840.0,19695.0,19820.0,nan,19765.0,3933,388678725.0,7489,19725.0,1,19720.0,1,nan,0,nan,0,nan,0,nan,0,nan,0,nan,0,nan,0,nan,0
1597989016515574016,1597989017000000000,2020-08-21 13:50:17.000000,19725.0,19840.0,19695.0,19820.0,nan,19765.0,3933,388678725.0,7489,19725.0,2,19720.0,1,nan,0,nan,0,nan,0,nan,0,nan,0,nan,0,nan,0,nan,0
1597989019552546048,1597989020000000000,2020-08-21 13:50:20.000000,19725.0,19840.0,19695.0,19820.0,nan,19765.0,3933,388678725.0,7489,19725.0,3,19720.0,1,nan,0,nan,0,nan,0,nan,0,nan,0,nan,0,nan,0,nan,0
1597989022514234880,1597989023000000000,2020-08-21 13:50:23.000000,19725.0,19840.0,19695.0,19820.0,nan,19765.0,3933,388678725.0,7489,19725.0,4,19720.0,1,nan,0,nan,0,nan,0,nan,0,nan,0,nan,0,nan,0,nan,0
1597989025512854016,1597989026000000000,2020-08-21 13:50:26.000000,19725.0,19840.0,19695.0,19820.0,nan,19765.0,3933,388678725.0,7489,19725.0,5,19720.0,1,nan,0,nan,0,nan,0,nan,0,nan,0,nan,0,nan,0,nan,0
1597989026536295936,1597989027000000000,2020-08-21 13:50:27.000000,19720.0,19840.0,19695.0,19820.0,nan,19765.0,3934,388777550.0,7489,19725.0,5,19720.0,1,nan,0,nan,0,nan,0,nan,0,nan,0,nan,0,nan,0,nan,0
1597989027009740032,1597989027426000128,2020-08-21 13:50:27.426000,19720.0,19840.0,19695.0,19820.0,nan,19765.0,3935,388876375.0,7490,19725.0,5,19715.0,83,nan,0,nan,0,nan,0,nan,0,nan,0,nan,0,nan,0,nan,0
1597989027511620096,1597989028000000000,2020-08-21 13:50:28.000000,19720.0,19840.0,19695.0,19820.0,nan,19765.0,3935,388876375.0,7490,19725.0,4,19715.0,83,nan,0,nan,0,nan,0,nan,0,nan,0,nan,0,nan,0,nan,0
1597989028515832064,1597989029000000000,2020-08-21 13:50:29.000000,19720.0,19840.0,19695.0,19820.0,nan,19765.0,3935,388876375.0,7490,19720.0,1,19715.0,83,nan,0,nan,0,nan,0,nan,0,nan,0,nan,0,nan,0,nan,0
1597989029013396992,1597989029424000000,2020-08-21 13:50:29.424000,19720.0,19840.0,19695.0,19820.0,nan,19765.0,3935,388876375.0,7490,19720.0,1,19715.0,13,nan,0,nan,0,nan,0,nan,0,nan,0,nan,0,nan,0,nan,0
1597989029561161984,1597989030000000000,2020-08-21 13:50:30.000000,19720.0,19840.0,19695.0,19820.0,nan,19765.0,3935,388876375.0,7490,19720.0,1,19715.0,3,nan,0,nan,0,nan,0,nan,0,nan,0,nan,0,nan,0,nan,0
1597989031516001024,1597989032000000000,2020-08-21 13:50:32.000000,19720.0,19840.0,19695.0,19820.0,nan,19765.0,3935,388876375.0,7490,19720.0,2,19715.0,3,nan,0,nan,0,nan,0,nan,0,nan,0,nan,0,nan,0,nan,0
1597989034549495040,1597989035000000000,2020-08-21 13:50:35.000000,19720.0,19840.0,19695.0,19820.0,nan,19765.0,3935,388876375.0,7490,19720.0,3,19715.0,3,nan,0,nan,0,nan,0,nan,0,nan,0,nan,0,nan,0,nan,0
1597989036546543104,1597989037000000000,2020-08-21 13:50:37.000000,19720.0,19840.0,19695.0,19820.0,nan,19765.0,3936,388975200.0,7491,19720.0,2,19715.0,3,nan,0,nan,0,nan,0,nan,0,nan,0,nan,0,nan,0,nan,0
1597989037020659968,1597989037432000000,2020-08-21 13:50:37.432000,19720.0,19840.0,19695.0,19820.0,nan,19765.0,3938,389172850.0,7492,19725.0,60,19715.0,3,nan,0,nan,0,nan,0,nan,0,nan,0,nan,0,nan,0,nan,0
1597989037520028928,1597989038000000000,2020-08-21 13:50:38.000000,19720.0,19840.0,19695.0,19820.0,nan,19765.0,3938,389172850.0,7492,19720.0,1,19715.0,3,nan,0,nan,0,nan,0,nan,0,nan,0,nan,0,nan,0,nan,0
1597989039557730048,1597989040000000000,2020-08-21 13:50:40.000000,19720.0,19840.0,19695.0,19820.0,nan,19765.0,3939,389271675.0,7493,19725.0,50,19715.0,3,nan,0,nan,0,nan,0,nan,0,nan,0,nan,0,nan,0,nan,0
1597989040022013952,1597989040432000000,2020-08-21 13:50:40.432000,19720.0,19840.0,19695.0,19820.0,nan,19765.0,3939,389271675.0,7493,19725.0,35,19715.0,3,nan,0,nan,0,nan,0,nan,0,nan,0,nan,0,nan,0,nan,0
1597989040526963968,1597989041000000000,2020-08-21 13:50:41.000000,19720.0,19840.0,19695.0,19820.0,nan,19765.0,3939,389271675.0,7493,19720.0,1,19715.0,3,nan,0,nan,0,nan,0,nan,0,nan,0,nan,0,nan,0,nan,0
1597989043545413120,1597989044000000000,2020-08-21 13:50:44.000000,19720.0,19840.0,19695.0,19820.0,nan,19765.0,3939,389271675.0,7493,19720.0,2,19715.0,3,nan,0,nan,0,nan,0,nan,0,nan,0,nan,0,nan,0,nan,0
1597989044020730112,1597989044416999936,2020-08-21 13:50:44.417000,19720.0,19840.0,19695.0,19820.0,nan,19765.0,3941,389469325.0,7495,19725.0,65,19715.0,3,nan,0,nan,0,nan,0,nan,0,nan,0,nan,0,nan,0,nan,0
1597989044543166976,1597989045000000000,2020-08-21 13:50:45.000000,19720.0,19840.0,19695.0,19820.0,nan,19765.0,3941,389469325.0,7495,19725.0,45,19715.0,3,nan,0,nan,0,nan,0,nan,0,nan,0,nan,0,nan,0,nan,0
1597989045022291968,1597989045427000064,2020-08-21 13:50:45.427000,19720.0,19840.0,19695.0,19820.0,nan,19765.0,3941,389469325.0,7495,19725.0,25,19715.0,3,nan,0,nan,0,nan,0,nan,0,nan,0,nan,0,nan,0,nan,0
1597989045517027072,1597989045936999936,2020-08-21 13:50:45.937000,19720.0,19840.0,19695.0,19820.0,nan,19765.0,3941,389469325.0,7495,19725.0,15,19715.0,3,nan,0,nan,0,nan,0,nan,0,nan,0,nan,0,nan,0,nan,0
1597989046522374912,1597989047000000000,2020-08-21 13:50:47.000000,19720.0,19840.0,19695.0,19820.0,nan,19765.0,3941,389469325.0,7495,19720.0,1,19715.0,3,nan,0,nan,0,nan,0,nan,0,nan,0,nan,0,nan,0,nan,0
1597989049553016064,1597989050000000000,2020-08-21 13:50:50.000000,19720.0,19840.0,19695.0,19820.0,nan,19765.0,3941,389469325.0,7495,19720.0,2,19715.0,3,nan,0,nan,0,nan,0,nan,0,nan,0,nan,0,nan,0,nan,0
1597989054024048128,1597989054430000128,2020-08-21 13:50:54.430000,19720.0,19840.0,19695.0,19820.0,nan,19765.0,3941,389469325.0,7495,19720.0,7,19715.0,3,nan,0,nan,0,nan,0,nan,0,nan,0,nan,0,nan,0,nan,0
1597989062535955968,1597989063000000000,2020-08-21 13:51:03.000000,19715.0,19840.0,19695.0,19820.0,nan,19765.0,3945,389864625.0,7492,19720.0,7,19710.0,82,nan,0,nan,0,nan,0,nan,0,nan,0,nan,0,nan,0,nan,0
1597989063032411904,1597989063434000128,2020-08-21 13:51:03.434000,19715.0,19840.0,19695.0,19820.0,nan,19765.0,3945,389864625.0,7492,19720.0,7,19710.0,32,nan,0,nan,0,nan,0,nan,0,nan,0,nan,0,nan,0,nan,0
1597989063562180096,1597989064000000000,2020-08-21 13:51:04.000000,19715.0,19840.0,19695.0,19820.0,nan,19765.0,3945,389864625.0,7492,19720.0,7,19710.0,12,nan,0,nan,0,nan,0,nan,0,nan,0,nan,0,nan,0,nan,0
1597989065049715968,1597989065416999936,2020-08-21 13:51:05.417000,19715.0,19840.0,19695.0,19820.0,nan,19765.0,3945,389864625.0,7492,19720.0,6,19710.0,12,nan,0,nan,0,nan,0,nan,0,nan,0,nan,0,nan,0,nan,0
1597989066035503104,1597989066435000064,2020-08-21 13:51:06.435000,19715.0,19840.0,19695.0,19820.0,nan,19765.0,3945,389864625.0,7492,19720.0,7,19710.0,12,nan,0,nan,0,nan,0,nan,0,nan,0,nan,0,nan,0,nan,0
1597989066563239936,1597989067000000000,2020-08-21 13:51:07.000000,19715.0,19840.0,19695.0,19820.0,nan,19765.0,3945,389864625.0,7492,19720.0,8,19710.0,12,nan,0,nan,0,nan,0,nan,0,nan,0,nan,0,nan,0,nan,0
1597989067039514880,1597989067421999872,2020-08-21 13:51:07.422000,19715.0,19840.0,19695.0,19820.0,nan,19765.0,3945,389864625.0,7492,19720.0,7,19710.0,12,nan,0,nan,0,nan,0,nan,0,nan,0,nan,0,nan,0,nan,0
1597989068045468928,1597989068431000064,2020-08-21 13:51:08.431000,19715.0,19840.0,19695.0,19820.0,nan,19765.0,3945,389864625.0,7492,19715.0,2,19710.0,12,nan,0,nan,0,nan,0,nan,0,nan,0,nan,0,nan,0,nan,0
1597989068533178112,1597989069000000000,2020-08-21 13:51:09.000000,19715.0,19840.0,19695.0,19820.0,nan,19765.0,3945,389864625.0,7492,19715.0,2,19710.0,2,nan,0,nan,0,nan,0,nan,0,nan,0,nan,0,nan,0,nan,0
1597989071027678976,1597989071408000000,2020-08-21 13:51:11.408000,19715.0,19840.0,19695.0,19820.0,nan,19765.0,3945,389864625.0,7492,19715.0,3,19710.0,2,nan,0,nan,0,nan,0,nan,0,nan,0,nan,0,nan,0,nan,0
1597989082032593920,1597989082432000000,2020-08-21 13:51:22.432000,19715.0,19840.0,19695.0,19820.0,nan,19765.0,3945,389864625.0,7492,19715.0,3,19710.0,3,nan,0,nan,0,nan,0,nan,0,nan,0,nan,0,nan,0,nan,0
1597989082539368960,1597989083000000000,2020-08-21 13:51:23.000000,19715.0,19840.0,19695.0,19820.0,nan,19765.0,3946,389963450.0,7493,19715.0,2,19710.0,3,nan,0,nan,0,nan,0,nan,0,nan,0,nan,0,nan,0,nan,0
1597989088036293120,1597989088418999808,2020-08-21 13:51:28.419000,19715.0,19840.0,19695.0,19820.0,nan,19765.0,3947,390062275.0,7493,19715.0,1,19710.0,3,nan,0,nan,0,nan,0,nan,0,nan,0,nan,0,nan,0,nan,0
1597989094575915008,1597989095000000000,2020-08-21 13:51:35.000000,19715.0,19840.0,19695.0,19820.0,nan,19765.0,3947,390062275.0,7493,19715.0,1,19710.0,4,nan,0,nan,0,nan,0,nan,0,nan,0,nan,0,nan,0,nan,0
1597989096042291968,1597989096433000192,2020-08-21 13:51:36.433000,19715.0,19840.0,19695.0,19820.0,nan,19765.0,3948,390161100.0,7494,19720.0,87,19710.0,4,nan,0,nan,0,nan,0,nan,0,nan,0,nan,0,nan,0,nan,0
1597989096572006912,1597989097000000000,2020-08-21 13:51:37.000000,19715.0,19840.0,19695.0,19820.0,nan,19765.0,3948,390161100.0,7494,19720.0,57,19710.0,4,nan,0,nan,0,nan,0,nan,0,nan,0,nan,0,nan,0,nan,0
1597989097041847040,1597989097424000000,2020-08-21 13:51:37.424000,19715.0,19840.0,19695.0,19820.0,nan,19765.0,3948,390161100.0,7494,19720.0,47,19710.0,4,nan,0,nan,0,nan,0,nan,0,nan,0,nan,0,nan,0,nan,0
1597989097544046080,1597989097936000000,2020-08-21 13:51:37.936000,19715.0,19840.0,19695.0,19820.0,nan,19765.0,3948,390161100.0,7494,19720.0,27,19710.0,4,nan,0,nan,0,nan,0,nan,0,nan,0,nan,0,nan,0,nan,0
1597989098049540096,1597989098395000064,2020-08-21 13:51:38.395000,19715.0,19840.0,19695.0,19820.0,nan,19765.0,3948,390161100.0,7494,19720.0,17,19710.0,4,nan,0,nan,0,nan,0,nan,0,nan,0,nan,0,nan,0,nan,0
1597989101038519040,1597989101436000000,2020-08-21 13:51:41.436000,19715.0,19840.0,19695.0,19820.0,nan,19765.0,3949,390259925.0,7494,19720.0,17,19710.0,34,nan,0,nan,0,nan,0,nan,0,nan,0,nan,0,nan,0,nan,0
1597989101541924096,1597989101921999872,2020-08-21 13:51:41.922000,19715.0,19840.0,19695.0,19820.0,nan,19765.0,3949,390259925.0,7494,19720.0,7,19710.0,14,nan,0,nan,0,nan,0,nan,0,nan,0,nan,0,nan,0,nan,0
1597989105046188032,1597989105380999936,2020-08-21 13:51:45.381000,19720.0,19840.0,19695.0,19820.0,nan,19765.0,3952,390556400.0,7497,19720.0,4,19710.0,14,nan,0,nan,0,nan,0,nan,0,nan,0,nan,0,nan,0,nan,0
1597989107052777984,1597989107390000128,2020-08-21 13:51:47.390000,19720.0,19840.0,19695.0,19820.0,nan,19765.0,3952,390556400.0,7497,19720.0,4,19715.0,1,nan,0,nan,0,nan,0,nan,0,nan,0,nan,0,nan,0,nan,0
1597989109544657920,1597989110000000000,2020-08-21 13:51:50.000000,19720.0,19840.0,19695.0,19820.0,nan,19765.0,3952,390556400.0,7497,19720.0,5,19715.0,1,nan,0,nan,0,nan,0,nan,0,nan,0,nan,0,nan,0,nan,0
1597989111572626944,1597989112000000000,2020-08-21 13:51:52.000000,19720.0,19840.0,19695.0,19820.0,nan,19765.0,3954,390754050.0,7499,19720.0,3,19715.0,1,nan,0,nan,0,nan,0,nan,0,nan,0,nan,0,nan,0,nan,0
1597989112544265984,1597989113000000000,2020-08-21 13:51:53.000000,19720.0,19840.0,19695.0,19820.0,nan,19765.0,3955,390852875.0,7499,19720.0,3,19715.0,1,nan,0,nan,0,nan,0,nan,0,nan,0,nan,0,nan,0,nan,0
1597989113049540096,1597989113420999936,2020-08-21 13:51:53.421000,19720.0,19840.0,19695.0,19820.0,nan,19765.0,3955,390852875.0,7499,19720.0,3,19715.0,2,nan,0,nan,0,nan,0,nan,0,nan,0,nan,0,nan,0,nan,0
1597989120050738944,1597989120432000000,2020-08-21 13:52:00.432000,19715.0,19840.0,19695.0,19820.0,nan,19765.0,3956,390951700.0,7499,19720.0,3,19715.0,1,nan,0,nan,0,nan,0,nan,0,nan,0,nan,0,nan,0,nan,0
1597989120580384000,1597989121000000000,2020-08-21 13:52:01.000000,19715.0,19840.0,19695.0,19820.0,nan,19765.0,3957,391050525.0,7499,19720.0,3,19710.0,74,nan,0,nan,0,nan,0,nan,0,nan,0,nan,0,nan,0,nan,0
1597989122579324928,1597989123000000000,2020-08-21 13:52:03.000000,19710.0,19840.0,19695.0,19820.0,nan,19765.0,3958,391149350.0,7500,19715.0,1,19710.0,33,nan,0,nan,0,nan,0,nan,0,nan,0,nan,0,nan,0,nan,0
1597989123044495104,1597989123437999872,2020-08-21 13:52:03.438000,19710.0,19840.0,19695.0,19820.0,nan,19765.0,3960,391347000.0,7502,19715.0,1,19710.0,2,nan,0,nan,0,nan,0,nan,0,nan,0,nan,0,nan,0,nan,0
1597989123552082944,1597989124000000000,2020-08-21 13:52:04.000000,19710.0,19840.0,19695.0,19820.0,nan,19765.0,3962,391544650.0,7504,19715.0,2,19705.0,83,nan,0,nan,0,nan,0,nan,0,nan,0,nan,0,nan,0,nan,0
1597989124058338048,1597989124431000064,2020-08-21 13:52:04.431000,19710.0,19840.0,19695.0,19820.0,nan,19765.0,3962,391544650.0,7504,19710.0,1,19705.0,53,nan,0,nan,0,nan,0,nan,0,nan,0,nan,0,nan,0,nan,0
1597989124553914880,1597989125000000000,2020-08-21 13:52:05.000000,19710.0,19840.0,19695.0,19820.0,nan,19765.0,3962,391544650.0,7504,19710.0,2,19705.0,23,nan,0,nan,0,nan,0,nan,0,nan,0,nan,0,nan,0,nan,0
1597989125073399040,1597989125433000192,2020-08-21 13:52:05.433000,19710.0,19840.0,19695.0,19820.0,nan,19765.0,3962,391544650.0,7504,19710.0,2,19705.0,13,nan,0,nan,0,nan,0,nan,0,nan,0,nan,0,nan,0,nan,0
1597989125546105088,1597989126000000000,2020-08-21 13:52:06.000000,19710.0,19840.0,19695.0,19820.0,nan,19765.0,3962,391544650.0,7504,19710.0,2,19705.0,3,nan,0,nan,0,nan,0,nan,0,nan,0,nan,0,nan,0,nan,0
1597989129053021952,1597989129427000064,2020-08-21 13:52:09.427000,19710.0,19840.0,19695.0,19820.0,nan,19765.0,3964,391742300.0,7505,19715.0,50,19705.0,3,nan,0,nan,0,nan,0,nan,0,nan,0,nan,0,nan,0,nan,0
1597989129580627968,1597989130000000000,2020-08-21 13:52:10.000000,19710.0,19840.0,19695.0,19820.0,nan,19765.0,3965,391841125.0,7506,19715.0,51,19705.0,3,nan,0,nan,0,nan,0,nan,0,nan,0,nan,0,nan,0,nan,0
1597989130048559104,1597989130436000000,2020-08-21 13:52:10.436000,19710.0,19840.0,19695.0,19820.0,nan,19765.0,3966,391939950.0,7507,19715.0,61,19705.0,3,nan,0,nan,0,nan,0,nan,0,nan,0,nan,0,nan,0,nan,0
1597989130561003008,1597989131000000000,2020-08-21 13:52:11.000000,19710.0,19840.0,19695.0,19820.0,nan,19765.0,3966,391939950.0,7507,19715.0,40,19705.0,3,nan,0,nan,0,nan,0,nan,0,nan,0,nan,0,nan,0,nan,0
1597989131085890048,1597989131438999808,2020-08-21 13:52:11.439000,19710.0,19840.0,19695.0,19820.0,nan,19765.0,3966,391939950.0,7507,19715.0,10,19705.0,3,nan,0,nan,0,nan,0,nan,0,nan,0,nan,0,nan,0,nan,0
1597989131576838912,1597989132000000000,2020-08-21 13:52:12.000000,19710.0,19840.0,19695.0,19820.0,nan,19765.0,3966,391939950.0,7507,19720.0,112,19705.0,3,nan,0,nan,0,nan,0,nan,0,nan,0,nan,0,nan,0,nan,0
1597989132087258880,1597989132424000000,2020-08-21 13:52:12.424000,19710.0,19840.0,19695.0,19820.0,nan,19765.0,3966,391939950.0,7507,19720.0,132,19705.0,13,nan,0,nan,0,nan,0,nan,0,nan,0,nan,0,nan,0,nan,0
1597989132551294976,1597989133000000000,2020-08-21 13:52:13.000000,19710.0,19840.0,19695.0,19820.0,nan,19765.0,3966,391939950.0,7507,19720.0,132,19705.0,13,nan,0,nan,0,nan,0,nan,0,nan,0,nan,0,nan,0,nan,0
1597989133050156032,1597989133430000128,2020-08-21 13:52:13.430000,19710.0,19840.0,19695.0,19820.0,nan,19765.0,3966,391939950.0,7507,19720.0,92,19710.0,1,nan,0,nan,0,nan,0,nan,0,nan,0,nan,0,nan,0,nan,0
1597989133551283968,1597989133931000064,2020-08-21 13:52:13.931000,19710.0,19840.0,19695.0,19820.0,nan,19765.0,3966,391939950.0,7507,19720.0,72,19710.0,1,nan,0,nan,0,nan,0,nan,0,nan,0,nan,0,nan,0,nan,0
1597989135577447936,1597989136000000000,2020-08-21 13:52:16.000000,19710.0,19840.0,19695.0,19820.0,nan,19765.0,3966,391939950.0,7507,19720.0,52,19710.0,1,nan,0,nan,0,nan,0,nan,0,nan,0,nan,0,nan,0,nan,0
1597989136052638976,1597989136420999936,2020-08-21 13:52:16.421000,19710.0,19840.0,19695.0,19820.0,nan,19765.0,3966,391939950.0,7507,19720.0,32,19710.0,2,nan,0,nan,0,nan,0,nan,0,nan,0,nan,0,nan,0,nan,0
1597989136554395904,1597989137000000000,2020-08-21 13:52:17.000000,19710.0,19840.0,19695.0,19820.0,nan,19765.0,3966,391939950.0,7507,19720.0,12,19710.0,3,nan,0,nan,0,nan,0,nan,0,nan,0,nan,0,nan,0,nan,0
1597989160062362112,1597989160431000064,2020-08-21 13:52:40.431000,19710.0,19840.0,19695.0,19820.0,nan,19765.0,3966,391939950.0,7507,19720.0,27,19710.0,3,nan,0,nan,0,nan,0,nan,0,nan,0,nan,0,nan,0,nan,0
1597989192596933120,1597989193000000000,2020-08-21 13:53:13.000000,19710.0,19840.0,19695.0,19820.0,nan,19765.0,3966,391939950.0,7507,19720.0,17,19715.0,1,nan,0,nan,0,nan,0,nan,0,nan,0,nan,0,nan,0,nan,0
1597989193072698112,1597989193408000000,2020-08-21 13:53:13.408000,19710.0,19840.0,19695.0,19820.0,nan,19765.0,3966,391939950.0,7507,19720.0,7,19710.0,53,nan,0,nan,0,nan,0,nan,0,nan,0,nan,0,nan,0,nan,0
1597989204105722880,1597989204434000128,2020-08-21 13:53:24.434000,19710.0,19840.0,19695.0,19820.0,nan,19765.0,3966,391939950.0,7507,19720.0,7,19715.0,2,nan,0,nan,0,nan,0,nan,0,nan,0,nan,0,nan,0,nan,0
1597989206611581952,1597989207000000000,2020-08-21 13:53:27.000000,19710.0,19840.0,19695.0,19820.0,nan,19765.0,3966,391939950.0,7507,19720.0,7,19715.0,3,nan,0,nan,0,nan,0,nan,0,nan,0,nan,0,nan,0,nan,0
1597989209090639104,1597989209424000000,2020-08-21 13:53:29.424000,19720.0,19840.0,19695.0,19820.0,nan,19765.0,3967,392038775.0,7507,19720.0,6,19715.0,3,nan,0,nan,0,nan,0,nan,0,nan,0,nan,0,nan,0,nan,0
1597989209588320000,1597989210000000000,2020-08-21 13:53:30.000000,19720.0,19840.0,19695.0,19820.0,nan,19765.0,3968,392137600.0,7508,19720.0,6,19715.0,3,nan,0,nan,0,nan,0,nan,0,nan,0,nan,0,nan,0,nan,0
1597989210615399936,1597989211000000000,2020-08-21 13:53:31.000000,19720.0,19840.0,19695.0,19820.0,nan,19765.0,3969,392236425.0,7508,19720.0,5,19715.0,3,nan,0,nan,0,nan,0,nan,0,nan,0,nan,0,nan,0,nan,0
1597989215094514944,1597989215434000128,2020-08-21 13:53:35.434000,19720.0,19840.0,19695.0,19820.0,nan,19765.0,3970,392335250.0,7509,19720.0,4,19715.0,3,nan,0,nan,0,nan,0,nan,0,nan,0,nan,0,nan,0,nan,0
1597989215579760896,1597989216000000000,2020-08-21 13:53:36.000000,19720.0,19840.0,19695.0,19820.0,nan,19765.0,3971,392434075.0,7510,19720.0,3,19715.0,3,nan,0,nan,0,nan,0,nan,0,nan,0,nan,0,nan,0,nan,0
1597989221613154048,1597989222000000000,2020-08-21 13:53:42.000000,19720.0,19840.0,19695.0,19820.0,nan,19765.0,3975,392829375.0,7510,19720.0,1,19715.0,3,nan,0,nan,0,nan,0,nan,0,nan,0,nan,0,nan,0,nan,0
1597989222105783040,1597989222436000000,2020-08-21 13:53:42.436000,19720.0,19840.0,19695.0,19820.0,nan,19765.0,3977,393027025.0,7511,19720.0,1,19715.0,3,nan,0,nan,0,nan,0,nan,0,nan,0,nan,0,nan,0,nan,0
1597989222617496064,1597989223000000000,2020-08-21 13:53:43.000000,19720.0,19840.0,19695.0,19820.0,nan,19765.0,3978,393125850.0,7511,19725.0,50,19715.0,3,nan,0,nan,0,nan,0,nan,0,nan,0,nan,0,nan,0,nan,0
1597989223088633088,1597989223400000000,2020-08-21 13:53:43.400000,19720.0,19840.0,19695.0,19820.0,nan,19765.0,3978,393125850.0,7511,19725.0,20,19715.0,3,nan,0,nan,0,nan,0,nan,0,nan,0,nan,0,nan,0,nan,0
1597989223618001920,1597989224000000000,2020-08-21 13:53:44.000000,19720.0,19840.0,19695.0,19820.0,nan,19765.0,3978,393125850.0,7511,19725.0,10,19715.0,3,nan,0,nan,0,nan,0,nan,0,nan,0,nan,0,nan,0,nan,0
1597989224114177024,1597989224437999872,2020-08-21 13:53:44.438000,19720.0,19840.0,19695.0,19820.0,nan,19765.0,3978,393125850.0,7511,19730.0,83,19720.0,1,nan,0,nan,0,nan,0,nan,0,nan,0,nan,0,nan,0,nan,0
1597989224591164928,1597989225000000000,2020-08-21 13:53:45.000000,19720.0,19840.0,19695.0,19820.0,nan,19765.0,3978,393125850.0,7511,19730.0,73,19720.0,1,nan,0,nan,0,nan,0,nan,0,nan,0,nan,0,nan,0,nan,0
1597989227635979008,1597989228000000000,2020-08-21 13:53:48.000000,19720.0,19840.0,19695.0,19820.0,nan,19765.0,3978,393125850.0,7511,19730.0,53,19720.0,1,nan,0,nan,0,nan,0,nan,0,nan,0,nan,0,nan,0,nan,0
1597989228098897920,1597989228433000192,2020-08-21 13:53:48.433000,19720.0,19840.0,19695.0,19820.0,nan,19765.0,3978,393125850.0,7511,19730.0,33,19720.0,1,nan,0,nan,0,nan,0,nan,0,nan,0,nan,0,nan,0,nan,0
1597989228611045120,1597989229000000000,2020-08-21 13:53:49.000000,19720.0,19840.0,19695.0,19820.0,nan,19765.0,3978,393125850.0,7511,19730.0,23,19720.0,1,nan,0,nan,0,nan,0,nan,0,nan,0,nan,0,nan,0,nan,0
1597989247103347968,1597989247430000128,2020-08-21 13:54:07.430000,19720.0,19840.0,19695.0,19820.0,nan,19765.0,3979,393224675.0,7512,19730.0,23,19715.0,122,nan,0,nan,0,nan,0,nan,0,nan,0,nan,0,nan,0,nan,0
1597989247601113088,1597989248000000000,2020-08-21 13:54:08.000000,19720.0,19840.0,19695.0,19820.0,nan,19765.0,3979,393224675.0,7512,19730.0,23,19715.0,132,nan,0,nan,0,nan,0,nan,0,nan,0,nan,0,nan,0,nan,0
1597989248107737088,1597989248428999936,2020-08-21 13:54:08.429000,19720.0,19840.0,19695.0,19820.0,nan,19765.0,3979,393224675.0,7512,19730.0,23,19715.0,131,nan,0,nan,0,nan,0,nan,0,nan,0,nan,0,nan,0,nan,0
1597989248637458944,1597989249000000000,2020-08-21 13:54:09.000000,19730.0,19840.0,19695.0,19820.0,nan,19765.0,3984,393718800.0,7512,19730.0,10,19725.0,2,nan,0,nan,0,nan,0,nan,0,nan,0,nan,0,nan,0,nan,0
1597989249102823936,1597989249437999872,2020-08-21 13:54:09.438000,19725.0,19840.0,19695.0,19820.0,nan,19765.0,3986,393916450.0,7514,19730.0,10,19720.0,50,nan,0,nan,0,nan,0,nan,0,nan,0,nan,0,nan,0,nan,0
1597989249632638976,1597989250000000000,2020-08-21 13:54:10.000000,19725.0,19840.0,19695.0,19820.0,nan,19765.0,3986,393916450.0,7514,19730.0,10,19715.0,131,nan,0,nan,0,nan,0,nan,0,nan,0,nan,0,nan,0,nan,0
1597989250103841024,1597989250434000128,2020-08-21 13:54:10.434000,19725.0,19840.0,19695.0,19820.0,nan,19765.0,3986,393916450.0,7514,19730.0,10,19715.0,121,nan,0,nan,0,nan,0,nan,0,nan,0,nan,0,nan,0,nan,0
1597989253645520896,1597989254000000000,2020-08-21 13:54:14.000000,19725.0,19840.0,19695.0,19820.0,nan,19765.0,3986,393916450.0,7514,19730.0,20,19715.0,131,nan,0,nan,0,nan,0,nan,0,nan,0,nan,0,nan,0,nan,0
1597989255140562944,1597989255432000000,2020-08-21 13:54:15.432000,19725.0,19840.0,19695.0,19820.0,nan,19765.0,3986,393916450.0,7514,19730.0,20,19715.0,121,nan,0,nan,0,nan,0,nan,0,nan,0,nan,0,nan,0,nan,0
1597989255663472128,1597989256000000000,2020-08-21 13:54:16.000000,19725.0,19840.0,19695.0,19820.0,nan,19765.0,3986,393916450.0,7514,19730.0,20,19715.0,131,nan,0,nan,0,nan,0,nan,0,nan,0,nan,0,nan,0,nan,0
1597989261135150080,1597989261432000000,2020-08-21 13:54:21.432000,19725.0,19840.0,19695.0,19820.0,nan,19765.0,3986,393916450.0,7514,19730.0,20,19715.0,121,nan,0,nan,0,nan,0,nan,0,nan,0,nan,0,nan,0,nan,0
1597989261599516928,1597989262000000000,2020-08-21 13:54:22.000000,19725.0,19840.0,19695.0,19820.0,nan,19765.0,3986,393916450.0,7514,19730.0,20,19715.0,131,nan,0,nan,0,nan,0,nan,0,nan,0,nan,0,nan,0,nan,0
1597989262643446016,1597989263000000000,2020-08-21 13:54:23.000000,19725.0,19840.0,19695.0,19820.0,nan,19765.0,3986,393916450.0,7514,19730.0,40,19720.0,1,nan,0,nan,0,nan,0,nan,0,nan,0,nan,0,nan,0,nan,0
1597989263120889088,1597989263404999936,2020-08-21 13:54:23.405000,19725.0,19840.0,19695.0,19820.0,nan,19765.0,3986,393916450.0,7514,19730.0,30,19720.0,1,nan,0,nan,0,nan,0,nan,0,nan,0,nan,0,nan,0,nan,0
1597989263647384064,1597989264000000000,2020-08-21 13:54:24.000000,19725.0,19840.0,19695.0,19820.0,nan,19765.0,3986,393916450.0,7514,19730.0,20,19720.0,1,nan,0,nan,0,nan,0,nan,0,nan,0,nan,0,nan,0,nan,0
1597989289132291072,1597989289423000064,2020-08-21 13:54:49.423000,19725.0,19840.0,19695.0,19820.0,nan,19765.0,3986,393916450.0,7514,19730.0,10,19720.0,2,nan,0,nan,0,nan,0,nan,0,nan,0,nan,0,nan,0,nan,0
1597989289632654080,1597989290000000000,2020-08-21 13:54:50.000000,19725.0,19840.0,19695.0,19820.0,nan,19765.0,3986,393916450.0,7514,19735.0,121,19720.0,2,nan,0,nan,0,nan,0,nan,0,nan,0,nan,0,nan,0,nan,0
1597989290145548032,1597989290430000128,2020-08-21 13:54:50.430000,19725.0,19840.0,19695.0,19820.0,nan,19765.0,3986,393916450.0,7514,19735.0,141,19720.0,12,nan,0,nan,0,nan,0,nan,0,nan,0,nan,0,nan,0,nan,0
1597989292657828096,1597989293000000000,2020-08-21 13:54:53.000000,19725.0,19840.0,19695.0,19820.0,nan,19765.0,3986,393916450.0,7514,19735.0,131,19720.0,12,nan,0,nan,0,nan,0,nan,0,nan,0,nan,0,nan,0,nan,0
1597989293163493888,1597989293436000000,2020-08-21 13:54:53.436000,19725.0,19840.0,19695.0,19820.0,nan,19765.0,3986,393916450.0,7514,19735.0,141,19720.0,12,nan,0,nan,0,nan,0,nan,0,nan,0,nan,0,nan,0,nan,0
1597989299166573056,1597989299434000128,2020-08-21 13:54:59.434000,19720.0,19840.0,19695.0,19820.0,nan,19765.0,3987,394015275.0,7514,19735.0,131,19720.0,11,nan,0,nan,0,nan,0,nan,0,nan,0,nan,0,nan,0,nan,0
1597989299665221888,1597989300000000000,2020-08-21 13:55:00.000000,19720.0,19840.0,19695.0,19820.0,nan,19765.0,3987,394015275.0,7514,19735.0,141,19720.0,11,nan,0,nan,0,nan,0,nan,0,nan,0,nan,0,nan,0,nan,0
1597989300140282880,1597989300431000064,2020-08-21 13:55:00.431000,19720.0,19840.0,19695.0,19820.0,nan,19765.0,3987,394015275.0,7514,19735.0,141,19720.0,11,nan,0,nan,0,nan,0,nan,0,nan,0,nan,0,nan,0,nan,0
1597989302241137920,1597989302436999936,2020-08-21 13:55:02.437000,19720.0,19840.0,19695.0,19820.0,nan,19765.0,3987,394015275.0,7514,19735.0,141,19720.0,11,nan,0,nan,0,nan,0,nan,0,nan,0,nan,0,nan,0,nan,0
1597989304119488000,1597989304420000000,2020-08-21 13:55:04.420000,19720.0,19840.0,19695.0,19820.0,nan,19765.0,3987,394015275.0,7514,19735.0,141,19720.0,11,nan,0,nan,0,nan,0,nan,0,nan,0,nan,0,nan,0,nan,0
1597989305205474048,1597989305401999872,2020-08-21 13:55:05.402000,19720.0,19840.0,19695.0,19820.0,nan,19765.0,3987,394015275.0,7514,19735.0,141,19720.0,11,nan,0,nan,0,nan,0,nan,0,nan,0,nan,0,nan,0,nan,0
1597989306179320064,1597989306434000128,2020-08-21 13:55:06.434000,19720.0,19840.0,19695.0,19820.0,nan,19765.0,3987,394015275.0,7514,19735.0,141,19720.0,11,nan,0,nan,0,nan,0,nan,0,nan,0,nan,0,nan,0,nan,0
1597989307634273024,1597989308000000000,2020-08-21 13:55:08.000000,19720.0,19840.0,19695.0,19820.0,nan,19765.0,3998,395102350.0,7515,19720.0,10,19715.0,121,nan,0,nan,0,nan,0,nan,0,nan,0,nan,0,nan,0,nan,0
1597989308166432000,1597989308435000064,2020-08-21 13:55:08.435000,19720.0,19840.0,19695.0,19820.0,nan,19765.0,3999,395201175.0,7516,19720.0,9,19710.0,111,nan,0,nan,0,nan,0,nan,0,nan,0,nan,0,nan,0,nan,0
1597989308682554112,1597989309000000000,2020-08-21 13:55:09.000000,19720.0,19840.0,19695.0,19820.0,nan,19765.0,3999,395201175.0,7516,19715.0,2,19710.0,31,nan,0,nan,0,nan,0,nan,0,nan,0,nan,0,nan,0,nan,0
1597989309182589952,1597989309428999936,2020-08-21 13:55:09.429000,19715.0,19840.0,19695.0,19820.0,nan,19765.0,4000,395300000.0,7516,19715.0,1,19710.0,11,nan,0,nan,0,nan,0,nan,0,nan,0,nan,0,nan,0,nan,0
1597989310634691072,1597989311000000000,2020-08-21 13:55:11.000000,19715.0,19840.0,19695.0,19820.0,nan,19765.0,4000,395300000.0,7516,19715.0,1,19710.0,1,nan,0,nan,0,nan,0,nan,0,nan,0,nan,0,nan,0,nan,0
1597989311673723904,1597989312000000000,2020-08-21 13:55:12.000000,19710.0,19840.0,19695.0,19820.0,nan,19765.0,4001,395398825.0,7517,19710.0,1,19705.0,92,nan,0,nan,0,nan,0,nan,0,nan,0,nan,0,nan,0,nan,0
1597989312160546048,1597989312575000064,2020-08-21 13:55:12.575000,19710.0,19840.0,19695.0,19820.0,nan,19765.0,4001,395398825.0,7517,19710.0,1,19705.0,2,nan,0,nan,0,nan,0,nan,0,nan,0,nan,0,nan,0,nan,0
1597989312668733952,1597989313000000000,2020-08-21 13:55:13.000000,19710.0,19840.0,19695.0,19820.0,nan,19765.0,4001,395398825.0,7517,19715.0,41,19705.0,2,nan,0,nan,0,nan,0,nan,0,nan,0,nan,0,nan,0,nan,0
1597989313133492992,1597989313432000000,2020-08-21 13:55:13.432000,19710.0,19840.0,19695.0,19820.0,nan,19765.0,4001,395398825.0,7517,19715.0,1,19705.0,2,nan,0,nan,0,nan,0,nan,0,nan,0,nan,0,nan,0,nan,0
1597989319727761920,1597989320000000000,2020-08-21 13:55:20.000000,19715.0,19840.0,19695.0,19820.0,nan,19765.0,4002,395497650.0,7518,19720.0,119,19705.0,2,nan,0,nan,0,nan,0,nan,0,nan,0,nan,0,nan,0,nan,0
1597989320242288128,1597989320434000128,2020-08-21 13:55:20.434000,19715.0,19840.0,19695.0,19820.0,nan,19765.0,4002,395497650.0,7518,19720.0,139,19705.0,12,nan,0,nan,0,nan,0,nan,0,nan,0,nan,0,nan,0,nan,0
1597989321194929920,1597989321474999808,2020-08-21 13:55:21.475000,19715.0,19840.0,19695.0,19820.0,nan,19765.0,4002,395497650.0,7518,19720.0,130,19705.0,12,nan,0,nan,0,nan,0,nan,0,nan,0,nan,0,nan,0,nan,0
1597989323642832896,1597989324221999872,2020-08-21 13:55:24.222000,19715.0,19840.0,19695.0,19820.0,nan,19765.0,4002,395497650.0,7518,19720.0,120,19705.0,12,nan,0,nan,0,nan,0,nan,0,nan,0,nan,0,nan,0,nan,0
1597989324189340928,1597989324739000064,2020-08-21 13:55:24.739000,19715.0,19840.0,19695.0,19820.0,nan,19765.0,4002,395497650.0,7518,19720.0,110,19705.0,16,nan,0,nan,0,nan,0,nan,0,nan,0,nan,0,nan,0,nan,0
1597989324642863104,1597989325239000064,2020-08-21 13:55:25.239000,19715.0,19840.0,19695.0,19820.0,nan,19765.0,4002,395497650.0,7518,19720.0,110,19705.0,26,nan,0,nan,0,nan,0,nan,0,nan,0,nan,0,nan,0,nan,0
1597989325661955072,1597989326000000000,2020-08-21 13:55:26.000000,19715.0,19840.0,19695.0,19820.0,nan,19765.0,4002,395497650.0,7518,19720.0,130,19705.0,26,nan,0,nan,0,nan,0,nan,0,nan,0,nan,0,nan,0,nan,0
1597989327153959936,1597989327435000064,2020-08-21 13:55:27.435000,19720.0,19840.0,19695.0,19820.0,nan,19765.0,4014,396683550.0,7520,19720.0,70,19705.0,28,nan,0,nan,0,nan,0,nan,0,nan,0,nan,0,nan,0,nan,0
1597989327675895040,1597989328000000000,2020-08-21 13:55:28.000000,19720.0,19840.0,19695.0,19820.0,nan,19765.0,4014,396683550.0,7520,19720.0,20,19710.0,2,nan,0,nan,0,nan,0,nan,0,nan,0,nan,0,nan,0,nan,0
1597989328140272896,1597989328380999936,2020-08-21 13:55:28.381000,19720.0,19840.0,19695.0,19820.0,nan,19765.0,4014,396683550.0,7520,19720.0,10,19710.0,2,nan,0,nan,0,nan,0,nan,0,nan,0,nan,0,nan,0,nan,0
1597989328679603968,1597989329000000000,2020-08-21 13:55:29.000000,19720.0,19840.0,19695.0,19820.0,nan,19765.0,4014,396683550.0,7520,19725.0,60,19710.0,2,nan,0,nan,0,nan,0,nan,0,nan,0,nan,0,nan,0,nan,0
1597989329181701120,1597989329437999872,2020-08-21 13:55:29.438000,19720.0,19840.0,19695.0,19820.0,nan,19765.0,4014,396683550.0,7520,19725.0,60,19710.0,14,nan,0,nan,0,nan,0,nan,0,nan,0,nan,0,nan,0,nan,0
1597989330152143872,1597989330432000000,2020-08-21 13:55:30.432000,19720.0,19840.0,19695.0,19820.0,nan,19765.0,4014,396683550.0,7520,19725.0,70,19710.0,14,nan,0,nan,0,nan,0,nan,0,nan,0,nan,0,nan,0,nan,0
1597989330710403072,1597989331252000000,2020-08-21 13:55:31.252000,19720.0,19840.0,19695.0,19820.0,nan,19765.0,4014,396683550.0,7520,19725.0,80,19710.0,14,nan,0,nan,0,nan,0,nan,0,nan,0,nan,0,nan,0,nan,0
1597989332140838912,1597989332674000128,2020-08-21 13:55:32.674000,19720.0,19840.0,19695.0,19820.0,nan,19765.0,4014,396683550.0,7520,19725.0,100,19710.0,14,nan,0,nan,0,nan,0,nan,0,nan,0,nan,0,nan,0,nan,0
1597989332683760896,1597989333000000000,2020-08-21 13:55:33.000000,19720.0,19840.0,19695.0,19820.0,nan,19765.0,4014,396683550.0,7520,19725.0,131,19710.0,14,nan,0,nan,0,nan,0,nan,0,nan,0,nan,0,nan,0,nan,0
1597989333166491904,1597989333417999872,2020-08-21 13:55:33.418000,19720.0,19840.0,19695.0,19820.0,nan,19765.0,4014,396683550.0,7520,19720.0,10,19710.0,14,nan,0,nan,0,nan,0,nan,0,nan,0,nan,0,nan,0,nan,0
1597989333643414016,1597989334234999808,2020-08-21 13:55:34.235000,19720.0,19840.0,19695.0,19820.0,nan,19765.0,4014,396683550.0,7520,19725.0,121,19710.0,14,nan,0,nan,0,nan,0,nan,0,nan,0,nan,0,nan,0,nan,0
1597989336200131072,1597989336731000064,2020-08-21 13:55:36.731000,19720.0,19840.0,19695.0,19820.0,nan,19765.0,4014,396683550.0,7520,19725.0,111,19710.0,18,nan,0,nan,0,nan,0,nan,0,nan,0,nan,0,nan,0,nan,0
1597989336705889024,1597989337227000064,2020-08-21 13:55:37.227000,19720.0,19840.0,19695.0,19820.0,nan,19765.0,4014,396683550.0,7520,19725.0,130,19710.0,18,nan,0,nan,0,nan,0,nan,0,nan,0,nan,0,nan,0,nan,0
1597989337153907968,1597989337736999936,2020-08-21 13:55:37.737000,19720.0,19840.0,19695.0,19820.0,nan,19765.0,4014,396683550.0,7520,19725.0,131,19710.0,14,nan,0,nan,0,nan,0,nan,0,nan,0,nan,0,nan,0,nan,0
1597989338671161088,1597989339242000128,2020-08-21 13:55:39.242000,19720.0,19840.0,19695.0,19820.0,nan,19765.0,4014,396683550.0,7520,19725.0,111,19710.0,24,nan,0,nan,0,nan,0,nan,0,nan,0,nan,0,nan,0,nan,0
1597989339180079104,1597989339750999808,2020-08-21 13:55:39.751000,19720.0,19840.0,19695.0,19820.0,nan,19765.0,4014,396683550.0,7520,19725.0,121,19710.0,14,nan,0,nan,0,nan,0,nan,0,nan,0,nan,0,nan,0,nan,0
1597989344663409920,1597989345208000000,2020-08-21 13:55:45.208000,19720.0,19840.0,19695.0,19820.0,nan,19765.0,4014,396683550.0,7520,19725.0,131,19710.0,14,nan,0,nan,0,nan,0,nan,0,nan,0,nan,0,nan,0,nan,0
1597989346157968896,1597989346749000192,2020-08-21 13:55:46.749000,19720.0,19840.0,19695.0,19820.0,nan,19765.0,4014,396683550.0,7520,19725.0,131,19710.0,18,nan,0,nan,0,nan,0,nan,0,nan,0,nan,0,nan,0,nan,0
1597989346653117952,1597989347184000000,2020-08-21 13:55:47.184000,19720.0,19840.0,19695.0,19820.0,nan,19765.0,4014,396683550.0,7520,19725.0,131,19710.0,18,nan,0,nan,0,nan,0,nan,0,nan,0,nan,0,nan,0,nan,0
1597989348646144000,1597989349232000000,2020-08-21 13:55:49.232000,19720.0,19840.0,19695.0,19820.0,nan,19765.0,4014,396683550.0,7520,19725.0,141,19710.0,18,nan,0,nan,0,nan,0,nan,0,nan,0,nan,0,nan,0,nan,0
1597989350663795968,1597989351223000064,2020-08-21 13:55:51.223000,19720.0,19840.0,19695.0,19820.0,nan,19765.0,4014,396683550.0,7520,19725.0,131,19710.0,18,nan,0,nan,0,nan,0,nan,0,nan,0,nan,0,nan,0,nan,0
1597989351200760064,1597989351726000128,2020-08-21 13:55:51.726000,19720.0,19840.0,19695.0,19820.0,nan,19765.0,4014,396683550.0,7520,19720.0,2,19710.0,18,nan,0,nan,0,nan,0,nan,0,nan,0,nan,0,nan,0,nan,0
1597989351642182912,1597989352240999936,2020-08-21 13:55:52.241000,19720.0,19840.0,19695.0,19820.0,nan,19765.0,4014,396683550.0,7520,19720.0,2,19710.0,18,nan,0,nan,0,nan,0,nan,0,nan,0,nan,0,nan,0,nan,0
1597989352645061888,1597989353249000192,2020-08-21 13:55:53.249000,19720.0,19840.0,19695.0,19820.0,nan,19765.0,4016,396881200.0,7518,19725.0,110,19710.0,28,nan,0,nan,0,nan,0,nan,0,nan,0,nan,0,nan,0,nan,0
1597989353245754880,1597989353744999936,2020-08-21 13:55:53.745000,19720.0,19840.0,19695.0,19820.0,nan,19765.0,4016,396881200.0,7518,19725.0,130,19710.0,28,nan,0,nan,0,nan,0,nan,0,nan,0,nan,0,nan,0,nan,0
1597989354650416896,1597989355242000128,2020-08-21 13:55:55.242000,19720.0,19840.0,19695.0,19820.0,nan,19765.0,4016,396881200.0,7518,19725.0,130,19710.0,28,nan,0,nan,0,nan,0,nan,0,nan,0,nan,0,nan,0,nan,0
1597989356668151040,1597989357234999808,2020-08-21 13:55:57.235000,19720.0,19840.0,19695.0,19820.0,nan,19765.0,4016,396881200.0,7518,19725.0,130,19710.0,28,nan,0,nan,0,nan,0,nan,0,nan,0,nan,0,nan,0,nan,0
1597989358153785088,1597989358720000000,2020-08-21 13:55:58.720000,19720.0,19840.0,19695.0,19820.0,nan,19765.0,4016,396881200.0,7518,19725.0,130,19710.0,28,nan,0,nan,0,nan,0,nan,0,nan,0,nan,0,nan,0,nan,0
