local_nano_time,quote_nano_time,datetime,last_price,highest,lowest,open,close,average,volume,amount,open_interest,ask_price1,ask_volume1,bid_price1,bid_volume1,ask_price2,ask_volume2,bid_price2,bid_volume2,ask_price3,ask_volume3,bid_price3,bid_volume3,ask_price4,ask_volume4,bid_price4,bid_volume4,ask_price5,ask_volume5,bid_price5,bid_volume5
1597988231149370880,1597988231000000000,2020-08-21 13:37:11.000000,16055.0,16100.0,15955.0,16085.0,nan,16023.764984,18854,1510560325.0,23789,16055.0,12,16050.0,85,16060.0,11,16045.0,4,16065.0,7,16040.0,3,16070.0,10,16035.0,16,16075.0,181,16030.0,36
1597988231620204032,1597988231500000000,2020-08-21 13:37:11.500000,16055.0,16100.0,15955.0,16085.0,nan,16023.764984,18854,1510560325.0,23789,16055.0,13,16050.0,85,16060.0,11,16045.0,4,16065.0,7,16040.0,3,16070.0,10,16035.0,16,16075.0,181,16030.0,32
1597988232135661056,1597988232000000000,2020-08-21 13:37:12.000000,16045.0,16100.0,15955.0,16085.0,nan,16023.883844,18940,1517461800.0,23771,16050.0,2,16045.0,63,16055.0,15,16040.0,3,16060.0,11,16035.0,16,16065.0,7,16030.0,32,16070.0,10,16025.0,6
1597988232620251904,1597988232500000000,2020-08-21 13:37:12.500000,16050.0,16100.0,15955.0,16085.0,nan,16023.906003,18958,1518906050.0,23765,16055.0,15,16045.0,54,16060.0,11,16040.0,3,16065.0,7,16035.0,11,16070.0,10,16030.0,36,16075.0,181,16025.0,6
1597988233114726912,1597988233000000000,2020-08-21 13:37:13.000000,16050.0,16100.0,15955.0,16085.0,nan,16023.906003,18958,1518906050.0,23765,16050.0,11,16045.0,54,16055.0,17,16040.0,3,16060.0,11,16035.0,12,16065.0,7,16030.0,36,16070.0,9,16025.0,6
1597988233628268032,1597988233500000000,2020-08-21 13:37:13.500000,16050.0,16100.0,15955.0,16085.0,nan,16023.906003,18958,1518906050.0,23765,16050.0,6,16045.0,54,16055.0,23,16040.0,4,16060.0,12,16035.0,11,16065.0,8,16030.0,36,16070.0,8,16025.0,6
1597988234616113920,1597988234500000000,2020-08-21 13:37:14.500000,16050.0,16100.0,15955.0,16085.0,nan,16023.914259,18964,1519387550.0,23763,16055.0,23,16045.0,54,16060.0,12,16040.0,4,16065.0,8,16035.0,11,16070.0,8,16030.0,36,16075.0,181,16025.0,6
1597988235128620032,1597988235000000000,2020-08-21 13:37:15.000000,16050.0,16100.0,15955.0,16085.0,nan,16023.914259,18964,1519387550.0,23763,16055.0,16,16050.0,2,16060.0,12,16045.0,54,16065.0,8,16040.0,6,16070.0,8,16035.0,11,16075.0,181,16030.0,36
1597988235621265920,1597988235500000000,2020-08-21 13:37:15.500000,16050.0,16100.0,15955.0,16085.0,nan,16023.914259,18964,1519387550.0,23763,16055.0,17,16050.0,4,16060.0,10,16045.0,55,16065.0,8,16040.0,6,16070.0,8,16035.0,11,16075.0,181,16030.0,36
1597988236113284096,1597988236000000000,2020-08-21 13:37:16.000000,16050.0,16100.0,15955.0,16085.0,nan,16023.914259,18964,1519387550.0,23763,16055.0,17,16050.0,2,16060.0,10,16045.0,55,16065.0,8,16040.0,6,16070.0,8,16035.0,11,16075.0,181,16030.0,36
1597988237132647936,1597988237000000000,2020-08-21 13:37:17.000000,16050.0,16100.0,15955.0,16085.0,nan,16023.915634,18965,1519467800.0,23764,16055.0,17,16050.0,2,16060.0,10,16045.0,55,16065.0,8,16040.0,6,16070.0,8,16035.0,11,16075.0,181,16030.0,36
1597988237620666880,1597988237500000000,2020-08-21 13:37:17.500000,16050.0,16100.0,15955.0,16085.0,nan,16023.915634,18965,1519467800.0,23764,16055.0,18,16050.0,3,16060.0,10,16045.0,55,16065.0,8,16040.0,6,16070.0,8,16035.0,11,16075.0,181,16030.0,36
1597988239113359872,1597988239000000000,2020-08-21 13:37:19.000000,16050.0,16100.0,15955.0,16085.0,nan,16023.917009,18966,1519548050.0,23765,16055.0,18,16050.0,2,16060.0,10,16045.0,55,16065.0,8,16040.0,6,16070.0,8,16035.0,11,16075.0,181,16030.0,36
1597988239619418880,1597988239500000000,2020-08-21 13:37:19.500000,16050.0,16100.0,15955.0,16085.0,nan,16023.91976,18968,1519708550.0,23765,16055.0,18,16045.0,55,16060.0,10,16040.0,6,16065.0,8,16035.0,11,16070.0,8,16030.0,36,16075.0,181,16025.0,7
1597988240148848896,1597988240000000000,2020-08-21 13:37:20.000000,16050.0,16100.0,15955.0,16085.0,nan,16023.91976,18968,1519708550.0,23765,16055.0,18,16050.0,2,16060.0,10,16045.0,55,16065.0,8,16040.0,7,16070.0,8,16035.0,11,16075.0,181,16030.0,36
1597988240615024896,1597988240500000000,2020-08-21 13:37:20.500000,16050.0,16100.0,15955.0,16085.0,nan,16023.91976,18968,1519708550.0,23765,16055.0,18,16045.0,55,16060.0,10,16040.0,7,16065.0,8,16035.0,11,16070.0,8,16030.0,36,16075.0,181,16025.0,7
1597988241144386048,1597988241000000000,2020-08-21 13:37:21.000000,16050.0,16100.0,15955.0,16085.0,nan,16023.91976,18968,1519708550.0,23765,16055.0,18,16050.0,3,16060.0,10,16045.0,55,16065.0,8,16040.0,7,16070.0,8,16035.0,11,16075.0,181,16030.0,36
1597988241621371904,1597988241500000000,2020-08-21 13:37:21.500000,16050.0,16100.0,15955.0,16085.0,nan,16023.91976,18968,1519708550.0,23765,16055.0,18,16045.0,55,16060.0,10,16040.0,7,16065.0,8,16035.0,11,16070.0,8,16030.0,36,16075.0,181,16025.0,7
1597988242122956032,1597988242000000000,2020-08-21 13:37:22.000000,16050.0,16100.0,15955.0,16085.0,nan,16023.91976,18968,1519708550.0,23765,16055.0,17,16050.0,3,16060.0,10,16045.0,55,16065.0,8,16040.0,7,16070.0,8,16035.0,11,16075.0,181,16030.0,36
1597988242618167040,1597988242500000000,2020-08-21 13:37:22.500000,16050.0,16100.0,15955.0,16085.0,nan,16023.91976,18968,1519708550.0,23765,16055.0,17,16050.0,1,16060.0,10,16045.0,55,16065.0,8,16040.0,7,16070.0,8,16035.0,11,16075.0,181,16030.0,36
1597988248131451904,1597988248000000000,2020-08-21 13:37:28.000000,16050.0,16100.0,15955.0,16085.0,nan,16023.921134,18969,1519788800.0,23765,16050.0,1,16045.0,55,16055.0,17,16040.0,7,16060.0,10,16035.0,11,16065.0,8,16030.0,36,16070.0,8,16025.0,7
1597988248625876992,1597988248500000000,2020-08-21 13:37:28.500000,16050.0,16100.0,15955.0,16085.0,nan,16023.925258,18972,1520029550.0,23762,16055.0,17,16045.0,55,16060.0,10,16040.0,5,16065.0,8,16035.0,11,16070.0,8,16030.0,36,16075.0,181,16025.0,7
1597988249130990080,1597988249000000000,2020-08-21 13:37:29.000000,16050.0,16100.0,15955.0,16085.0,nan,16023.925258,18972,1520029550.0,23762,16055.0,16,16045.0,55,16060.0,10,16040.0,5,16065.0,8,16035.0,11,16070.0,8,16030.0,36,16075.0,181,16025.0,7
1597988249606466048,1597988249500000000,2020-08-21 13:37:29.500000,16050.0,16100.0,15955.0,16085.0,nan,16023.925258,18972,1520029550.0,23762,16055.0,17,16045.0,55,16060.0,10,16040.0,5,16065.0,8,16035.0,11,16070.0,8,16030.0,36,16075.0,181,16025.0,7
1597988252629133056,1597988252500000000,2020-08-21 13:37:32.500000,16050.0,16100.0,15955.0,16085.0,nan,16023.925258,18972,1520029550.0,23762,16055.0,17,16045.0,55,16060.0,10,16040.0,5,16065.0,8,16035.0,7,16070.0,8,16030.0,36,16075.0,181,16025.0,7
1597988255106874880,1597988255000000000,2020-08-21 13:37:35.000000,16050.0,16100.0,15955.0,16085.0,nan,16023.925258,18972,1520029550.0,23762,16055.0,17,16045.0,55,16060.0,15,16040.0,5,16065.0,8,16035.0,7,16070.0,8,16030.0,36,16075.0,181,16025.0,7
1597988256134985984,1597988256000000000,2020-08-21 13:37:36.000000,16050.0,16100.0,15955.0,16085.0,nan,16023.925258,18972,1520029550.0,23762,16055.0,17,16045.0,56,16060.0,15,16040.0,5,16065.0,8,16035.0,7,16070.0,8,16030.0,36,16075.0,181,16025.0,7
1597988256638760960,1597988256500000000,2020-08-21 13:37:36.500000,16050.0,16100.0,15955.0,16085.0,nan,16023.925258,18972,1520029550.0,23762,16055.0,17,16050.0,10,16060.0,15,16045.0,56,16065.0,8,16040.0,5,16070.0,8,16035.0,7,16075.0,181,16030.0,36
1597988259614932992,1597988259500000000,2020-08-21 13:37:39.500000,16050.0,16100.0,15955.0,16085.0,nan,16023.925258,18972,1520029550.0,23762,16055.0,17,16050.0,10,16060.0,15,16045.0,55,16065.0,8,16040.0,5,16070.0,8,16035.0,7,16075.0,181,16030.0,36
1597988260117011968,1597988260000000000,2020-08-21 13:37:40.000000,16050.0,16100.0,15955.0,16085.0,nan,16023.926633,18973,1520109800.0,23761,16055.0,17,16050.0,9,16060.0,15,16045.0,55,16065.0,8,16040.0,5,16070.0,8,16035.0,7,16075.0,181,16030.0,36
1597988261145399040,1597988261000000000,2020-08-21 13:37:41.000000,16050.0,16100.0,15955.0,16085.0,nan,16023.930755,18976,1520350550.0,23758,16055.0,17,16050.0,6,16060.0,15,16045.0,55,16065.0,8,16040.0,5,16070.0,8,16035.0,7,16075.0,181,16030.0,36
1597988261601467904,1597988261500000000,2020-08-21 13:37:41.500000,16050.0,16100.0,15955.0,16085.0,nan,16023.930755,18976,1520350550.0,23758,16055.0,17,16050.0,11,16060.0,15,16045.0,55,16065.0,8,16040.0,5,16070.0,8,16035.0,7,16075.0,181,16030.0,36
1597988262118757120,1597988262000000000,2020-08-21 13:37:42.000000,16050.0,16100.0,15955.0,16085.0,nan,16023.930755,18976,1520350550.0,23758,16055.0,17,16050.0,12,16060.0,15,16045.0,55,16065.0,8,16040.0,5,16070.0,8,16035.0,7,16075.0,181,16030.0,36
1597988264120526080,1597988264000000000,2020-08-21 13:37:44.000000,16050.0,16100.0,15955.0,16085.0,nan,16023.930755,18976,1520350550.0,23758,16055.0,17,16050.0,12,16060.0,15,16045.0,58,16065.0,8,16040.0,5,16070.0,8,16035.0,7,16075.0,181,16030.0,36
1597988265135912960,1597988265000000000,2020-08-21 13:37:45.000000,16055.0,16100.0,15955.0,16085.0,nan,16023.958564,18993,1521715225.0,23756,16060.0,15,16050.0,12,16065.0,8,16045.0,58,16070.0,8,16040.0,5,16075.0,181,16035.0,7,16080.0,22,16030.0,36
1597988265611565056,1597988265500000000,2020-08-21 13:37:45.500000,16055.0,16100.0,15955.0,16085.0,nan,16023.958564,18993,1521715225.0,23756,16060.0,14,16050.0,13,16065.0,8,16045.0,59,16070.0,8,16040.0,4,16075.0,181,16035.0,7,16080.0,22,16030.0,36
1597988266135492096,1597988266000000000,2020-08-21 13:37:46.000000,16055.0,16100.0,15955.0,16085.0,nan,16023.958564,18993,1521715225.0,23756,16060.0,14,16050.0,13,16065.0,8,16045.0,61,16070.0,8,16040.0,4,16075.0,181,16035.0,7,16080.0,22,16030.0,36
1597988271602383872,1597988271500000000,2020-08-21 13:37:51.500000,16055.0,16100.0,15955.0,16085.0,nan,16023.958564,18993,1521715225.0,23756,16060.0,14,16050.0,14,16065.0,8,16045.0,61,16070.0,8,16040.0,4,16075.0,181,16035.0,7,16080.0,22,16030.0,36
1597988274141413888,1597988274000000000,2020-08-21 13:37:54.000000,16055.0,16100.0,15955.0,16085.0,nan,16023.958564,18993,1521715225.0,23756,16060.0,14,16050.0,14,16065.0,8,16045.0,61,16070.0,13,16040.0,4,16075.0,181,16035.0,7,16080.0,22,16030.0,36
1597988276807396096,1597988276500000000,2020-08-21 13:37:56.500000,16050.0,16100.0,15955.0,16085.0,nan,16023.959935,18994,1521795475.0,23756,16060.0,14,16050.0,13,16065.0,8,16045.0,61,16070.0,13,16040.0,4,16075.0,181,16035.0,7,16080.0,22,16030.0,36
1597988277222759936,1597988277000000000,2020-08-21 13:37:57.000000,16050.0,16100.0,15955.0,16085.0,nan,16023.959935,18994,1521795475.0,23756,16060.0,14,16050.0,13,16065.0,8,16045.0,61,16070.0,13,16040.0,4,16075.0,181,16035.0,7,16080.0,22,16030.0,35
1597988279149658112,1597988279000000000,2020-08-21 13:37:59.000000,16050.0,16100.0,15955.0,16085.0,nan,16023.959935,18994,1521795475.0,23756,16055.0,1,16050.0,13,16060.0,14,16045.0,61,16065.0,8,16040.0,4,16070.0,13,16035.0,7,16075.0,181,16030.0,35
1597988279640143872,1597988279500000000,2020-08-21 13:37:59.500000,16055.0,16100.0,15955.0,16085.0,nan,16023.961569,18995,1521875750.0,23755,16060.0,14,16050.0,14,16065.0,8,16045.0,61,16070.0,14,16040.0,4,16075.0,181,16035.0,7,16080.0,22,16030.0,35
1597988281131901952,1597988281000000000,2020-08-21 13:38:01.000000,16055.0,16100.0,15955.0,16085.0,nan,16023.961569,18995,1521875750.0,23755,16060.0,14,16055.0,1,16065.0,8,16050.0,14,16070.0,14,16045.0,62,16075.0,181,16040.0,4,16080.0,22,16035.0,7
1597988281614668032,1597988281500000000,2020-08-21 13:38:01.500000,16055.0,16100.0,15955.0,16085.0,nan,16023.961569,18995,1521875750.0,23755,16060.0,14,16055.0,1,16065.0,8,16050.0,16,16070.0,14,16045.0,62,16075.0,181,16040.0,4,16080.0,22,16035.0,7
1597988282623845888,1597988282500000000,2020-08-21 13:38:02.500000,16055.0,16100.0,15955.0,16085.0,nan,16023.961569,18995,1521875750.0,23755,16060.0,14,16055.0,1,16065.0,8,16050.0,15,16070.0,14,16045.0,62,16075.0,181,16040.0,4,16080.0,22,16035.0,7
1597988283120977920,1597988283000000000,2020-08-21 13:38:03.000000,16055.0,16100.0,15955.0,16085.0,nan,16023.961569,18995,1521875750.0,23755,16060.0,14,16055.0,3,16065.0,8,16050.0,15,16070.0,14,16045.0,63,16075.0,181,16040.0,4,16080.0,22,16035.0,7
1597988283618411008,1597988283500000000,2020-08-21 13:38:03.500000,16055.0,16100.0,15955.0,16085.0,nan,16023.961569,18995,1521875750.0,23755,16060.0,14,16055.0,5,16065.0,8,16050.0,26,16070.0,14,16045.0,63,16075.0,181,16040.0,4,16080.0,22,16035.0,7
1597988285123006976,1597988285000000000,2020-08-21 13:38:05.000000,16055.0,16100.0,15955.0,16085.0,nan,16023.961569,18995,1521875750.0,23755,16060.0,14,16055.0,6,16065.0,8,16050.0,26,16070.0,14,16045.0,63,16075.0,181,16040.0,4,16080.0,22,16035.0,7
1597988287126571008,1597988287000000000,2020-08-21 13:38:07.000000,16055.0,16100.0,15955.0,16085.0,nan,16023.961569,18995,1521875750.0,23755,16060.0,14,16055.0,6,16065.0,9,16050.0,26,16070.0,14,16045.0,63,16075.0,181,16040.0,4,16080.0,22,16035.0,7
1597988287619008000,1597988287500000000,2020-08-21 13:38:07.500000,16055.0,16100.0,15955.0,16085.0,nan,16023.961569,18995,1521875750.0,23755,16060.0,14,16055.0,6,16065.0,9,16050.0,26,16070.0,14,16045.0,63,16075.0,181,16040.0,4,16080.0,22,16035.0,8
1597988288605176064,1597988288500000000,2020-08-21 13:38:08.500000,16060.0,16100.0,15955.0,16085.0,nan,16023.971053,19000,1522277250.0,23755,16060.0,9,16055.0,6,16065.0,9,16050.0,26,16070.0,14,16045.0,63,16075.0,181,16040.0,4,16080.0,22,16035.0,8
1597988289127984128,1597988289000000000,2020-08-21 13:38:09.000000,16060.0,16100.0,15955.0,16085.0,nan,16023.971053,19000,1522277250.0,23755,16060.0,9,16055.0,6,16065.0,9,16050.0,27,16070.0,14,16045.0,63,16075.0,181,16040.0,4,16080.0,22,16035.0,8
1597988290613549056,1597988290500000000,2020-08-21 13:38:10.500000,16060.0,16100.0,15955.0,16085.0,nan,16023.971053,19000,1522277250.0,23755,16060.0,10,16055.0,6,16065.0,9,16050.0,27,16070.0,14,16045.0,63,16075.0,181,16040.0,4,16080.0,22,16035.0,8
1597988291621440000,1597988291500000000,2020-08-21 13:38:11.500000,16060.0,16100.0,15955.0,16085.0,nan,16023.971053,19000,1522277250.0,23755,16060.0,11,16055.0,6,16065.0,9,16050.0,27,16070.0,14,16045.0,63,16075.0,181,16040.0,4,16080.0,22,16035.0,8
1597988296642262016,1597988296500000000,2020-08-21 13:38:16.500000,16060.0,16100.0,15955.0,16085.0,nan,16023.971053,19000,1522277250.0,23755,16060.0,11,16055.0,6,16065.0,9,16050.0,27,16070.0,14,16045.0,60,16075.0,181,16040.0,4,16080.0,22,16035.0,8
1597988297151610880,1597988297000000000,2020-08-21 13:38:17.000000,16060.0,16100.0,15955.0,16085.0,nan,16023.972949,19001,1522357550.0,23754,16060.0,11,16055.0,7,16065.0,9,16050.0,27,16070.0,14,16045.0,60,16075.0,181,16040.0,4,16080.0,22,16035.0,8
1597988300618667008,1597988300500000000,2020-08-21 13:38:20.500000,16060.0,16100.0,15955.0,16085.0,nan,16023.972949,19001,1522357550.0,23754,16060.0,11,16055.0,5,16065.0,9,16050.0,27,16070.0,14,16045.0,60,16075.0,181,16040.0,4,16080.0,22,16035.0,8
1597988301828957952,1597988301500000000,2020-08-21 13:38:21.500000,16055.0,16100.0,15955.0,16085.0,nan,16023.974582,19002,1522437825.0,23754,16060.0,11,16055.0,6,16065.0,9,16050.0,27,16070.0,14,16045.0,60,16075.0,181,16040.0,4,16080.0,22,16035.0,8
1597988302141019904,1597988302000000000,2020-08-21 13:38:22.000000,16055.0,16100.0,15955.0,16085.0,nan,16023.974582,19002,1522437825.0,23754,16060.0,11,16055.0,8,16065.0,9,16050.0,30,16070.0,14,16045.0,60,16075.0,181,16040.0,4,16080.0,22,16035.0,8
1597988303617114112,1597988303500000000,2020-08-21 13:38:23.500000,16055.0,16100.0,15955.0,16085.0,nan,16023.976214,19003,1522518100.0,23754,16060.0,11,16055.0,7,16065.0,9,16050.0,30,16070.0,14,16045.0,60,16075.0,181,16040.0,4,16080.0,22,16035.0,8
1597988304622379008,1597988304500000000,2020-08-21 13:38:24.500000,16055.0,16100.0,15955.0,16085.0,nan,16023.981111,19006,1522758925.0,23752,16060.0,11,16055.0,4,16065.0,9,16050.0,30,16070.0,14,16045.0,60,16075.0,181,16040.0,4,16080.0,22,16035.0,8
1597988305111446016,1597988305000000000,2020-08-21 13:38:25.000000,16055.0,16100.0,15955.0,16085.0,nan,16023.981111,19006,1522758925.0,23752,16060.0,11,16055.0,6,16065.0,9,16050.0,30,16070.0,14,16045.0,60,16075.0,181,16040.0,4,16080.0,22,16035.0,8
1597988305619887104,1597988305500000000,2020-08-21 13:38:25.500000,16055.0,16100.0,15955.0,16085.0,nan,16023.982743,19007,1522839200.0,23752,16060.0,11,16055.0,5,16065.0,9,16050.0,30,16070.0,14,16045.0,60,16075.0,181,16040.0,4,16080.0,22,16035.0,8
1597988308120986880,1597988308000000000,2020-08-21 13:38:28.000000,16055.0,16100.0,15955.0,16085.0,nan,16023.982743,19007,1522839200.0,23752,16060.0,11,16055.0,1,16065.0,9,16050.0,25,16070.0,14,16045.0,60,16075.0,181,16040.0,4,16080.0,22,16035.0,8
1597988309158024960,1597988309000000000,2020-08-21 13:38:29.000000,16055.0,16100.0,15955.0,16085.0,nan,16023.982743,19007,1522839200.0,23752,16060.0,11,16055.0,5,16065.0,9,16050.0,25,16070.0,14,16045.0,60,16075.0,181,16040.0,4,16080.0,22,16035.0,8
1597988309695152896,1597988309500000000,2020-08-21 13:38:29.500000,16055.0,16100.0,15955.0,16085.0,nan,16023.982743,19007,1522839200.0,23752,16060.0,11,16055.0,10,16065.0,9,16050.0,25,16070.0,14,16045.0,60,16075.0,181,16040.0,4,16080.0,22,16035.0,8
1597988310612244992,1597988310500000000,2020-08-21 13:38:30.500000,16055.0,16100.0,15955.0,16085.0,nan,16023.982743,19007,1522839200.0,23752,16060.0,11,16055.0,11,16065.0,9,16050.0,25,16070.0,14,16045.0,60,16075.0,181,16040.0,4,16080.0,22,16035.0,8
1597988311607006976,1597988311500000000,2020-08-21 13:38:31.500000,16055.0,16100.0,15955.0,16085.0,nan,16023.982743,19007,1522839200.0,23752,16060.0,11,16055.0,11,16065.0,9,16050.0,27,16070.0,14,16045.0,58,16075.0,181,16040.0,4,16080.0,22,16035.0,8
1597988312144210944,1597988312000000000,2020-08-21 13:38:32.000000,16055.0,16100.0,15955.0,16085.0,nan,16023.982743,19007,1522839200.0,23752,16060.0,11,16055.0,9,16065.0,9,16050.0,27,16070.0,14,16045.0,58,16075.0,181,16040.0,4,16080.0,22,16035.0,8
1597988313120462080,1597988313000000000,2020-08-21 13:38:33.000000,16055.0,16100.0,15955.0,16085.0,nan,16023.982743,19007,1522839200.0,23752,16060.0,11,16055.0,12,16065.0,9,16050.0,27,16070.0,14,16045.0,58,16075.0,181,16040.0,4,16080.0,22,16035.0,8
1597988315158924032,1597988315000000000,2020-08-21 13:38:35.000000,16055.0,16100.0,15955.0,16085.0,nan,16023.982743,19007,1522839200.0,23752,16060.0,11,16055.0,14,16065.0,9,16050.0,27,16070.0,14,16045.0,58,16075.0,181,16040.0,4,16080.0,22,16035.0,8
1597988317140338944,1597988317000000000,2020-08-21 13:38:37.000000,16055.0,16100.0,15955.0,16085.0,nan,16023.982743,19007,1522839200.0,23752,16060.0,10,16055.0,14,16065.0,9,16050.0,27,16070.0,14,16045.0,58,16075.0,181,16040.0,4,16080.0,22,16035.0,8
1597988318182703104,1597988318000000000,2020-08-21 13:38:38.000000,16055.0,16100.0,15955.0,16085.0,nan,16023.986007,19009,1522999750.0,23751,16060.0,10,16055.0,14,16065.0,9,16050.0,27,16070.0,14,16045.0,58,16075.0,181,16040.0,4,16080.0,22,16035.0,8
1597988318611824896,1597988318500000000,2020-08-21 13:38:38.500000,16060.0,16100.0,15955.0,16085.0,nan,16024.004942,19019,1523802750.0,23755,16065.0,9,16055.0,15,16070.0,14,16050.0,27,16075.0,181,16045.0,58,16080.0,22,16040.0,4,16085.0,15,16035.0,8
1597988319135131904,1597988319000000000,2020-08-21 13:38:39.000000,16060.0,16100.0,15955.0,16085.0,nan,16024.004942,19019,1523802750.0,23755,16065.0,9,16055.0,16,16070.0,13,16050.0,26,16075.0,181,16045.0,58,16080.0,23,16040.0,4,16085.0,15,16035.0,8
1597988319622861056,1597988319500000000,2020-08-21 13:38:39.500000,16060.0,16100.0,15955.0,16085.0,nan,16024.004942,19019,1523802750.0,23755,16065.0,10,16060.0,1,16070.0,13,16055.0,16,16075.0,181,16050.0,28,16080.0,23,16045.0,56,16085.0,15,16040.0,4
1597988320123994112,1597988320000000000,2020-08-21 13:38:40.000000,16060.0,16100.0,15955.0,16085.0,nan,16024.004942,19019,1523802750.0,23755,16065.0,9,16060.0,2,16070.0,13,16055.0,15,16075.0,181,16050.0,29,16080.0,23,16045.0,57,16085.0,14,16040.0,5
1597988320606153984,1597988320500000000,2020-08-21 13:38:40.500000,16060.0,16100.0,15955.0,16085.0,nan,16024.010619,19022,1524043650.0,23752,16060.0,1,16055.0,15,16065.0,9,16050.0,29,16070.0,14,16045.0,57,16075.0,181,16040.0,5,16080.0,23,16035.0,8
1597988321135088896,1597988321000000000,2020-08-21 13:38:41.000000,16055.0,16100.0,15955.0,16085.0,nan,16024.015769,19025,1524284500.0,23752,16065.0,9,16055.0,13,16070.0,14,16050.0,29,16075.0,181,16045.0,57,16080.0,23,16040.0,5,16085.0,14,16035.0,8
1597988321622566912,1597988321500000000,2020-08-21 13:38:41.500000,16065.0,16100.0,15955.0,16085.0,nan,16024.017923,19026,1524364825.0,23752,16065.0,8,16060.0,1,16070.0,14,16055.0,13,16075.0,181,16050.0,30,16080.0,23,16045.0,57,16085.0,14,16040.0,15
1597988322152177920,1597988322000000000,2020-08-21 13:38:42.000000,16060.0,16100.0,15955.0,16085.0,nan,16024.019814,19027,1524445125.0,23751,16065.0,8,16055.0,13,16070.0,14,16050.0,30,16075.0,181,16045.0,57,16080.0,23,16040.0,15,16085.0,14,16035.0,8
1597988324622758912,1597988324500000000,2020-08-21 13:38:44.500000,16060.0,16100.0,15955.0,16085.0,nan,16024.019814,19027,1524445125.0,23751,16065.0,8,16060.0,4,16070.0,14,16055.0,13,16075.0,181,16050.0,30,16080.0,23,16045.0,57,16085.0,14,16040.0,15
1597988325136811008,1597988325000000000,2020-08-21 13:38:45.000000,16060.0,16100.0,15955.0,16085.0,nan,16024.023596,19029,1524605725.0,23751,16065.0,8,16060.0,2,16070.0,14,16055.0,13,16075.0,181,16050.0,30,16080.0,23,16045.0,57,16085.0,14,16040.0,15
1597988325647223040,1597988325500000000,2020-08-21 13:38:45.500000,16060.0,16100.0,15955.0,16085.0,nan,16024.023596,19029,1524605725.0,23751,16065.0,8,16060.0,4,16070.0,14,16055.0,11,16075.0,181,16050.0,30,16080.0,23,16045.0,57,16085.0,14,16040.0,15
1597988326146904064,1597988326000000000,2020-08-21 13:38:46.000000,16060.0,16100.0,15955.0,16085.0,nan,16024.031156,19033,1524926925.0,23751,16065.0,8,16060.0,3,16070.0,14,16055.0,11,16075.0,181,16050.0,30,16080.0,23,16045.0,57,16085.0,14,16040.0,15
1597988327282249984,1597988327000000000,2020-08-21 13:38:47.000000,16060.0,16100.0,15955.0,16085.0,nan,16024.031156,19033,1524926925.0,23751,16065.0,12,16060.0,6,16070.0,14,16055.0,11,16075.0,181,16050.0,30,16080.0,23,16045.0,57,16085.0,14,16040.0,15
1597988330646198016,1597988330500000000,2020-08-21 13:38:50.500000,16065.0,16100.0,15955.0,16085.0,nan,16024.033309,19034,1525007250.0,23752,16065.0,11,16060.0,12,16070.0,14,16055.0,11,16075.0,181,16050.0,30,16080.0,23,16045.0,57,16085.0,14,16040.0,15
1597988333627612928,1597988333500000000,2020-08-21 13:38:53.500000,16065.0,16100.0,15955.0,16085.0,nan,16024.033309,19034,1525007250.0,23752,16065.0,12,16060.0,12,16070.0,14,16055.0,11,16075.0,181,16050.0,30,16080.0,23,16045.0,57,16085.0,14,16040.0,15
1597988337165369088,1597988337000000000,2020-08-21 13:38:57.000000,16065.0,16100.0,15955.0,16085.0,nan,16024.033309,19034,1525007250.0,23752,16065.0,12,16060.0,10,16070.0,14,16055.0,11,16075.0,181,16050.0,30,16080.0,23,16045.0,57,16085.0,14,16040.0,15
1597988339622064896,1597988339500000000,2020-08-21 13:38:59.500000,16065.0,16100.0,15955.0,16085.0,nan,16024.033309,19034,1525007250.0,23752,16065.0,12,16060.0,11,16070.0,14,16055.0,11,16075.0,181,16050.0,30,16080.0,23,16045.0,57,16085.0,14,16040.0,15
1597988340135868928,1597988340000000000,2020-08-21 13:39:00.000000,16065.0,16100.0,15955.0,16085.0,nan,16024.044067,19039,1525408875.0,23748,16065.0,7,16060.0,11,16070.0,14,16055.0,11,16075.0,181,16050.0,30,16080.0,23,16045.0,57,16085.0,14,16040.0,15
1597988340626884096,1597988340500000000,2020-08-21 13:39:00.500000,16065.0,16100.0,15955.0,16085.0,nan,16024.046218,19040,1525489200.0,23749,16065.0,6,16060.0,11,16070.0,14,16055.0,11,16075.0,181,16050.0,30,16080.0,23,16045.0,57,16085.0,14,16040.0,15
1597988341641092096,1597988341500000000,2020-08-21 13:39:01.500000,16065.0,16100.0,15955.0,16085.0,nan,16024.048369,19041,1525569525.0,23749,16065.0,5,16060.0,11,16070.0,14,16055.0,13,16075.0,181,16050.0,25,16080.0,23,16045.0,57,16085.0,14,16040.0,15
1597988342154496000,1597988342000000000,2020-08-21 13:39:02.000000,16065.0,16100.0,15955.0,16085.0,nan,16024.048369,19041,1525569525.0,23749,16065.0,5,16060.0,11,16070.0,14,16055.0,13,16075.0,182,16050.0,25,16080.0,23,16045.0,57,16085.0,14,16040.0,15
1597988342647408128,1597988342500000000,2020-08-21 13:39:02.500000,16065.0,16100.0,15955.0,16085.0,nan,16024.05052,19042,1525649850.0,23749,16065.0,5,16060.0,14,16070.0,14,16055.0,13,16075.0,182,16050.0,25,16080.0,23,16045.0,57,16085.0,14,16040.0,15
1597988343650374912,1597988343500000000,2020-08-21 13:39:03.500000,16065.0,16100.0,15955.0,16085.0,nan,16024.05267,19043,1525730175.0,23749,16065.0,5,16060.0,16,16070.0,14,16055.0,13,16075.0,182,16050.0,25,16080.0,23,16045.0,57,16085.0,14,16040.0,15
1597988344126230016,1597988344000000000,2020-08-21 13:39:04.000000,16065.0,16100.0,15955.0,16085.0,nan,16024.05267,19043,1525730175.0,23749,16065.0,6,16060.0,16,16070.0,14,16055.0,13,16075.0,182,16050.0,25,16080.0,23,16045.0,57,16085.0,14,16040.0,15
1597988344614469120,1597988344500000000,2020-08-21 13:39:04.500000,16065.0,16100.0,15955.0,16085.0,nan,16024.05482,19044,1525810500.0,23749,16065.0,5,16060.0,16,16070.0,14,16055.0,13,16075.0,182,16050.0,25,16080.0,23,16045.0,57,16085.0,14,16040.0,15
1597988346148006912,1597988346000000000,2020-08-21 13:39:06.000000,16065.0,16100.0,15955.0,16085.0,nan,16024.05482,19044,1525810500.0,23749,16065.0,6,16060.0,17,16070.0,14,16055.0,13,16075.0,182,16050.0,25,16080.0,23,16045.0,57,16085.0,14,16040.0,15
1597988347626964992,1597988347500000000,2020-08-21 13:39:07.500000,16065.0,16100.0,15955.0,16085.0,nan,16024.05482,19044,1525810500.0,23749,16065.0,9,16060.0,17,16070.0,14,16055.0,13,16075.0,182,16050.0,25,16080.0,23,16045.0,57,16085.0,14,16040.0,15
1597988348155301120,1597988348000000000,2020-08-21 13:39:08.000000,16060.0,16100.0,15955.0,16085.0,nan,16024.084995,19060,1527095300.0,23745,16065.0,10,16055.0,13,16070.0,14,16050.0,25,16075.0,182,16045.0,57,16080.0,23,16040.0,15,16085.0,14,16035.0,5
1597988348618855936,1597988348500000000,2020-08-21 13:39:08.500000,16055.0,16100.0,15955.0,16085.0,nan,16024.096035,19066,1527577075.0,23744,16065.0,10,16060.0,2,16070.0,14,16055.0,12,16075.0,182,16050.0,23,16080.0,23,16045.0,57,16085.0,14,16040.0,15
1597988349123907072,1597988349000000000,2020-08-21 13:39:09.000000,16060.0,16100.0,15955.0,16085.0,nan,16024.099801,19068,1527737675.0,23744,16060.0,2,16055.0,12,16065.0,13,16050.0,23,16070.0,17,16045.0,60,16075.0,182,16040.0,15,16080.0,23,16035.0,5
1597988349599728896,1597988349500000000,2020-08-21 13:39:09.500000,16060.0,16100.0,15955.0,16085.0,nan,16024.099801,19068,1527737675.0,23744,16060.0,6,16055.0,13,16065.0,18,16050.0,23,16070.0,17,16045.0,60,16075.0,182,16040.0,15,16080.0,23,16035.0,5
1597988350100446976,1597988350000000000,2020-08-21 13:39:10.000000,16060.0,16100.0,15955.0,16085.0,nan,16024.099801,19068,1527737675.0,23744,16060.0,9,16055.0,8,16065.0,18,16050.0,23,16070.0,17,16045.0,60,16075.0,182,16040.0,14,16080.0,23,16035.0,5
1597988350630348032,1597988350500000000,2020-08-21 13:39:10.500000,16060.0,16100.0,15955.0,16085.0,nan,16024.099801,19068,1527737675.0,23744,16060.0,9,16055.0,8,16065.0,21,16050.0,23,16070.0,14,16045.0,60,16075.0,182,16040.0,14,16080.0,23,16035.0,6
1597988351126690048,1597988351000000000,2020-08-21 13:39:11.000000,16060.0,16100.0,15955.0,16085.0,nan,16024.099801,19068,1527737675.0,23744,16060.0,9,16055.0,9,16065.0,21,16050.0,23,16070.0,14,16045.0,60,16075.0,182,16040.0,14,16080.0,23,16035.0,6
1597988352629012992,1597988352500000000,2020-08-21 13:39:12.500000,16060.0,16100.0,15955.0,16085.0,nan,16024.099801,19068,1527737675.0,23744,16060.0,9,16055.0,12,16065.0,21,16050.0,23,16070.0,14,16045.0,60,16075.0,182,16040.0,14,16080.0,23,16035.0,6
1597988353146566912,1597988353000000000,2020-08-21 13:39:13.000000,16060.0,16100.0,15955.0,16085.0,nan,16024.099801,19068,1527737675.0,23744,16060.0,7,16055.0,12,16065.0,21,16050.0,23,16070.0,14,16045.0,60,16075.0,182,16040.0,14,16080.0,23,16035.0,6
1597988353614424064,1597988353500000000,2020-08-21 13:39:13.500000,16060.0,16100.0,15955.0,16085.0,nan,16024.099801,19068,1527737675.0,23744,16060.0,4,16055.0,12,16065.0,18,16050.0,23,16070.0,17,16045.0,60,16075.0,182,16040.0,14,16080.0,23,16035.0,6
1597988354138843904,1597988354000000000,2020-08-21 13:39:14.000000,16060.0,16100.0,15955.0,16085.0,nan,16024.099801,19068,1527737675.0,23744,16060.0,2,16055.0,12,16065.0,21,16050.0,23,16070.0,17,16045.0,60,16075.0,182,16040.0,14,16080.0,23,16035.0,6
1597988354624894976,1597988354500000000,2020-08-21 13:39:14.500000,16060.0,16100.0,15955.0,16085.0,nan,16024.099801,19068,1527737675.0,23744,16060.0,2,16055.0,13,16065.0,21,16050.0,23,16070.0,17,16045.0,60,16075.0,182,16040.0,14,16080.0,23,16035.0,6
1597988356606940928,1597988356500000000,2020-08-21 13:39:16.500000,16060.0,16100.0,15955.0,16085.0,nan,16024.099801,19068,1527737675.0,23744,16060.0,6,16055.0,13,16065.0,21,16050.0,23,16070.0,17,16045.0,60,16075.0,182,16040.0,14,16080.0,23,16035.0,6
1597988357134023936,1597988357000000000,2020-08-21 13:39:17.000000,16060.0,16100.0,15955.0,16085.0,nan,16024.099801,19068,1527737675.0,23744,16060.0,9,16055.0,12,16065.0,21,16050.0,23,16070.0,17,16045.0,60,16075.0,182,16040.0,14,16080.0,23,16035.0,6
1597988357601092096,1597988357500000000,2020-08-21 13:39:17.500000,16060.0,16100.0,15955.0,16085.0,nan,16024.099801,19068,1527737675.0,23744,16060.0,9,16055.0,9,16065.0,21,16050.0,23,16070.0,17,16045.0,60,16075.0,182,16040.0,14,16080.0,23,16035.0,6
1597988358141991936,1597988358000000000,2020-08-21 13:39:18.000000,16060.0,16100.0,15955.0,16085.0,nan,16024.099801,19068,1527737675.0,23744,16060.0,10,16055.0,9,16065.0,21,16050.0,23,16070.0,17,16045.0,60,16075.0,182,16040.0,14,16080.0,23,16035.0,6
1597988358615896064,1597988358500000000,2020-08-21 13:39:18.500000,16060.0,16100.0,15955.0,16085.0,nan,16024.099801,19068,1527737675.0,23744,16060.0,11,16055.0,9,16065.0,21,16050.0,23,16070.0,17,16045.0,60,16075.0,182,16040.0,14,16080.0,23,16035.0,6
1597988361126600960,1597988361000000000,2020-08-21 13:39:21.000000,16060.0,16100.0,15955.0,16085.0,nan,16024.099801,19068,1527737675.0,23744,16060.0,12,16055.0,9,16065.0,21,16050.0,23,16070.0,17,16045.0,60,16075.0,182,16040.0,14,16080.0,23,16035.0,6
1597988361613110016,1597988361500000000,2020-08-21 13:39:21.500000,16055.0,16100.0,15955.0,16085.0,nan,16024.115997,19078,1528540425.0,23740,16055.0,20,16050.0,24,16060.0,12,16045.0,60,16065.0,21,16040.0,14,16070.0,17,16035.0,6,16075.0,182,16030.0,34
1597988362132421888,1597988362000000000,2020-08-21 13:39:22.000000,16055.0,16100.0,15955.0,16085.0,nan,16024.115997,19078,1528540425.0,23740,16055.0,21,16050.0,24,16060.0,13,16045.0,59,16065.0,21,16040.0,14,16070.0,16,16035.0,8,16075.0,182,16030.0,34
1597988362619191040,1597988362500000000,2020-08-21 13:39:22.500000,16055.0,16100.0,15955.0,16085.0,nan,16024.115997,19078,1528540425.0,23740,16055.0,21,16050.0,23,16060.0,13,16045.0,59,16065.0,21,16040.0,14,16070.0,16,16035.0,8,16075.0,182,16030.0,34
1597988363125113088,1597988363000000000,2020-08-21 13:39:23.000000,16060.0,16100.0,15955.0,16085.0,nan,16024.174341,19112,1531270100.0,23714,16065.0,23,16060.0,66,16070.0,13,16050.0,23,16075.0,182,16045.0,56,16080.0,23,16040.0,17,16085.0,14,16035.0,8
1597988363625315072,1597988363500000000,2020-08-21 13:39:23.500000,16055.0,16100.0,15955.0,16085.0,nan,16024.299234,19179,1536650175.0,23702,16060.0,7,16055.0,3,16065.0,21,16050.0,23,16070.0,13,16045.0,56,16075.0,182,16040.0,17,16080.0,23,16035.0,7
1597988364135459072,1597988364000000000,2020-08-21 13:39:24.000000,16055.0,16100.0,15955.0,16085.0,nan,16024.304035,19182,1536891000.0,23700,16055.0,6,16050.0,26,16060.0,8,16045.0,56,16065.0,23,16040.0,14,16070.0,16,16035.0,7,16075.0,182,16030.0,34
1597988364614501888,1597988364500000000,2020-08-21 13:39:24.500000,16055.0,16100.0,15955.0,16085.0,nan,16024.315233,19189,1537452925.0,23695,16060.0,8,16055.0,3,16065.0,23,16050.0,23,16070.0,16,16045.0,59,16075.0,182,16040.0,14,16080.0,23,16035.0,7
1597988365116128000,1597988365000000000,2020-08-21 13:39:25.000000,16055.0,16100.0,15955.0,16085.0,nan,16024.315233,19189,1537452925.0,23695,16060.0,10,16055.0,5,16065.0,23,16050.0,23,16070.0,16,16045.0,56,16075.0,182,16040.0,17,16080.0,23,16035.0,7
1597988365602580992,1597988365500000000,2020-08-21 13:39:25.500000,16055.0,16100.0,15955.0,16085.0,nan,16024.315233,19189,1537452925.0,23695,16060.0,8,16055.0,5,16065.0,25,16050.0,23,16070.0,13,16045.0,56,16075.0,182,16040.0,17,16080.0,23,16035.0,7
1597988367614029056,1597988367500000000,2020-08-21 13:39:27.500000,16055.0,16100.0,15955.0,16085.0,nan,16024.315233,19189,1537452925.0,23695,16060.0,8,16055.0,5,16065.0,25,16050.0,23,16070.0,14,16045.0,56,16075.0,182,16040.0,17,16080.0,23,16035.0,7
1597988368111077888,1597988368000000000,2020-08-21 13:39:28.000000,16055.0,16100.0,15955.0,16085.0,nan,16024.315233,19189,1537452925.0,23695,16060.0,8,16055.0,5,16065.0,25,16050.0,18,16070.0,14,16045.0,56,16075.0,182,16040.0,17,16080.0,23,16035.0,7
1597988372151418112,1597988372000000000,2020-08-21 13:39:32.000000,16055.0,16100.0,15955.0,16085.0,nan,16024.315233,19189,1537452925.0,23695,16060.0,8,16055.0,5,16065.0,25,16050.0,23,16070.0,14,16045.0,56,16075.0,182,16040.0,17,16080.0,23,16035.0,7
1597988372632105984,1597988372500000000,2020-08-21 13:39:32.500000,16055.0,16100.0,15955.0,16085.0,nan,16024.315233,19189,1537452925.0,23695,16060.0,9,16055.0,5,16065.0,25,16050.0,23,16070.0,14,16045.0,56,16075.0,182,16040.0,17,16080.0,23,16035.0,7
1597988373158908928,1597988373000000000,2020-08-21 13:39:33.000000,16055.0,16100.0,15955.0,16085.0,nan,16024.315233,19189,1537452925.0,23695,16060.0,9,16055.0,7,16065.0,25,16050.0,23,16070.0,14,16045.0,56,16075.0,182,16040.0,17,16080.0,23,16035.0,7
1597988376644076032,1597988376500000000,2020-08-21 13:39:36.500000,16055.0,16100.0,15955.0,16085.0,nan,16024.315233,19189,1537452925.0,23695,16060.0,9,16055.0,13,16065.0,25,16050.0,23,16070.0,14,16045.0,56,16075.0,182,16040.0,17,16080.0,23,16035.0,7
1597988377103923968,1597988377000000000,2020-08-21 13:39:37.000000,16055.0,16100.0,15955.0,16085.0,nan,16024.315233,19189,1537452925.0,23695,16060.0,8,16055.0,13,16065.0,25,16050.0,23,16070.0,14,16045.0,56,16075.0,182,16040.0,17,16080.0,23,16035.0,7
1597988377635269120,1597988377500000000,2020-08-21 13:39:37.500000,16055.0,16100.0,15955.0,16085.0,nan,16024.315233,19189,1537452925.0,23695,16060.0,8,16055.0,13,16065.0,25,16050.0,23,16070.0,14,16045.0,3,16075.0,182,16040.0,17,16080.0,23,16035.0,7
1597988384612370944,1597988384500000000,2020-08-21 13:39:44.500000,16055.0,16100.0,15955.0,16085.0,nan,16024.315233,19189,1537452925.0,23695,16060.0,8,16055.0,13,16065.0,25,16050.0,76,16070.0,14,16045.0,3,16075.0,182,16040.0,17,16080.0,23,16035.0,7
1597988385135216896,1597988385000000000,2020-08-21 13:39:45.000000,16060.0,16100.0,15955.0,16085.0,nan,16024.330104,19197,1538095325.0,23693,16065.0,25,16055.0,15,16070.0,14,16050.0,76,16075.0,179,16045.0,3,16080.0,23,16040.0,17,16085.0,14,16035.0,7
1597988385608897024,1597988385500000000,2020-08-21 13:39:45.500000,16060.0,16100.0,15955.0,16085.0,nan,16024.330104,19197,1538095325.0,23693,16065.0,25,16055.0,16,16070.0,15,16050.0,76,16075.0,179,16045.0,3,16080.0,23,16040.0,17,16085.0,14,16035.0,7
1597988386611036928,1597988386500000000,2020-08-21 13:39:46.500000,16060.0,16100.0,15955.0,16085.0,nan,16024.331962,19198,1538175625.0,23694,16065.0,25,16060.0,4,16070.0,15,16055.0,16,16075.0,179,16050.0,76,16080.0,23,16045.0,3,16085.0,14,16040.0,17
1597988387147834880,1597988387000000000,2020-08-21 13:39:47.000000,16060.0,16100.0,15955.0,16085.0,nan,16024.335677,19200,1538336225.0,23695,16065.0,25,16060.0,2,16070.0,15,16055.0,13,16075.0,179,16050.0,76,16080.0,23,16045.0,6,16085.0,14,16040.0,15
1597988387624768000,1597988387500000000,2020-08-21 13:39:47.500000,16060.0,16100.0,15955.0,16085.0,nan,16024.339392,19202,1538496825.0,23696,16060.0,3,16055.0,13,16065.0,22,16050.0,79,16070.0,18,16045.0,3,16075.0,179,16040.0,15,16080.0,23,16035.0,6
1597988388147791104,1597988388000000000,2020-08-21 13:39:48.000000,16060.0,16100.0,15955.0,16085.0,nan,16024.344962,19205,1538737725.0,23693,16065.0,15,16060.0,7,16070.0,18,16055.0,13,16075.0,179,16050.0,76,16080.0,23,16045.0,6,16085.0,14,16040.0,15
1597988388625414912,1597988388500000000,2020-08-21 13:39:48.500000,16065.0,16100.0,15955.0,16085.0,nan,16024.347079,19206,1538818050.0,23693,16065.0,14,16060.0,7,16070.0,18,16055.0,13,16075.0,179,16050.0,76,16080.0,23,16045.0,3,16085.0,14,16040.0,18
1597988389116345088,1597988389000000000,2020-08-21 13:39:49.000000,16065.0,16100.0,15955.0,16085.0,nan,16024.347079,19206,1538818050.0,23693,16065.0,14,16060.0,7,16070.0,18,16055.0,13,16075.0,178,16050.0,76,16080.0,23,16045.0,6,16085.0,14,16040.0,15
1597988389611386112,1597988389500000000,2020-08-21 13:39:49.500000,16065.0,16100.0,15955.0,16085.0,nan,16024.347079,19206,1538818050.0,23693,16065.0,14,16060.0,7,16070.0,18,16055.0,13,16075.0,178,16050.0,76,16080.0,24,16045.0,6,16085.0,14,16040.0,15
1597988390165630976,1597988390000000000,2020-08-21 13:39:50.000000,16065.0,16100.0,15955.0,16085.0,nan,16024.347079,19206,1538818050.0,23693,16065.0,14,16060.0,7,16070.0,18,16055.0,14,16075.0,178,16050.0,76,16080.0,24,16045.0,6,16085.0,14,16040.0,15
1597988391611118080,1597988391500000000,2020-08-21 13:39:51.500000,16065.0,16100.0,15955.0,16085.0,nan,16024.347079,19206,1538818050.0,23693,16065.0,14,16060.0,11,16070.0,18,16055.0,14,16075.0,178,16050.0,76,16080.0,24,16045.0,6,16085.0,14,16040.0,15
1597988392111431936,1597988392000000000,2020-08-21 13:39:52.000000,16060.0,16100.0,15955.0,16085.0,nan,16024.348935,19207,1538898350.0,23692,16065.0,14,16060.0,10,16070.0,18,16055.0,14,16075.0,178,16050.0,76,16080.0,24,16045.0,6,16085.0,14,16040.0,15
1597988393153850112,1597988393000000000,2020-08-21 13:39:53.000000,16065.0,16100.0,15955.0,16085.0,nan,16024.370089,19217,1539701600.0,23697,16065.0,4,16060.0,10,16070.0,18,16055.0,14,16075.0,178,16050.0,76,16080.0,24,16045.0,6,16085.0,14,16040.0,16
1597988393608054016,1597988393500000000,2020-08-21 13:39:53.500000,16065.0,16100.0,15955.0,16085.0,nan,16024.378544,19221,1540022900.0,23697,16070.0,18,16060.0,12,16075.0,178,16055.0,14,16080.0,24,16050.0,76,16085.0,14,16045.0,6,16090.0,7,16040.0,16
1597988394110636032,1597988394000000000,2020-08-21 13:39:54.000000,16065.0,16100.0,15955.0,16085.0,nan,16024.378544,19221,1540022900.0,23697,16065.0,1,16060.0,12,16070.0,18,16055.0,14,16075.0,178,16050.0,76,16080.0,23,16045.0,6,16085.0,15,16040.0,16
1597988394617012992,1597988394500000000,2020-08-21 13:39:54.500000,16065.0,16100.0,15955.0,16085.0,nan,16024.378544,19221,1540022900.0,23697,16065.0,1,16060.0,12,16070.0,22,16055.0,14,16075.0,178,16050.0,76,16080.0,23,16045.0,6,16085.0,15,16040.0,16
1597988395614208000,1597988395500000000,2020-08-21 13:39:55.500000,16065.0,16100.0,15955.0,16085.0,nan,16024.378544,19221,1540022900.0,23697,16065.0,1,16060.0,12,16070.0,25,16055.0,14,16075.0,178,16050.0,76,16080.0,23,16045.0,6,16085.0,15,16040.0,16
1597988396153015040,1597988396000000000,2020-08-21 13:39:56.000000,16065.0,16100.0,15955.0,16085.0,nan,16024.378544,19221,1540022900.0,23697,16065.0,1,16060.0,12,16070.0,25,16055.0,14,16075.0,178,16050.0,75,16080.0,23,16045.0,6,16085.0,15,16040.0,16
1597988396644294912,1597988396500000000,2020-08-21 13:39:56.500000,16065.0,16100.0,15955.0,16085.0,nan,16024.378544,19221,1540022900.0,23697,16065.0,1,16060.0,12,16070.0,25,16055.0,14,16075.0,178,16050.0,22,16080.0,23,16045.0,6,16085.0,15,16040.0,16
1597988397170936064,1597988397000000000,2020-08-21 13:39:57.000000,16065.0,16100.0,15955.0,16085.0,nan,16024.378544,19221,1540022900.0,23697,16065.0,3,16060.0,12,16070.0,25,16055.0,14,16075.0,178,16050.0,22,16080.0,23,16045.0,6,16085.0,15,16040.0,16
1597988397649859072,1597988397500000000,2020-08-21 13:39:57.500000,16065.0,16100.0,15955.0,16085.0,nan,16024.378544,19221,1540022900.0,23697,16065.0,5,16060.0,12,16070.0,25,16055.0,14,16075.0,178,16050.0,22,16080.0,23,16045.0,6,16085.0,15,16040.0,16
1597988398166732032,1597988398000000000,2020-08-21 13:39:58.000000,16065.0,16100.0,15955.0,16085.0,nan,16024.378544,19221,1540022900.0,23697,16065.0,5,16060.0,9,16070.0,25,16055.0,14,16075.0,178,16050.0,22,16080.0,23,16045.0,6,16085.0,15,16040.0,16
1597988399147866880,1597988399000000000,2020-08-21 13:39:59.000000,16065.0,16100.0,15955.0,16085.0,nan,16024.378544,19221,1540022900.0,23697,16065.0,5,16060.0,9,16070.0,26,16055.0,14,16075.0,178,16050.0,22,16080.0,23,16045.0,6,16085.0,15,16040.0,16
1597988401107656960,1597988401000000000,2020-08-21 13:40:01.000000,16065.0,16100.0,15955.0,16085.0,nan,16024.378544,19221,1540022900.0,23697,16065.0,5,16060.0,12,16070.0,26,16055.0,67,16075.0,178,16050.0,22,16080.0,23,16045.0,6,16085.0,15,16040.0,16
1597988401605978112,1597988401500000000,2020-08-21 13:40:01.500000,16065.0,16100.0,15955.0,16085.0,nan,16024.378544,19221,1540022900.0,23697,16065.0,1,16060.0,12,16070.0,26,16055.0,67,16075.0,178,16050.0,22,16080.0,23,16045.0,6,16085.0,15,16040.0,16
1597988402153667072,1597988402000000000,2020-08-21 13:40:02.000000,16060.0,16100.0,15955.0,16085.0,nan,16024.382511,19223,1540183525.0,23696,16070.0,29,16060.0,12,16075.0,178,16055.0,66,16080.0,23,16050.0,22,16085.0,15,16045.0,6,16090.0,7,16040.0,16
1597988402611961088,1597988402500000000,2020-08-21 13:40:02.500000,16070.0,16100.0,15955.0,16085.0,nan,16024.402038,19232,1540906500.0,23693,16070.0,27,16065.0,4,16075.0,178,16060.0,11,16080.0,23,16055.0,66,16085.0,15,16050.0,22,16090.0,7,16045.0,6
1597988403141829120,1597988403000000000,2020-08-21 13:40:03.000000,16065.0,16100.0,15955.0,16085.0,nan,16024.41259,19237,1541308125.0,23691,16065.0,5,16060.0,10,16070.0,25,16055.0,65,16075.0,178,16050.0,22,16080.0,23,16045.0,11,16085.0,15,16040.0,16
1597988403629440000,1597988403500000000,2020-08-21 13:40:03.500000,16060.0,16100.0,15955.0,16085.0,nan,16024.421838,19242,1541709625.0,23690,16070.0,28,16060.0,4,16075.0,178,16055.0,65,16080.0,23,16050.0,22,16085.0,15,16045.0,11,16090.0,7,16040.0,16
1597988404137686016,1597988404000000000,2020-08-21 13:40:04.000000,16060.0,16100.0,15955.0,16085.0,nan,16024.421838,19242,1541709625.0,23690,16065.0,5,16060.0,6,16070.0,28,16055.0,65,16075.0,178,16050.0,22,16080.0,23,16045.0,11,16085.0,15,16040.0,16
1597988404648934912,1597988404500000000,2020-08-21 13:40:04.500000,16060.0,16100.0,15955.0,16085.0,nan,16024.421838,19242,1541709625.0,23690,16065.0,5,16060.0,5,16070.0,28,16055.0,65,16075.0,178,16050.0,22,16080.0,23,16045.0,11,16085.0,15,16040.0,16
1597988405152977920,1597988405000000000,2020-08-21 13:40:05.000000,16065.0,16100.0,15955.0,16085.0,nan,16024.426055,19244,1541870275.0,23692,16065.0,4,16060.0,5,16070.0,28,16055.0,65,16075.0,178,16050.0,22,16080.0,23,16045.0,11,16085.0,15,16040.0,16
1597988405630247936,1597988405500000000,2020-08-21 13:40:05.500000,16060.0,16100.0,15955.0,16085.0,nan,16024.429752,19246,1542030875.0,23692,16065.0,6,16060.0,3,16070.0,28,16055.0,65,16075.0,178,16050.0,22,16080.0,23,16045.0,11,16085.0,15,16040.0,16
1597988406151302912,1597988406000000000,2020-08-21 13:40:06.000000,16060.0,16100.0,15955.0,16085.0,nan,16024.429752,19246,1542030875.0,23692,16065.0,9,16060.0,3,16070.0,28,16055.0,65,16075.0,178,16050.0,22,16080.0,23,16045.0,11,16085.0,15,16040.0,16
1597988406620631040,1597988406500000000,2020-08-21 13:40:06.500000,16065.0,16100.0,15955.0,16085.0,nan,16024.448715,19255,1542753800.0,23690,16070.0,28,16060.0,5,16075.0,178,16055.0,65,16080.0,23,16050.0,22,16085.0,15,16045.0,11,16090.0,7,16040.0,16
1597988407128562944,1597988407000000000,2020-08-21 13:40:07.000000,16065.0,16100.0,15955.0,16085.0,nan,16024.448715,19255,1542753800.0,23690,16070.0,21,16060.0,7,16075.0,178,16055.0,65,16080.0,21,16050.0,22,16085.0,15,16045.0,12,16090.0,7,16040.0,16
1597988408179921920,1597988408000000000,2020-08-21 13:40:08.000000,16065.0,16100.0,15955.0,16085.0,nan,16024.448715,19255,1542753800.0,23690,16070.0,21,16060.0,11,16075.0,178,16055.0,65,16080.0,21,16050.0,22,16085.0,15,16045.0,12,16090.0,7,16040.0,16
1597988411630983936,1597988411500000000,2020-08-21 13:40:11.500000,16060.0,16100.0,15955.0,16085.0,nan,16024.450561,19256,1542834100.0,23690,16070.0,21,16060.0,10,16075.0,178,16055.0,65,16080.0,21,16050.0,22,16085.0,15,16045.0,12,16090.0,7,16040.0,16
1597988413646068992,1597988413500000000,2020-08-21 13:40:13.500000,16060.0,16100.0,15955.0,16085.0,nan,16024.450561,19256,1542834100.0,23690,16065.0,1,16060.0,10,16070.0,21,16055.0,65,16075.0,178,16050.0,22,16080.0,21,16045.0,12,16085.0,15,16040.0,16
1597988414150746880,1597988414000000000,2020-08-21 13:40:14.000000,16060.0,16100.0,15955.0,16085.0,nan,16024.450561,19256,1542834100.0,23690,16065.0,1,16060.0,10,16070.0,21,16055.0,65,16075.0,178,16050.0,22,16080.0,22,16045.0,12,16085.0,15,16040.0,16
1597988414640105984,1597988414500000000,2020-08-21 13:40:14.500000,16060.0,16100.0,15955.0,16085.0,nan,16024.450561,19256,1542834100.0,23690,16065.0,3,16060.0,10,16070.0,21,16055.0,65,16075.0,178,16050.0,22,16080.0,22,16045.0,12,16085.0,15,16040.0,16
1597988415136773888,1597988415000000000,2020-08-21 13:40:15.000000,16060.0,16100.0,15955.0,16085.0,nan,16024.450561,19256,1542834100.0,23690,16065.0,5,16060.0,10,16070.0,21,16055.0,65,16075.0,178,16050.0,22,16080.0,22,16045.0,12,16085.0,15,16040.0,16
1597988415694971904,1597988415500000000,2020-08-21 13:40:15.500000,16060.0,16100.0,15955.0,16085.0,nan,16024.450561,19256,1542834100.0,23690,16065.0,5,16060.0,9,16070.0,21,16055.0,65,16075.0,178,16050.0,22,16080.0,22,16045.0,12,16085.0,15,16040.0,16
1597988417637195008,1597988417500000000,2020-08-21 13:40:17.500000,16060.0,16100.0,15955.0,16085.0,nan,16024.450561,19256,1542834100.0,23690,16065.0,5,16060.0,9,16070.0,21,16055.0,12,16075.0,178,16050.0,22,16080.0,22,16045.0,12,16085.0,15,16040.0,16
1597988418144369920,1597988418000000000,2020-08-21 13:40:18.000000,16065.0,16100.0,15955.0,16085.0,nan,16024.467428,19265,1543556825.0,23692,16065.0,5,16055.0,13,16070.0,21,16050.0,22,16075.0,178,16045.0,12,16080.0,22,16040.0,16,16085.0,15,16035.0,5
1597988418624107008,1597988418500000000,2020-08-21 13:40:18.500000,16055.0,16100.0,15955.0,16085.0,nan,16024.469013,19266,1543637100.0,23692,16065.0,7,16055.0,12,16070.0,21,16050.0,22,16075.0,178,16045.0,12,16080.0,22,16040.0,16,16085.0,15,16035.0,5
1597988419118211072,1597988419000000000,2020-08-21 13:40:19.000000,16055.0,16100.0,15955.0,16085.0,nan,16024.469013,19266,1543637100.0,23692,16060.0,2,16055.0,14,16065.0,7,16050.0,24,16070.0,21,16045.0,12,16075.0,178,16040.0,16,16080.0,22,16035.0,5
1597988419643662080,1597988419500000000,2020-08-21 13:40:19.500000,16055.0,16100.0,15955.0,16085.0,nan,16024.469013,19266,1543637100.0,23692,16060.0,2,16055.0,14,16065.0,8,16050.0,24,16070.0,21,16045.0,12,16075.0,178,16040.0,16,16080.0,23,16035.0,5
1597988420107223040,1597988420000000000,2020-08-21 13:40:20.000000,16055.0,16100.0,15955.0,16085.0,nan,16024.469013,19266,1543637100.0,23692,16060.0,4,16055.0,14,16065.0,10,16050.0,34,16070.0,21,16045.0,12,16075.0,178,16040.0,16,16080.0,23,16035.0,5
1597988420615311104,1597988420500000000,2020-08-21 13:40:20.500000,16055.0,16100.0,15955.0,16085.0,nan,16024.472182,19268,1543797650.0,23693,16060.0,4,16055.0,9,16065.0,10,16050.0,32,16070.0,21,16045.0,11,16075.0,178,16040.0,16,16080.0,23,16035.0,5
1597988421121101056,1597988421000000000,2020-08-21 13:40:21.000000,16060.0,16100.0,15955.0,16085.0,nan,16024.493802,19281,1544841325.0,23702,16065.0,10,16060.0,49,16070.0,21,16050.0,32,16075.0,178,16045.0,11,16080.0,22,16040.0,16,16085.0,14,16035.0,6
1597988421614066944,1597988421500000000,2020-08-21 13:40:21.500000,16060.0,16100.0,15955.0,16085.0,nan,16024.52508,19298,1546206425.0,23719,16065.0,11,16060.0,33,16070.0,22,16055.0,3,16075.0,178,16050.0,32,16080.0,22,16045.0,8,16085.0,14,16040.0,19
1597988422115217920,1597988422000000000,2020-08-21 13:40:22.000000,16060.0,16100.0,15955.0,16085.0,nan,16024.53978,19306,1546848825.0,23723,16065.0,18,16060.0,25,16070.0,22,16055.0,3,16075.0,178,16050.0,32,16080.0,22,16045.0,11,16085.0,14,16040.0,16
1597988422664243968,1597988422500000000,2020-08-21 13:40:22.500000,16065.0,16100.0,15955.0,16085.0,nan,16024.58773,19332,1548936650.0,23734,16065.0,17,16055.0,3,16070.0,22,16050.0,32,16075.0,178,16045.0,11,16080.0,22,16040.0,16,16085.0,14,16035.0,6
1597988423143341056,1597988423000000000,2020-08-21 13:40:23.000000,16055.0,16100.0,15955.0,16085.0,nan,16024.589303,19333,1549016925.0,23735,16060.0,3,16055.0,4,16065.0,15,16050.0,32,16070.0,22,16045.0,11,16075.0,178,16040.0,16,16080.0,22,16035.0,6
1597988423626330880,1597988423500000000,2020-08-21 13:40:23.500000,16055.0,16100.0,15955.0,16085.0,nan,16024.589303,19333,1549016925.0,23735,16060.0,2,16055.0,5,16065.0,17,16050.0,32,16070.0,22,16045.0,11,16075.0,178,16040.0,16,16080.0,22,16035.0,6
1597988424209112064,1597988424000000000,2020-08-21 13:40:24.000000,16055.0,16100.0,15955.0,16085.0,nan,16024.589303,19333,1549016925.0,23735,16060.0,2,16055.0,5,16065.0,17,16050.0,32,16070.0,22,16045.0,8,16075.0,178,16040.0,19,16080.0,22,16035.0,6
1597988427130825984,1597988427000000000,2020-08-21 13:40:27.000000,16055.0,16100.0,15955.0,16085.0,nan,16024.589303,19333,1549016925.0,23735,16060.0,2,16055.0,5,16065.0,17,16050.0,32,16070.0,22,16045.0,8,16075.0,178,16040.0,18,16080.0,22,16035.0,6
1597988429128604928,1597988429000000000,2020-08-21 13:40:29.000000,16055.0,16100.0,15955.0,16085.0,nan,16024.589303,19333,1549016925.0,23735,16060.0,2,16055.0,5,16065.0,17,16050.0,32,16070.0,22,16045.0,9,16075.0,178,16040.0,18,16080.0,22,16035.0,6
1597988431108229888,1597988431000000000,2020-08-21 13:40:31.000000,16060.0,16100.0,15955.0,16085.0,nan,16024.592966,19335,1549177525.0,23734,16065.0,17,16055.0,11,16070.0,22,16050.0,32,16075.0,178,16045.0,9,16080.0,22,16040.0,18,16085.0,14,16035.0,6
1597988431633387008,1597988431500000000,2020-08-21 13:40:31.500000,16060.0,16100.0,15955.0,16085.0,nan,16024.594797,19336,1549257825.0,23734,16065.0,17,16055.0,11,16070.0,22,16050.0,32,16075.0,178,16045.0,9,16080.0,22,16040.0,18,16085.0,14,16035.0,6
1597988432125997056,1597988432000000000,2020-08-21 13:40:32.000000,16060.0,16100.0,15955.0,16085.0,nan,16024.594797,19336,1549257825.0,23734,16060.0,1,16055.0,11,16065.0,10,16050.0,32,16070.0,22,16045.0,12,16075.0,178,16040.0,15,16080.0,22,16035.0,6
1597988432609843968,1597988432500000000,2020-08-21 13:40:32.500000,16060.0,16100.0,15955.0,16085.0,nan,16024.596628,19337,1549338125.0,23734,16065.0,10,16055.0,11,16070.0,22,16050.0,32,16075.0,178,16045.0,12,16080.0,22,16040.0,15,16085.0,14,16035.0,6
1597988433133053952,1597988433000000000,2020-08-21 13:40:33.000000,16060.0,16100.0,15955.0,16085.0,nan,16024.596628,19337,1549338125.0,23734,16065.0,10,16055.0,11,16070.0,22,16050.0,32,16075.0,178,16045.0,11,16080.0,22,16040.0,15,16085.0,14,16035.0,6
1597988433615648000,1597988433500000000,2020-08-21 13:40:33.500000,16055.0,16100.0,15955.0,16085.0,nan,16024.5982,19338,1549418400.0,23735,16060.0,1,16055.0,10,16065.0,10,16050.0,32,16070.0,22,16045.0,11,16075.0,178,16040.0,15,16080.0,22,16035.0,6
1597988434109575936,1597988434000000000,2020-08-21 13:40:34.000000,16055.0,16100.0,15955.0,16085.0,nan,16024.5982,19338,1549418400.0,23735,16060.0,1,16055.0,10,16065.0,10,16050.0,23,16070.0,22,16045.0,11,16075.0,178,16040.0,15,16080.0,22,16035.0,6
1597988436165038080,1597988436000000000,2020-08-21 13:40:36.000000,16055.0,16100.0,15955.0,16085.0,nan,16024.5982,19338,1549418400.0,23735,16060.0,1,16055.0,10,16065.0,10,16050.0,24,16070.0,22,16045.0,11,16075.0,178,16040.0,15,16080.0,22,16035.0,6
1597988436614776064,1597988436500000000,2020-08-21 13:40:36.500000,16055.0,16100.0,15955.0,16085.0,nan,16024.601344,19340,1549578950.0,23736,16060.0,2,16055.0,8,16065.0,10,16050.0,24,16070.0,22,16045.0,11,16075.0,178,16040.0,15,16080.0,22,16035.0,6
1597988437109997056,1597988437000000000,2020-08-21 13:40:37.000000,16055.0,16100.0,15955.0,16085.0,nan,16024.601344,19340,1549578950.0,23736,16060.0,3,16055.0,9,16065.0,10,16050.0,24,16070.0,22,16045.0,11,16075.0,178,16040.0,15,16080.0,22,16035.0,6
1597988437616766976,1597988437500000000,2020-08-21 13:40:37.500000,16055.0,16100.0,15955.0,16085.0,nan,16024.601344,19340,1549578950.0,23736,16060.0,2,16055.0,9,16065.0,11,16050.0,24,16070.0,22,16045.0,11,16075.0,178,16040.0,15,16080.0,22,16035.0,6
1597988438148528128,1597988438000000000,2020-08-21 13:40:38.000000,16055.0,16100.0,15955.0,16085.0,nan,16024.601344,19340,1549578950.0,23736,16060.0,4,16055.0,7,16065.0,11,16050.0,24,16070.0,22,16045.0,11,16075.0,178,16040.0,15,16080.0,22,16035.0,6
1597988443111663104,1597988443000000000,2020-08-21 13:40:43.000000,16055.0,16100.0,15955.0,16085.0,nan,16024.601344,19340,1549578950.0,23736,16060.0,4,16055.0,7,16065.0,11,16050.0,24,16070.0,19,16045.0,11,16075.0,178,16040.0,15,16080.0,22,16035.0,6
1597988443636654080,1597988443500000000,2020-08-21 13:40:43.500000,16055.0,16100.0,15955.0,16085.0,nan,16024.602916,19341,1549659225.0,23736,16060.0,24,16055.0,6,16065.0,11,16050.0,24,16070.0,19,16045.0,11,16075.0,178,16040.0,15,16080.0,22,16035.0,6
1597988444156305920,1597988444000000000,2020-08-21 13:40:44.000000,16055.0,16100.0,15955.0,16085.0,nan,16024.60763,19344,1549900050.0,23736,16060.0,24,16050.0,23,16065.0,11,16045.0,11,16070.0,19,16040.0,15,16075.0,178,16035.0,6,16080.0,22,16030.0,32
1597988444643353088,1597988444500000000,2020-08-21 13:40:44.500000,16055.0,16100.0,15955.0,16085.0,nan,16024.60763,19344,1549900050.0,23736,16060.0,24,16055.0,1,16065.0,11,16050.0,23,16070.0,19,16045.0,11,16075.0,178,16040.0,14,16080.0,22,16035.0,7
1597988445133707008,1597988445000000000,2020-08-21 13:40:45.000000,16055.0,16100.0,15955.0,16085.0,nan,16024.610772,19346,1550060600.0,23735,16055.0,1,16050.0,23,16060.0,24,16045.0,11,16065.0,11,16040.0,14,16070.0,19,16035.0,7,16075.0,178,16030.0,32
1597988445616674048,1597988445500000000,2020-08-21 13:40:45.500000,16055.0,16100.0,15955.0,16085.0,nan,16024.612343,19347,1550140875.0,23734,16060.0,25,16055.0,3,16065.0,11,16050.0,23,16070.0,19,16045.0,11,16075.0,178,16040.0,14,16080.0,22,16035.0,7
1597988446134639104,1597988446000000000,2020-08-21 13:40:46.000000,16055.0,16100.0,15955.0,16085.0,nan,16024.612343,19347,1550140875.0,23734,16060.0,26,16055.0,3,16065.0,14,16050.0,23,16070.0,16,16045.0,11,16075.0,178,16040.0,14,16080.0,22,16035.0,7
1597988446605296128,1597988446500000000,2020-08-21 13:40:46.500000,16055.0,16100.0,15955.0,16085.0,nan,16024.612343,19347,1550140875.0,23734,16060.0,26,16055.0,5,16065.0,11,16050.0,23,16070.0,19,16045.0,11,16075.0,178,16040.0,14,16080.0,22,16035.0,7
1597988448118842880,1597988448000000000,2020-08-21 13:40:48.000000,16055.0,16100.0,15955.0,16085.0,nan,16024.612343,19347,1550140875.0,23734,16060.0,26,16055.0,5,16065.0,11,16050.0,24,16070.0,19,16045.0,11,16075.0,178,16040.0,14,16080.0,22,16035.0,7
1597988448634044928,1597988448500000000,2020-08-21 13:40:48.500000,16055.0,16100.0,15955.0,16085.0,nan,16024.612343,19347,1550140875.0,23734,16060.0,26,16055.0,5,16065.0,12,16050.0,24,16070.0,19,16045.0,11,16075.0,178,16040.0,14,16080.0,22,16035.0,7
1597988450116174080,1597988450000000000,2020-08-21 13:40:50.000000,16055.0,16100.0,15955.0,16085.0,nan,16024.612343,19347,1550140875.0,23734,16060.0,26,16055.0,5,16065.0,12,16050.0,24,16070.0,19,16045.0,11,16075.0,177,16040.0,14,16080.0,22,16035.0,7
1597988451611208960,1597988451500000000,2020-08-21 13:40:51.500000,16055.0,16100.0,15955.0,16085.0,nan,16024.612343,19347,1550140875.0,23734,16060.0,25,16055.0,5,16065.0,12,16050.0,24,16070.0,20,16045.0,11,16075.0,177,16040.0,14,16080.0,22,16035.0,7
1597988452122582016,1597988452000000000,2020-08-21 13:40:52.000000,16055.0,16100.0,15955.0,16085.0,nan,16024.613914,19348,1550221150.0,23733,16060.0,25,16055.0,4,16065.0,12,16050.0,24,16070.0,20,16045.0,11,16075.0,177,16040.0,14,16080.0,22,16035.0,7
1597988452621390080,1597988452500000000,2020-08-21 13:40:52.500000,16055.0,16100.0,15955.0,16085.0,nan,16024.613914,19348,1550221150.0,23733,16060.0,26,16055.0,4,16065.0,12,16050.0,24,16070.0,20,16045.0,11,16075.0,177,16040.0,14,16080.0,22,16035.0,7
1597988453145643008,1597988453000000000,2020-08-21 13:40:53.000000,16055.0,16100.0,15955.0,16085.0,nan,16024.620194,19352,1550542250.0,23731,16060.0,26,16050.0,24,16065.0,12,16045.0,11,16070.0,20,16040.0,14,16075.0,177,16035.0,7,16080.0,22,16030.0,33
1597988454123309056,1597988454000000000,2020-08-21 13:40:54.000000,16050.0,16100.0,15955.0,16085.0,nan,16024.621506,19353,1550622500.0,23732,16060.0,26,16050.0,23,16065.0,12,16045.0,11,16070.0,20,16040.0,14,16075.0,177,16035.0,7,16080.0,22,16030.0,33
1597988455133560064,1597988455000000000,2020-08-21 13:40:55.000000,16050.0,16100.0,15955.0,16085.0,nan,16024.621506,19353,1550622500.0,23732,16060.0,26,16050.0,23,16065.0,11,16045.0,11,16070.0,20,16040.0,14,16075.0,177,16035.0,7,16080.0,22,16030.0,33
1597988457601690112,1597988457500000000,2020-08-21 13:40:57.500000,16050.0,16100.0,15955.0,16085.0,nan,16024.622817,19354,1550702750.0,23733,16055.0,1,16050.0,22,16060.0,26,16045.0,11,16065.0,11,16040.0,14,16070.0,20,16035.0,7,16075.0,177,16030.0,33
1597988458110726912,1597988458000000000,2020-08-21 13:40:58.000000,16050.0,16100.0,15955.0,16085.0,nan,16024.622817,19354,1550702750.0,23733,16055.0,1,16050.0,22,16060.0,26,16045.0,11,16065.0,11,16040.0,14,16070.0,20,16035.0,7,16075.0,178,16030.0,33
1597988458612696064,1597988458500000000,2020-08-21 13:40:58.500000,16055.0,16100.0,15955.0,16085.0,nan,16024.624386,19355,1550783025.0,23732,16060.0,26,16050.0,22,16065.0,11,16045.0,11,16070.0,20,16040.0,14,16075.0,178,16035.0,7,16080.0,22,16030.0,33
1597988459121161984,1597988459000000000,2020-08-21 13:40:59.000000,16055.0,16100.0,15955.0,16085.0,nan,16024.624386,19355,1550783025.0,23732,16060.0,26,16050.0,22,16065.0,14,16045.0,11,16070.0,17,16040.0,14,16075.0,178,16035.0,7,16080.0,22,16030.0,33
1597988459618406912,1597988459500000000,2020-08-21 13:40:59.500000,16055.0,16100.0,15955.0,16085.0,nan,16024.624386,19355,1550783025.0,23732,16060.0,26,16050.0,22,16065.0,11,16045.0,11,16070.0,17,16040.0,14,16075.0,178,16035.0,7,16080.0,22,16030.0,33
1597988460137812992,1597988460000000000,2020-08-21 13:41:00.000000,16055.0,16100.0,15955.0,16085.0,nan,16024.624386,19355,1550783025.0,23732,16060.0,27,16050.0,23,16065.0,11,16045.0,11,16070.0,17,16040.0,14,16075.0,178,16035.0,7,16080.0,22,16030.0,33
1597988461110041088,1597988461000000000,2020-08-21 13:41:01.000000,16055.0,16100.0,15955.0,16085.0,nan,16024.624386,19355,1550783025.0,23732,16060.0,27,16055.0,2,16065.0,11,16050.0,23,16070.0,17,16045.0,11,16075.0,178,16040.0,14,16080.0,22,16035.0,7
1597988461622130944,1597988461500000000,2020-08-21 13:41:01.500000,16055.0,16100.0,15955.0,16085.0,nan,16024.624386,19355,1550783025.0,23732,16060.0,27,16055.0,2,16065.0,11,16050.0,24,16070.0,17,16045.0,11,16075.0,178,16040.0,14,16080.0,22,16035.0,7
1597988462163330048,1597988462000000000,2020-08-21 13:41:02.000000,16055.0,16100.0,15955.0,16085.0,nan,16024.624386,19355,1550783025.0,23732,16060.0,27,16055.0,2,16065.0,12,16050.0,24,16070.0,17,16045.0,11,16075.0,178,16040.0,14,16080.0,22,16035.0,7
1597988463126757888,1597988463000000000,2020-08-21 13:41:03.000000,16055.0,16100.0,15955.0,16085.0,nan,16024.624386,19355,1550783025.0,23732,16060.0,27,16055.0,2,16065.0,12,16050.0,26,16070.0,17,16045.0,11,16075.0,178,16040.0,14,16080.0,22,16035.0,7
1597988463608580096,1597988463500000000,2020-08-21 13:41:03.500000,16055.0,16100.0,15955.0,16085.0,nan,16024.624386,19355,1550783025.0,23732,16060.0,27,16055.0,6,16065.0,12,16050.0,26,16070.0,17,16045.0,12,16075.0,178,16040.0,14,16080.0,22,16035.0,6
1597988464135913984,1597988464000000000,2020-08-21 13:41:04.000000,16055.0,16100.0,15955.0,16085.0,nan,16024.625956,19356,1550863300.0,23732,16060.0,26,16055.0,8,16065.0,12,16050.0,26,16070.0,17,16045.0,12,16075.0,178,16040.0,14,16080.0,22,16035.0,6
1597988466617042944,1597988466500000000,2020-08-21 13:41:06.500000,16055.0,16100.0,15955.0,16085.0,nan,16024.625956,19356,1550863300.0,23732,16060.0,25,16055.0,9,16065.0,12,16050.0,26,16070.0,17,16045.0,12,16075.0,178,16040.0,14,16080.0,22,16035.0,6
1597988468622214912,1597988468500000000,2020-08-21 13:41:08.500000,16055.0,16100.0,15955.0,16085.0,nan,16024.625956,19356,1550863300.0,23732,16060.0,25,16055.0,9,16065.0,12,16050.0,25,16070.0,17,16045.0,12,16075.0,178,16040.0,14,16080.0,22,16035.0,6
1597988470621733888,1597988470500000000,2020-08-21 13:41:10.500000,16055.0,16100.0,15955.0,16085.0,nan,16024.625956,19356,1550863300.0,23732,16060.0,25,16055.0,10,16065.0,12,16050.0,25,16070.0,17,16045.0,12,16075.0,178,16040.0,14,16080.0,22,16035.0,6
1597988473108613120,1597988473000000000,2020-08-21 13:41:13.000000,16055.0,16100.0,15955.0,16085.0,nan,16024.625956,19356,1550863300.0,23732,16060.0,25,16055.0,10,16065.0,12,16050.0,24,16070.0,17,16045.0,12,16075.0,178,16040.0,14,16080.0,22,16035.0,6
1597988477624642048,1597988477500000000,2020-08-21 13:41:17.500000,16055.0,16100.0,15955.0,16085.0,nan,16024.636936,19363,1551425225.0,23726,16060.0,25,16055.0,5,16065.0,12,16050.0,24,16070.0,17,16045.0,12,16075.0,178,16040.0,14,16080.0,22,16035.0,6
1597988478153552896,1597988478000000000,2020-08-21 13:41:18.000000,16055.0,16100.0,15955.0,16085.0,nan,16024.644775,19368,1551826600.0,23722,16060.0,25,16055.0,2,16065.0,12,16050.0,24,16070.0,17,16045.0,12,16075.0,178,16040.0,14,16080.0,22,16035.0,6
1597988478669121024,1597988478500000000,2020-08-21 13:41:18.500000,16055.0,16100.0,15955.0,16085.0,nan,16024.647909,19370,1551987150.0,23722,16060.0,25,16050.0,24,16065.0,12,16045.0,12,16070.0,17,16040.0,14,16075.0,178,16035.0,6,16080.0,22,16030.0,33
1597988479134339072,1597988479000000000,2020-08-21 13:41:19.000000,16055.0,16100.0,15955.0,16085.0,nan,16024.647909,19370,1551987150.0,23722,16060.0,25,16050.0,22,16065.0,12,16045.0,13,16070.0,17,16040.0,14,16075.0,178,16035.0,6,16080.0,22,16030.0,33
1597988479625010944,1597988479500000000,2020-08-21 13:41:19.500000,16055.0,16100.0,15955.0,16085.0,nan,16024.647909,19370,1551987150.0,23722,16055.0,1,16050.0,22,16060.0,25,16045.0,13,16065.0,12,16040.0,14,16070.0,17,16035.0,7,16075.0,178,16030.0,33
1597988480159226880,1597988480000000000,2020-08-21 13:41:20.000000,16055.0,16100.0,15955.0,16085.0,nan,16024.647909,19370,1551987150.0,23722,16060.0,25,16050.0,22,16065.0,12,16045.0,13,16070.0,20,16040.0,14,16075.0,178,16035.0,7,16080.0,22,16030.0,33
1597988482130013952,1597988482000000000,2020-08-21 13:41:22.000000,16055.0,16100.0,15955.0,16085.0,nan,16024.647909,19370,1551987150.0,23722,16055.0,3,16050.0,22,16060.0,25,16045.0,13,16065.0,12,16040.0,14,16070.0,20,16035.0,7,16075.0,178,16030.0,33
1597988483162780928,1597988483000000000,2020-08-21 13:41:23.000000,16055.0,16100.0,15955.0,16085.0,nan,16024.647909,19370,1551987150.0,23722,16055.0,5,16050.0,22,16060.0,25,16045.0,13,16065.0,12,16040.0,14,16070.0,20,16035.0,7,16075.0,178,16030.0,33
1597988484157824000,1597988484000000000,2020-08-21 13:41:24.000000,16055.0,16100.0,15955.0,16085.0,nan,16024.647909,19370,1551987150.0,23722,16055.0,6,16050.0,22,16060.0,24,16045.0,13,16065.0,12,16040.0,14,16070.0,20,16035.0,7,16075.0,178,16030.0,33
1597988486150420992,1597988486000000000,2020-08-21 13:41:26.000000,16055.0,16100.0,15955.0,16085.0,nan,16024.647909,19370,1551987150.0,23722,16055.0,6,16050.0,23,16060.0,24,16045.0,13,16065.0,12,16040.0,14,16070.0,20,16035.0,7,16075.0,178,16030.0,33
1597988488119889920,1597988488000000000,2020-08-21 13:41:28.000000,16055.0,16100.0,15955.0,16085.0,nan,16024.647909,19370,1551987150.0,23722,16055.0,6,16050.0,22,16060.0,24,16045.0,13,16065.0,12,16040.0,14,16070.0,20,16035.0,7,16075.0,178,16030.0,33
1597988491620957952,1597988491500000000,2020-08-21 13:41:31.500000,16055.0,16100.0,15955.0,16085.0,nan,16024.647909,19370,1551987150.0,23722,16055.0,6,16050.0,23,16060.0,24,16045.0,13,16065.0,12,16040.0,14,16070.0,20,16035.0,7,16075.0,178,16030.0,33
1597988492152931072,1597988492000000000,2020-08-21 13:41:32.000000,16055.0,16100.0,15955.0,16085.0,nan,16024.657308,19376,1552468800.0,23725,16060.0,24,16050.0,23,16065.0,12,16045.0,13,16070.0,20,16040.0,14,16075.0,178,16035.0,7,16080.0,22,16030.0,33
1597988492631960064,1597988492500000000,2020-08-21 13:41:32.500000,16055.0,16100.0,15955.0,16085.0,nan,16024.657308,19376,1552468800.0,23725,16060.0,24,16050.0,23,16065.0,12,16045.0,13,16070.0,20,16040.0,14,16075.0,178,16035.0,8,16080.0,22,16030.0,33
1597988494620421888,1597988494500000000,2020-08-21 13:41:34.500000,16055.0,16100.0,15955.0,16085.0,nan,16024.657308,19376,1552468800.0,23725,16060.0,24,16055.0,1,16065.0,12,16050.0,23,16070.0,20,16045.0,13,16075.0,178,16040.0,14,16080.0,22,16035.0,8
1597988499613570048,1597988499500000000,2020-08-21 13:41:39.500000,16055.0,16100.0,15955.0,16085.0,nan,16024.657308,19376,1552468800.0,23725,16060.0,24,16055.0,1,16065.0,12,16050.0,23,16070.0,15,16045.0,13,16075.0,178,16040.0,14,16080.0,22,16035.0,8
1597988500153401088,1597988500000000000,2020-08-21 13:41:40.000000,16055.0,16100.0,15955.0,16085.0,nan,16024.657308,19376,1552468800.0,23725,16060.0,24,16055.0,5,16065.0,12,16050.0,28,16070.0,15,16045.0,13,16075.0,178,16040.0,14,16080.0,22,16035.0,8
1597988500601710080,1597988500500000000,2020-08-21 13:41:40.500000,16055.0,16100.0,15955.0,16085.0,nan,16024.657308,19376,1552468800.0,23725,16060.0,24,16055.0,11,16065.0,12,16050.0,28,16070.0,15,16045.0,13,16075.0,178,16040.0,14,16080.0,22,16035.0,8
1597988501141904896,1597988501000000000,2020-08-21 13:41:41.000000,16055.0,16100.0,15955.0,16085.0,nan,16024.657308,19376,1552468800.0,23725,16060.0,24,16055.0,11,16065.0,12,16050.0,30,16070.0,15,16045.0,11,16075.0,178,16040.0,14,16080.0,22,16035.0,8
1597988501617243904,1597988501500000000,2020-08-21 13:41:41.500000,16060.0,16100.0,15955.0,16085.0,nan,16024.701031,19400,1554396000.0,23731,16065.0,12,16055.0,12,16070.0,15,16050.0,30,16075.0,178,16045.0,11,16080.0,22,16040.0,14,16085.0,14,16035.0,8
1597988502152318976,1597988502000000000,2020-08-21 13:41:42.000000,16060.0,16100.0,15955.0,16085.0,nan,16024.701031,19400,1554396000.0,23731,16065.0,12,16060.0,3,16070.0,14,16055.0,13,16075.0,178,16050.0,33,16080.0,22,16045.0,8,16085.0,14,16040.0,14
1597988502610056960,1597988502500000000,2020-08-21 13:41:42.500000,16060.0,16100.0,15955.0,16085.0,nan,16024.701031,19400,1554396000.0,23731,16065.0,10,16060.0,2,16070.0,14,16055.0,14,16075.0,178,16050.0,33,16080.0,22,16045.0,9,16085.0,14,16040.0,14
1597988503121870080,1597988503000000000,2020-08-21 13:41:43.000000,16060.0,16100.0,15955.0,16085.0,nan,16024.701031,19400,1554396000.0,23731,16065.0,9,16060.0,6,16070.0,15,16055.0,14,16075.0,178,16050.0,31,16080.0,22,16045.0,9,16085.0,14,16040.0,14
1597988503629646080,1597988503500000000,2020-08-21 13:41:43.500000,16060.0,16100.0,15955.0,16085.0,nan,16024.701031,19400,1554396000.0,23731,16065.0,9,16060.0,12,16070.0,15,16055.0,14,16075.0,177,16050.0,31,16080.0,22,16045.0,10,16085.0,14,16040.0,14
1597988504628945920,1597988504500000000,2020-08-21 13:41:44.500000,16060.0,16100.0,15955.0,16085.0,nan,16024.701031,19400,1554396000.0,23731,16065.0,9,16060.0,12,16070.0,15,16055.0,14,16075.0,177,16050.0,32,16080.0,22,16045.0,10,16085.0,14,16040.0,14
1597988506618004992,1597988506500000000,2020-08-21 13:41:46.500000,16060.0,16100.0,15955.0,16085.0,nan,16024.701031,19400,1554396000.0,23731,16065.0,9,16060.0,12,16070.0,15,16055.0,12,16075.0,177,16050.0,32,16080.0,22,16045.0,10,16085.0,14,16040.0,14
1597988509112456960,1597988509000000000,2020-08-21 13:41:49.000000,16060.0,16100.0,15955.0,16085.0,nan,16024.701031,19400,1554396000.0,23731,16065.0,9,16060.0,12,16070.0,15,16055.0,14,16075.0,177,16050.0,32,16080.0,22,16045.0,10,16085.0,14,16040.0,14
1597988510118334976,1597988510000000000,2020-08-21 13:41:50.000000,16060.0,16100.0,15955.0,16085.0,nan,16024.701031,19400,1554396000.0,23731,16065.0,9,16060.0,12,16070.0,15,16055.0,15,16075.0,177,16050.0,32,16080.0,22,16045.0,10,16085.0,14,16040.0,14
1597988513142233088,1597988513000000000,2020-08-21 13:41:53.000000,16060.0,16100.0,15955.0,16085.0,nan,16024.701031,19400,1554396000.0,23731,16065.0,9,16060.0,12,16070.0,15,16055.0,15,16075.0,177,16050.0,32,16080.0,22,16045.0,10,16085.0,15,16040.0,14
1597988515621168128,1597988515500000000,2020-08-21 13:41:55.500000,16060.0,16100.0,15955.0,16085.0,nan,16024.701031,19400,1554396000.0,23731,16065.0,9,16060.0,12,16070.0,15,16055.0,15,16075.0,177,16050.0,27,16080.0,22,16045.0,10,16085.0,15,16040.0,14
1597988517613040128,1597988517500000000,2020-08-21 13:41:57.500000,16060.0,16100.0,15955.0,16085.0,nan,16024.701031,19400,1554396000.0,23731,16065.0,9,16060.0,8,16070.0,15,16055.0,15,16075.0,177,16050.0,27,16080.0,22,16045.0,10,16085.0,15,16040.0,14
1597988518120432896,1597988518000000000,2020-08-21 13:41:58.000000,16060.0,16100.0,15955.0,16085.0,nan,16024.701031,19400,1554396000.0,23731,16065.0,9,16060.0,3,16070.0,15,16055.0,15,16075.0,177,16050.0,27,16080.0,22,16045.0,10,16085.0,15,16040.0,14
1597988518728366080,1597988518500000000,2020-08-21 13:41:58.500000,16060.0,16100.0,15955.0,16085.0,nan,16024.701031,19400,1554396000.0,23731,16065.0,9,16055.0,15,16070.0,15,16050.0,27,16075.0,177,16045.0,10,16080.0,22,16040.0,14,16085.0,15,16035.0,5
1597988519136295936,1597988519000000000,2020-08-21 13:41:59.000000,16060.0,16100.0,15955.0,16085.0,nan,16024.701031,19400,1554396000.0,23731,16065.0,9,16055.0,15,16070.0,15,16050.0,27,16075.0,177,16045.0,10,16080.0,23,16040.0,14,16085.0,15,16035.0,5
1597988519638428928,1597988519500000000,2020-08-21 13:41:59.500000,16060.0,16100.0,15955.0,16085.0,nan,16024.701031,19400,1554396000.0,23731,16065.0,9,16055.0,15,16070.0,15,16050.0,29,16075.0,177,16045.0,10,16080.0,23,16040.0,14,16085.0,15,16035.0,5
1597988521134153984,1597988521000000000,2020-08-21 13:42:01.000000,16060.0,16100.0,15955.0,16085.0,nan,16024.701031,19400,1554396000.0,23731,16065.0,9,16060.0,2,16070.0,15,16055.0,15,16075.0,177,16050.0,29,16080.0,23,16045.0,10,16085.0,15,16040.0,14
1597988522181467904,1597988522000000000,2020-08-21 13:42:02.000000,16060.0,16100.0,15955.0,16085.0,nan,16024.701031,19400,1554396000.0,23731,16065.0,9,16060.0,2,16070.0,15,16055.0,18,16075.0,177,16050.0,29,16080.0,23,16045.0,10,16085.0,15,16040.0,14
1597988525115041024,1597988525000000000,2020-08-21 13:42:05.000000,16060.0,16100.0,15955.0,16085.0,nan,16024.70467,19402,1554556600.0,23729,16060.0,3,16055.0,18,16065.0,9,16050.0,29,16070.0,15,16045.0,10,16075.0,177,16040.0,14,16080.0,23,16035.0,4
1597988525619269120,1597988525500000000,2020-08-21 13:42:05.500000,16060.0,16100.0,15955.0,16085.0,nan,16024.706489,19403,1554636900.0,23728,16060.0,2,16055.0,21,16065.0,9,16050.0,29,16070.0,15,16045.0,10,16075.0,177,16040.0,14,16080.0,23,16035.0,4
1597988526616376064,1597988526500000000,2020-08-21 13:42:06.500000,16060.0,16100.0,15955.0,16085.0,nan,16024.706489,19403,1554636900.0,23728,16060.0,2,16055.0,21,16065.0,9,16050.0,26,16070.0,15,16045.0,10,16075.0,177,16040.0,14,16080.0,23,16035.0,4
1597988528124421120,1597988528000000000,2020-08-21 13:42:08.000000,16060.0,16100.0,15955.0,16085.0,nan,16024.706489,19403,1554636900.0,23728,16060.0,2,16055.0,21,16065.0,9,16050.0,26,16070.0,20,16045.0,10,16075.0,177,16040.0,14,16080.0,23,16035.0,4
1597988528617812992,1597988528500000000,2020-08-21 13:42:08.500000,16060.0,16100.0,15955.0,16085.0,nan,16024.706489,19403,1554636900.0,23728,16060.0,2,16055.0,21,16065.0,10,16050.0,26,16070.0,19,16045.0,10,16075.0,177,16040.0,14,16080.0,23,16035.0,4
1597988535163229952,1597988535000000000,2020-08-21 13:42:15.000000,16055.0,16100.0,15955.0,16085.0,nan,16024.70805,19404,1554717175.0,23728,16060.0,3,16055.0,20,16065.0,10,16050.0,26,16070.0,19,16045.0,10,16075.0,177,16040.0,14,16080.0,23,16035.0,4
1597988535628325888,1597988535500000000,2020-08-21 13:42:15.500000,16055.0,16100.0,15955.0,16085.0,nan,16024.70805,19404,1554717175.0,23728,16060.0,4,16055.0,20,16065.0,10,16050.0,26,16070.0,19,16045.0,10,16075.0,177,16040.0,14,16080.0,23,16035.0,4
1597988536102951936,1597988536000000000,2020-08-21 13:42:16.000000,16055.0,16100.0,15955.0,16085.0,nan,16024.70805,19404,1554717175.0,23728,16060.0,4,16055.0,19,16065.0,10,16050.0,26,16070.0,19,16045.0,10,16075.0,177,16040.0,19,16080.0,23,16035.0,4
1597988536639301888,1597988536500000000,2020-08-21 13:42:16.500000,16055.0,16100.0,15955.0,16085.0,nan,16024.70805,19404,1554717175.0,23728,16060.0,4,16055.0,19,16065.0,10,16050.0,26,16070.0,19,16045.0,11,16075.0,177,16040.0,19,16080.0,23,16035.0,4
1597988545621112064,1597988545500000000,2020-08-21 13:42:25.500000,16055.0,16100.0,15955.0,16085.0,nan,16024.70805,19404,1554717175.0,23728,16060.0,4,16055.0,19,16065.0,10,16050.0,23,16070.0,19,16045.0,11,16075.0,177,16040.0,19,16080.0,23,16035.0,4
1597988549169702912,1597988549000000000,2020-08-21 13:42:29.000000,16055.0,16100.0,15955.0,16085.0,nan,16024.70805,19404,1554717175.0,23728,16060.0,4,16055.0,19,16065.0,12,16050.0,23,16070.0,19,16045.0,11,16075.0,177,16040.0,19,16080.0,23,16035.0,4
1597988550148541952,1597988550000000000,2020-08-21 13:42:30.000000,16055.0,16100.0,15955.0,16085.0,nan,16024.715853,19409,1555118550.0,23730,16060.0,4,16055.0,14,16065.0,12,16050.0,23,16070.0,19,16045.0,11,16075.0,177,16040.0,19,16080.0,23,16035.0,4
1597988551128096000,1597988551000000000,2020-08-21 13:42:31.000000,16055.0,16100.0,15955.0,16085.0,nan,16024.717414,19410,1555198825.0,23729,16060.0,7,16055.0,13,16065.0,12,16050.0,23,16070.0,19,16045.0,11,16075.0,177,16040.0,19,16080.0,23,16035.0,4
1597988551626693120,1597988551500000000,2020-08-21 13:42:31.500000,16055.0,16100.0,15955.0,16085.0,nan,16024.737682,19423,1556242400.0,23734,16060.0,11,16055.0,1,16065.0,12,16050.0,23,16070.0,19,16045.0,11,16075.0,177,16040.0,19,16080.0,23,16035.0,4
1597988552131408896,1597988552000000000,2020-08-21 13:42:32.000000,16055.0,16100.0,15955.0,16085.0,nan,16024.73924,19424,1556322675.0,23733,16055.0,2,16050.0,21,16060.0,11,16045.0,10,16065.0,12,16040.0,19,16070.0,19,16035.0,4,16075.0,177,16030.0,33
1597988552619334912,1597988552500000000,2020-08-21 13:42:32.500000,16055.0,16100.0,15955.0,16085.0,nan,16024.742356,19426,1556483225.0,23733,16060.0,12,16050.0,21,16065.0,12,16045.0,11,16070.0,19,16040.0,20,16075.0,177,16035.0,5,16080.0,23,16030.0,33
1597988553128911104,1597988553000000000,2020-08-21 13:42:33.000000,16055.0,16100.0,15955.0,16085.0,nan,16024.742356,19426,1556483225.0,23733,16060.0,13,16050.0,21,16065.0,12,16045.0,14,16070.0,19,16040.0,20,16075.0,177,16035.0,5,16080.0,23,16030.0,33
1597988554131143936,1597988554000000000,2020-08-21 13:42:34.000000,16055.0,16100.0,15955.0,16085.0,nan,16024.742356,19426,1556483225.0,23733,16060.0,13,16055.0,3,16065.0,12,16050.0,21,16070.0,19,16045.0,14,16075.0,177,16040.0,20,16080.0,23,16035.0,5
1597988555619383040,1597988555500000000,2020-08-21 13:42:35.500000,16055.0,16100.0,15955.0,16085.0,nan,16024.742356,19426,1556483225.0,23733,16060.0,13,16055.0,3,16065.0,12,16050.0,23,16070.0,19,16045.0,12,16075.0,177,16040.0,20,16080.0,23,16035.0,5
1597988556163218944,1597988556000000000,2020-08-21 13:42:36.000000,16055.0,16100.0,15955.0,16085.0,nan,16024.742356,19426,1556483225.0,23733,16060.0,13,16055.0,3,16065.0,12,16050.0,26,16070.0,19,16045.0,12,16075.0,177,16040.0,20,16080.0,23,16035.0,5
1597988559649821952,1597988559500000000,2020-08-21 13:42:39.500000,16055.0,16100.0,15955.0,16085.0,nan,16024.742356,19426,1556483225.0,23733,16060.0,14,16055.0,3,16065.0,12,16050.0,26,16070.0,19,16045.0,12,16075.0,177,16040.0,20,16080.0,23,16035.0,5
1597988561631480064,1597988561500000000,2020-08-21 13:42:41.500000,16055.0,16100.0,15955.0,16085.0,nan,16024.742356,19426,1556483225.0,23733,16060.0,14,16055.0,3,16065.0,12,16050.0,24,16070.0,19,16045.0,12,16075.0,177,16040.0,20,16080.0,23,16035.0,5
1597988582132455936,1597988582000000000,2020-08-21 13:43:02.000000,16055.0,16100.0,15955.0,16085.0,nan,16024.742356,19426,1556483225.0,23733,16060.0,14,16055.0,3,16065.0,12,16050.0,27,16070.0,19,16045.0,12,16075.0,177,16040.0,20,16080.0,23,16035.0,5
1597988583617524992,1597988583500000000,2020-08-21 13:43:03.500000,16055.0,16100.0,15955.0,16085.0,nan,16024.743913,19427,1556563500.0,23732,16060.0,14,16055.0,2,16065.0,12,16050.0,27,16070.0,19,16045.0,12,16075.0,177,16040.0,20,16080.0,23,16035.0,5
1597988584134798080,1597988584000000000,2020-08-21 13:43:04.000000,16055.0,16100.0,15955.0,16085.0,nan,16024.743913,19427,1556563500.0,23732,16060.0,14,16055.0,8,16065.0,12,16050.0,27,16070.0,19,16045.0,12,16075.0,177,16040.0,20,16080.0,23,16035.0,5
1597988584623419904,1597988584500000000,2020-08-21 13:43:04.500000,16055.0,16100.0,15955.0,16085.0,nan,16024.743913,19427,1556563500.0,23732,16060.0,13,16055.0,8,16065.0,12,16050.0,27,16070.0,19,16045.0,12,16075.0,177,16040.0,20,16080.0,23,16035.0,5
1597988586159710976,1597988586000000000,2020-08-21 13:43:06.000000,16055.0,16100.0,15955.0,16085.0,nan,16024.747028,19429,1556724050.0,23730,16060.0,13,16055.0,6,16065.0,12,16050.0,27,16070.0,19,16045.0,12,16075.0,177,16040.0,20,16080.0,23,16035.0,5
1597988586620632064,1597988586500000000,2020-08-21 13:43:06.500000,16060.0,16100.0,15955.0,16085.0,nan,16024.758181,19436,1557286000.0,23725,16060.0,12,16055.0,13,16065.0,12,16050.0,29,16070.0,19,16045.0,12,16075.0,177,16040.0,20,16080.0,23,16035.0,5
1597988589155123968,1597988589000000000,2020-08-21 13:43:09.000000,16060.0,16100.0,15955.0,16085.0,nan,16024.758181,19436,1557286000.0,23725,16060.0,12,16055.0,13,16065.0,12,16050.0,39,16070.0,19,16045.0,12,16075.0,177,16040.0,20,16080.0,23,16035.0,5
1597988591159026944,1597988591000000000,2020-08-21 13:43:11.000000,16060.0,16100.0,15955.0,16085.0,nan,16024.758181,19436,1557286000.0,23725,16060.0,12,16055.0,14,16065.0,12,16050.0,39,16070.0,19,16045.0,12,16075.0,177,16040.0,20,16080.0,23,16035.0,5
1597988592649064960,1597988592500000000,2020-08-21 13:43:12.500000,16055.0,16100.0,15955.0,16085.0,nan,16024.759737,19437,1557366275.0,23724,16060.0,12,16055.0,13,16065.0,12,16050.0,39,16070.0,19,16045.0,12,16075.0,177,16040.0,20,16080.0,23,16035.0,5
1597988594178624000,1597988594000000000,2020-08-21 13:43:14.000000,16055.0,16100.0,15955.0,16085.0,nan,16024.761292,19438,1557446550.0,23724,16060.0,12,16055.0,12,16065.0,12,16050.0,39,16070.0,19,16045.0,12,16075.0,177,16040.0,20,16080.0,23,16035.0,5
1597988594628948992,1597988594500000000,2020-08-21 13:43:14.500000,16055.0,16100.0,15955.0,16085.0,nan,16024.761292,19438,1557446550.0,23724,16060.0,12,16055.0,12,16065.0,12,16050.0,29,16070.0,19,16045.0,12,16075.0,177,16040.0,30,16080.0,23,16035.0,5
1597988596133993984,1597988596000000000,2020-08-21 13:43:16.000000,16055.0,16100.0,15955.0,16085.0,nan,16024.761292,19438,1557446550.0,23724,16060.0,13,16055.0,12,16065.0,12,16050.0,29,16070.0,19,16045.0,12,16075.0,177,16040.0,30,16080.0,23,16035.0,5
1597988598611333120,1597988598500000000,2020-08-21 13:43:18.500000,16055.0,16100.0,15955.0,16085.0,nan,16024.761292,19438,1557446550.0,23724,16060.0,13,16055.0,12,16065.0,12,16050.0,28,16070.0,19,16045.0,12,16075.0,177,16040.0,30,16080.0,23,16035.0,5
1597988604128961024,1597988604000000000,2020-08-21 13:43:24.000000,16055.0,16100.0,15955.0,16085.0,nan,16024.767514,19442,1557767650.0,23722,16060.0,13,16055.0,8,16065.0,12,16050.0,28,16070.0,19,16045.0,12,16075.0,177,16040.0,30,16080.0,23,16035.0,5
1597988606150010880,1597988606000000000,2020-08-21 13:43:26.000000,16060.0,16100.0,15955.0,16085.0,nan,16024.77088,19444,1557928225.0,23721,16060.0,12,16055.0,7,16065.0,12,16050.0,28,16070.0,19,16045.0,12,16075.0,177,16040.0,30,16080.0,23,16035.0,5
1597988606608669952,1597988606500000000,2020-08-21 13:43:26.500000,16060.0,16100.0,15955.0,16085.0,nan,16024.77088,19444,1557928225.0,23721,16060.0,12,16055.0,9,16065.0,12,16050.0,28,16070.0,19,16045.0,12,16075.0,177,16040.0,30,16080.0,23,16035.0,5
1597988616635737088,1597988616500000000,2020-08-21 13:43:36.500000,16060.0,16100.0,15955.0,16085.0,nan,16024.792609,19456,1558891825.0,23716,16065.0,12,16055.0,13,16070.0,19,16050.0,28,16075.0,177,16045.0,12,16080.0,23,16040.0,30,16085.0,15,16035.0,5
1597988617116965888,1597988617000000000,2020-08-21 13:43:37.000000,16060.0,16100.0,15955.0,16085.0,nan,16024.792609,19456,1558891825.0,23716,16065.0,13,16060.0,4,16070.0,19,16055.0,14,16075.0,177,16050.0,28,16080.0,23,16045.0,11,16085.0,15,16040.0,30
1597988617681561088,1597988617500000000,2020-08-21 13:43:37.500000,16060.0,16100.0,15955.0,16085.0,nan,16024.792609,19456,1558891825.0,23716,16065.0,14,16060.0,6,16070.0,19,16055.0,14,16075.0,177,16050.0,28,16080.0,23,16045.0,11,16085.0,15,16040.0,30
1597988618164773888,1597988618000000000,2020-08-21 13:43:38.000000,16060.0,16100.0,15955.0,16085.0,nan,16024.792609,19456,1558891825.0,23716,16065.0,11,16060.0,6,16070.0,19,16055.0,14,16075.0,177,16050.0,28,16080.0,23,16045.0,11,16085.0,15,16040.0,30
1597988618628273920,1597988618500000000,2020-08-21 13:43:38.500000,16060.0,16100.0,15955.0,16085.0,nan,16024.792609,19456,1558891825.0,23716,16065.0,11,16060.0,6,16070.0,19,16055.0,14,16075.0,177,16050.0,31,16080.0,23,16045.0,8,16085.0,15,16040.0,30
1597988622146497024,1597988622000000000,2020-08-21 13:43:42.000000,16060.0,16100.0,15955.0,16085.0,nan,16024.792609,19456,1558891825.0,23716,16065.0,11,16060.0,6,16070.0,19,16055.0,16,16075.0,177,16050.0,28,16080.0,23,16045.0,8,16085.0,15,16040.0,30
1597988622618967040,1597988622500000000,2020-08-21 13:43:42.500000,16060.0,16100.0,15955.0,16085.0,nan,16024.792609,19456,1558891825.0,23716,16065.0,11,16060.0,6,16070.0,19,16055.0,17,16075.0,177,16050.0,28,16080.0,23,16045.0,8,16085.0,15,16040.0,30
1597988623608645120,1597988623500000000,2020-08-21 13:43:43.500000,16060.0,16100.0,15955.0,16085.0,nan,16024.792609,19456,1558891825.0,23716,16065.0,11,16060.0,6,16070.0,19,16055.0,17,16075.0,177,16050.0,26,16080.0,23,16045.0,8,16085.0,15,16040.0,30
1597988624161697024,1597988624000000000,2020-08-21 13:43:44.000000,16065.0,16100.0,15955.0,16085.0,nan,16024.794675,19457,1558972150.0,23717,16065.0,11,16060.0,6,16070.0,19,16055.0,17,16075.0,177,16050.0,26,16080.0,23,16045.0,10,16085.0,15,16040.0,30
1597988624634565888,1597988624500000000,2020-08-21 13:43:44.500000,16065.0,16100.0,15955.0,16085.0,nan,16024.794675,19457,1558972150.0,23717,16065.0,11,16060.0,6,16070.0,19,16055.0,20,16075.0,177,16050.0,26,16080.0,23,16045.0,10,16085.0,15,16040.0,30
1597988625650170112,1597988625500000000,2020-08-21 13:43:45.500000,16060.0,16100.0,15955.0,16085.0,nan,16024.805528,19463,1559453950.0,23719,16065.0,11,16060.0,2,16070.0,19,16055.0,20,16075.0,177,16050.0,26,16080.0,23,16045.0,10,16085.0,15,16040.0,30
1597988626124670976,1597988626000000000,2020-08-21 13:43:46.000000,16060.0,16100.0,15955.0,16085.0,nan,16024.810952,19466,1559694850.0,23719,16065.0,13,16060.0,1,16070.0,19,16055.0,20,16075.0,177,16050.0,26,16080.0,23,16045.0,10,16085.0,15,16040.0,32
1597988626628172032,1597988626500000000,2020-08-21 13:43:46.500000,16060.0,16100.0,15955.0,16085.0,nan,16024.81276,19467,1559775150.0,23719,16065.0,13,16055.0,20,16070.0,19,16050.0,23,16075.0,177,16045.0,13,16080.0,23,16040.0,32,16085.0,15,16035.0,5
1597988634158632960,1597988634000000000,2020-08-21 13:43:54.000000,16060.0,16100.0,15955.0,16085.0,nan,16024.81276,19467,1559775150.0,23719,16065.0,13,16055.0,20,16070.0,19,16050.0,25,16075.0,177,16045.0,13,16080.0,23,16040.0,32,16085.0,15,16035.0,5
1597988634606180096,1597988634500000000,2020-08-21 13:43:54.500000,16060.0,16100.0,15955.0,16085.0,nan,16024.81276,19467,1559775150.0,23719,16065.0,13,16055.0,20,16070.0,19,16050.0,23,16075.0,177,16045.0,13,16080.0,23,16040.0,32,16085.0,15,16035.0,5
1597988636130089984,1597988636000000000,2020-08-21 13:43:56.000000,16060.0,16100.0,15955.0,16085.0,nan,16024.81276,19467,1559775150.0,23719,16065.0,13,16055.0,20,16070.0,19,16050.0,23,16075.0,177,16045.0,13,16080.0,23,16040.0,32,16085.0,14,16035.0,5
1597988639158510080,1597988639000000000,2020-08-21 13:43:59.000000,16060.0,16100.0,15955.0,16085.0,nan,16024.81276,19467,1559775150.0,23719,16065.0,13,16055.0,20,16070.0,19,16050.0,23,16075.0,177,16045.0,10,16080.0,23,16040.0,32,16085.0,14,16035.0,5
1597988641119054080,1597988641000000000,2020-08-21 13:44:01.000000,16060.0,16100.0,15955.0,16085.0,nan,16024.81276,19467,1559775150.0,23719,16065.0,13,16060.0,3,16070.0,19,16055.0,20,16075.0,177,16050.0,23,16080.0,23,16045.0,10,16085.0,14,16040.0,32
1597988641614365952,1597988641500000000,2020-08-21 13:44:01.500000,16060.0,16100.0,15955.0,16085.0,nan,16024.818182,19470,1560016050.0,23719,16065.0,13,16060.0,1,16070.0,19,16055.0,20,16075.0,177,16050.0,23,16080.0,23,16045.0,10,16085.0,14,16040.0,32
1597988642152782080,1597988642000000000,2020-08-21 13:44:02.000000,16060.0,16100.0,15955.0,16085.0,nan,16024.819989,19471,1560096350.0,23719,16060.0,1,16055.0,20,16065.0,13,16050.0,23,16070.0,19,16045.0,10,16075.0,177,16040.0,32,16080.0,23,16035.0,5
1597988642620465920,1597988642500000000,2020-08-21 13:44:02.500000,16060.0,16100.0,15955.0,16085.0,nan,16024.819989,19471,1560096350.0,23719,16060.0,3,16055.0,20,16065.0,19,16050.0,23,16070.0,19,16045.0,13,16075.0,177,16040.0,32,16080.0,22,16035.0,5
1597988643141998080,1597988643000000000,2020-08-21 13:44:03.000000,16060.0,16100.0,15955.0,16085.0,nan,16024.819989,19471,1560096350.0,23719,16060.0,3,16055.0,20,16065.0,22,16050.0,23,16070.0,17,16045.0,5,16075.0,177,16040.0,40,16080.0,22,16035.0,5
1597988643619358976,1597988643500000000,2020-08-21 13:44:03.500000,16060.0,16100.0,15955.0,16085.0,nan,16024.819989,19471,1560096350.0,23719,16060.0,3,16055.0,11,16065.0,22,16050.0,23,16070.0,17,16045.0,5,16075.0,177,16040.0,40,16080.0,22,16035.0,5
1597988644114936064,1597988644000000000,2020-08-21 13:44:04.000000,16060.0,16100.0,15955.0,16085.0,nan,16024.819989,19471,1560096350.0,23719,16060.0,6,16055.0,14,16065.0,22,16050.0,23,16070.0,17,16045.0,5,16075.0,177,16040.0,40,16080.0,22,16035.0,5
1597988644627659008,1597988644500000000,2020-08-21 13:44:04.500000,16060.0,16100.0,15955.0,16085.0,nan,16024.825408,19474,1560337250.0,23716,16065.0,22,16060.0,3,16070.0,17,16055.0,13,16075.0,177,16050.0,23,16080.0,22,16045.0,5,16085.0,14,16040.0,40
1597988645132252928,1597988645000000000,2020-08-21 13:44:05.000000,16060.0,16100.0,15955.0,16085.0,nan,16024.836242,19480,1560819050.0,23716,16060.0,1,16055.0,11,16065.0,22,16050.0,23,16070.0,17,16045.0,5,16075.0,177,16040.0,40,16080.0,22,16035.0,5
1597988645630252032,1597988645500000000,2020-08-21 13:44:05.500000,16060.0,16100.0,15955.0,16085.0,nan,16024.836242,19480,1560819050.0,23716,16060.0,1,16055.0,11,16065.0,22,16050.0,23,16070.0,20,16045.0,5,16075.0,177,16040.0,40,16080.0,22,16035.0,5
1597988647119911936,1597988647000000000,2020-08-21 13:44:07.000000,16060.0,16100.0,15955.0,16085.0,nan,16024.836242,19480,1560819050.0,23716,16060.0,3,16055.0,11,16065.0,22,16050.0,23,16070.0,20,16045.0,5,16075.0,177,16040.0,40,16080.0,22,16035.0,5
1597988651621192960,1597988651500000000,2020-08-21 13:44:11.500000,16060.0,16100.0,15955.0,16085.0,nan,16024.836242,19480,1560819050.0,23716,16060.0,3,16055.0,11,16065.0,22,16050.0,23,16070.0,20,16045.0,5,16075.0,177,16040.0,30,16080.0,22,16035.0,5
1597988655128945920,1597988655000000000,2020-08-21 13:44:15.000000,16060.0,16100.0,15955.0,16085.0,nan,16024.836242,19480,1560819050.0,23716,16060.0,6,16055.0,11,16065.0,22,16050.0,23,16070.0,20,16045.0,5,16075.0,177,16040.0,30,16080.0,22,16035.0,5
1597988655614439936,1597988655500000000,2020-08-21 13:44:15.500000,16060.0,16100.0,15955.0,16085.0,nan,16024.836242,19480,1560819050.0,23716,16060.0,6,16055.0,10,16065.0,22,16050.0,23,16070.0,20,16045.0,5,16075.0,177,16040.0,30,16080.0,22,16035.0,5
1597988661602864128,1597988661500000000,2020-08-21 13:44:21.500000,16060.0,16100.0,15955.0,16085.0,nan,16024.838047,19481,1560899350.0,23717,16060.0,5,16055.0,10,16065.0,22,16050.0,23,16070.0,20,16045.0,5,16075.0,177,16040.0,30,16080.0,22,16035.0,5
1597988664117946880,1597988664000000000,2020-08-21 13:44:24.000000,16060.0,16100.0,15955.0,16085.0,nan,16024.838047,19481,1560899350.0,23717,16060.0,5,16055.0,11,16065.0,22,16050.0,23,16070.0,20,16045.0,5,16075.0,177,16040.0,30,16080.0,22,16035.0,5
1597988664614014976,1597988664500000000,2020-08-21 13:44:24.500000,16060.0,16100.0,15955.0,16085.0,nan,16024.838047,19481,1560899350.0,23717,16060.0,5,16055.0,11,16065.0,25,16050.0,23,16070.0,17,16045.0,5,16075.0,177,16040.0,30,16080.0,22,16035.0,5
1597988665114958080,1597988665000000000,2020-08-21 13:44:25.000000,16060.0,16100.0,15955.0,16085.0,nan,16024.838047,19481,1560899350.0,23717,16060.0,2,16055.0,11,16065.0,25,16050.0,23,16070.0,17,16045.0,5,16075.0,177,16040.0,30,16080.0,22,16035.0,5
1597988665619686912,1597988665500000000,2020-08-21 13:44:25.500000,16060.0,16100.0,15955.0,16085.0,nan,16024.838047,19481,1560899350.0,23717,16060.0,4,16055.0,12,16065.0,25,16050.0,23,16070.0,17,16045.0,5,16075.0,177,16040.0,30,16080.0,22,16035.0,5
1597988666120254976,1597988666000000000,2020-08-21 13:44:26.000000,16060.0,16100.0,15955.0,16085.0,nan,16024.838047,19481,1560899350.0,23717,16060.0,4,16055.0,11,16065.0,25,16050.0,23,16070.0,17,16045.0,5,16075.0,177,16040.0,30,16080.0,22,16035.0,5
1597988666616481024,1597988666500000000,2020-08-21 13:44:26.500000,16060.0,16100.0,15955.0,16085.0,nan,16024.838047,19481,1560899350.0,23717,16060.0,4,16055.0,11,16065.0,25,16050.0,23,16070.0,17,16045.0,8,16075.0,177,16040.0,27,16080.0,22,16035.0,5
1597988667627045120,1597988667500000000,2020-08-21 13:44:27.500000,16060.0,16100.0,15955.0,16085.0,nan,16024.838047,19481,1560899350.0,23717,16060.0,4,16055.0,11,16065.0,26,16050.0,23,16070.0,17,16045.0,8,16075.0,177,16040.0,27,16080.0,22,16035.0,5
1597988668105273088,1597988668000000000,2020-08-21 13:44:28.000000,16060.0,16100.0,15955.0,16085.0,nan,16024.839852,19482,1560979650.0,23718,16060.0,3,16055.0,11,16065.0,26,16050.0,23,16070.0,17,16045.0,8,16075.0,177,16040.0,27,16080.0,22,16035.0,5
1597988668630486016,1597988668500000000,2020-08-21 13:44:28.500000,16060.0,16100.0,15955.0,16085.0,nan,16024.839852,19482,1560979650.0,23718,16060.0,6,16055.0,12,16065.0,26,16050.0,23,16070.0,17,16045.0,8,16075.0,177,16040.0,27,16080.0,22,16035.0,5
1597988669114844928,1597988669000000000,2020-08-21 13:44:29.000000,16060.0,16100.0,15955.0,16085.0,nan,16024.839852,19482,1560979650.0,23718,16060.0,6,16055.0,11,16065.0,26,16050.0,23,16070.0,17,16045.0,8,16075.0,177,16040.0,27,16080.0,22,16035.0,5
1597988672112602880,1597988672000000000,2020-08-21 13:44:32.000000,16060.0,16100.0,15955.0,16085.0,nan,16024.839852,19482,1560979650.0,23718,16060.0,5,16055.0,11,16065.0,26,16050.0,23,16070.0,17,16045.0,8,16075.0,177,16040.0,27,16080.0,22,16035.0,5
1597988672612331008,1597988672500000000,2020-08-21 13:44:32.500000,16060.0,16100.0,15955.0,16085.0,nan,16024.839852,19482,1560979650.0,23718,16060.0,3,16055.0,11,16065.0,26,16050.0,23,16070.0,17,16045.0,8,16075.0,177,16040.0,27,16080.0,22,16035.0,5
1597988673119774976,1597988673000000000,2020-08-21 13:44:33.000000,16060.0,16100.0,15955.0,16085.0,nan,16024.839852,19482,1560979650.0,23718,16060.0,3,16055.0,12,16065.0,26,16050.0,23,16070.0,17,16045.0,8,16075.0,177,16040.0,27,16080.0,22,16035.0,5
1597988673616139008,1597988673500000000,2020-08-21 13:44:33.500000,16060.0,16100.0,15955.0,16085.0,nan,16024.839852,19482,1560979650.0,23718,16060.0,3,16055.0,12,16065.0,25,16050.0,23,16070.0,17,16045.0,8,16075.0,177,16040.0,27,16080.0,22,16035.0,5
1597988674621659904,1597988674500000000,2020-08-21 13:44:34.500000,16060.0,16100.0,15955.0,16085.0,nan,16024.839852,19482,1560979650.0,23718,16060.0,3,16055.0,12,16065.0,25,16050.0,23,16070.0,17,16045.0,6,16075.0,177,16040.0,29,16080.0,22,16035.0,5
1597988677116964096,1597988677000000000,2020-08-21 13:44:37.000000,16060.0,16100.0,15955.0,16085.0,nan,16024.839852,19482,1560979650.0,23718,16060.0,6,16055.0,12,16065.0,25,16050.0,23,16070.0,17,16045.0,6,16075.0,177,16040.0,29,16080.0,22,16035.0,5
1597988677623911936,1597988677500000000,2020-08-21 13:44:37.500000,16060.0,16100.0,15955.0,16085.0,nan,16024.839852,19482,1560979650.0,23718,16060.0,6,16055.0,11,16065.0,25,16050.0,23,16070.0,17,16045.0,6,16075.0,177,16040.0,29,16080.0,22,16035.0,5
1597988684638978048,1597988684500000000,2020-08-21 13:44:44.500000,16060.0,16100.0,15955.0,16085.0,nan,16024.839852,19482,1560979650.0,23718,16060.0,6,16055.0,11,16065.0,25,16050.0,29,16070.0,17,16045.0,6,16075.0,177,16040.0,29,16080.0,22,16035.0,5
1597988687624072960,1597988687500000000,2020-08-21 13:44:47.500000,16060.0,16100.0,15955.0,16085.0,nan,16024.839852,19482,1560979650.0,23718,16060.0,9,16055.0,11,16065.0,25,16050.0,29,16070.0,17,16045.0,6,16075.0,177,16040.0,29,16080.0,22,16035.0,5
1597988689106426112,1597988689000000000,2020-08-21 13:44:49.000000,16055.0,16100.0,15955.0,16085.0,nan,16024.849138,19488,1561461300.0,23716,16060.0,11,16055.0,5,16065.0,24,16050.0,29,16070.0,17,16045.0,6,16075.0,177,16040.0,29,16080.0,22,16035.0,5
1597988689627213056,1597988689500000000,2020-08-21 13:44:49.500000,16055.0,16100.0,15955.0,16085.0,nan,16024.856872,19493,1561862675.0,23713,16055.0,2,16050.0,29,16060.0,10,16045.0,3,16065.0,24,16040.0,32,16070.0,17,16035.0,5,16075.0,177,16030.0,34
1597988690123012096,1597988690000000000,2020-08-21 13:44:50.000000,16055.0,16100.0,15955.0,16085.0,nan,16024.859964,19495,1562023225.0,23713,16060.0,14,16050.0,30,16065.0,16,16045.0,7,16070.0,17,16040.0,29,16075.0,177,16035.0,5,16080.0,22,16030.0,34
1597988690606522112,1597988690500000000,2020-08-21 13:44:50.500000,16055.0,16100.0,15955.0,16085.0,nan,16024.859964,19495,1562023225.0,23713,16055.0,1,16050.0,30,16060.0,14,16045.0,4,16065.0,16,16040.0,27,16070.0,17,16035.0,9,16075.0,177,16030.0,34
1597988691143673088,1597988691000000000,2020-08-21 13:44:51.000000,16055.0,16100.0,15955.0,16085.0,nan,16024.859964,19495,1562023225.0,23713,16055.0,1,16050.0,30,16060.0,20,16045.0,4,16065.0,16,16040.0,27,16070.0,17,16035.0,9,16075.0,177,16030.0,34
1597988691654488064,1597988691500000000,2020-08-21 13:44:51.500000,16055.0,16100.0,15955.0,16085.0,nan,16024.859964,19495,1562023225.0,23713,16055.0,3,16050.0,30,16060.0,18,16045.0,4,16065.0,16,16040.0,27,16070.0,17,16035.0,9,16075.0,177,16030.0,34
1597988692125293056,1597988692000000000,2020-08-21 13:44:52.000000,16055.0,16100.0,15955.0,16085.0,nan,16024.859964,19495,1562023225.0,23713,16055.0,4,16050.0,30,16060.0,18,16045.0,4,16065.0,16,16040.0,27,16070.0,17,16035.0,9,16075.0,177,16030.0,34
1597988693145011968,1597988693000000000,2020-08-21 13:44:53.000000,16055.0,16100.0,15955.0,16085.0,nan,16024.859964,19495,1562023225.0,23713,16055.0,4,16050.0,30,16060.0,23,16045.0,4,16065.0,16,16040.0,27,16070.0,17,16035.0,9,16075.0,177,16030.0,34
1597988695630349056,1597988695500000000,2020-08-21 13:44:55.500000,16055.0,16100.0,15955.0,16085.0,nan,16024.859964,19495,1562023225.0,23713,16055.0,3,16050.0,31,16060.0,23,16045.0,4,16065.0,16,16040.0,27,16070.0,17,16035.0,9,16075.0,177,16030.0,34
1597988696169234944,1597988696000000000,2020-08-21 13:44:56.000000,16055.0,16100.0,15955.0,16085.0,nan,16024.859964,19495,1562023225.0,23713,16055.0,4,16050.0,31,16060.0,23,16045.0,4,16065.0,16,16040.0,27,16070.0,17,16035.0,9,16075.0,177,16030.0,34
1597988697148090112,1597988697000000000,2020-08-21 13:44:57.000000,16055.0,16100.0,15955.0,16085.0,nan,16024.859964,19495,1562023225.0,23713,16055.0,3,16050.0,31,16060.0,23,16045.0,4,16065.0,16,16040.0,27,16070.0,17,16035.0,9,16075.0,177,16030.0,34
1597988697609211904,1597988697500000000,2020-08-21 13:44:57.500000,16055.0,16100.0,15955.0,16085.0,nan,16024.859964,19495,1562023225.0,23713,16055.0,4,16050.0,31,16060.0,23,16045.0,4,16065.0,16,16040.0,27,16070.0,17,16035.0,9,16075.0,177,16030.0,34
1597988698104444928,1597988698000000000,2020-08-21 13:44:58.000000,16055.0,16100.0,15955.0,16085.0,nan,16024.859964,19495,1562023225.0,23713,16055.0,4,16050.0,31,16060.0,20,16045.0,4,16065.0,16,16040.0,27,16070.0,17,16035.0,9,16075.0,177,16030.0,34
1597988698621317888,1597988698500000000,2020-08-21 13:44:58.500000,16055.0,16100.0,15955.0,16085.0,nan,16024.859964,19495,1562023225.0,23713,16055.0,7,16050.0,31,16060.0,20,16045.0,4,16065.0,16,16040.0,27,16070.0,17,16035.0,9,16075.0,177,16030.0,34
1597988700128961024,1597988700000000000,2020-08-21 13:45:00.000000,16055.0,16100.0,15955.0,16085.0,nan,16024.859964,19495,1562023225.0,23713,16055.0,7,16050.0,31,16060.0,20,16045.0,4,16065.0,16,16040.0,28,16070.0,17,16035.0,9,16075.0,177,16030.0,34
1597988700617725952,1597988700500000000,2020-08-21 13:45:00.500000,16055.0,16100.0,15955.0,16085.0,nan,16024.86151,19496,1562103500.0,23714,16055.0,6,16050.0,37,16060.0,20,16045.0,4,16065.0,16,16040.0,28,16070.0,17,16035.0,9,16075.0,177,16030.0,34
1597988701119646976,1597988701000000000,2020-08-21 13:45:01.000000,16055.0,16100.0,15955.0,16085.0,nan,16024.867692,19500,1562424600.0,23714,16055.0,1,16050.0,37,16060.0,20,16045.0,4,16065.0,16,16040.0,28,16070.0,17,16035.0,12,16075.0,177,16030.0,34
1597988701615486976,1597988701500000000,2020-08-21 13:45:01.500000,16055.0,16100.0,15955.0,16085.0,nan,16024.869237,19501,1562504875.0,23713,16060.0,20,16050.0,37,16065.0,16,16045.0,4,16070.0,17,16040.0,28,16075.0,177,16035.0,12,16080.0,22,16030.0,34
1597988702125476096,1597988702000000000,2020-08-21 13:45:02.000000,16055.0,16100.0,15955.0,16085.0,nan,16024.869237,19501,1562504875.0,23713,16060.0,20,16055.0,4,16065.0,16,16050.0,37,16070.0,17,16045.0,4,16075.0,177,16040.0,28,16080.0,22,16035.0,12
1597988702600560896,1597988702500000000,2020-08-21 13:45:02.500000,16055.0,16100.0,15955.0,16085.0,nan,16024.875417,19505,1562825975.0,23713,16060.0,19,16055.0,2,16065.0,16,16050.0,35,16070.0,17,16045.0,4,16075.0,177,16040.0,28,16080.0,22,16035.0,12
1597988703151726080,1597988703000000000,2020-08-21 13:45:03.000000,16055.0,16100.0,15955.0,16085.0,nan,16024.878505,19507,1562986525.0,23715,16060.0,19,16050.0,35,16065.0,17,16045.0,4,16070.0,17,16040.0,28,16075.0,177,16035.0,12,16080.0,22,16030.0,34
1597988703611418880,1597988703500000000,2020-08-21 13:45:03.500000,16055.0,16100.0,15955.0,16085.0,nan,16024.878505,19507,1562986525.0,23715,16060.0,19,16050.0,36,16065.0,17,16045.0,4,16070.0,17,16040.0,28,16075.0,177,16035.0,12,16080.0,22,16030.0,34
1597988704181645056,1597988704000000000,2020-08-21 13:45:04.000000,16055.0,16100.0,15955.0,16085.0,nan,16024.878505,19507,1562986525.0,23715,16060.0,19,16055.0,2,16065.0,17,16050.0,36,16070.0,17,16045.0,4,16075.0,177,16040.0,28,16080.0,22,16035.0,12
1597988704634708992,1597988704500000000,2020-08-21 13:45:04.500000,16055.0,16100.0,15955.0,16085.0,nan,16024.878505,19507,1562986525.0,23715,16060.0,19,16055.0,2,16065.0,17,16050.0,35,16070.0,17,16045.0,4,16075.0,177,16040.0,28,16080.0,22,16035.0,12
1597988706143827968,1597988706000000000,2020-08-21 13:45:06.000000,16055.0,16100.0,15955.0,16085.0,nan,16024.881593,19509,1563147075.0,23715,16060.0,19,16055.0,1,16065.0,17,16050.0,35,16070.0,17,16045.0,4,16075.0,177,16040.0,28,16080.0,22,16035.0,12
1597988706621446912,1597988706500000000,2020-08-21 13:45:06.500000,16055.0,16100.0,15955.0,16085.0,nan,16024.881593,19509,1563147075.0,23715,16060.0,20,16055.0,1,16065.0,17,16050.0,35,16070.0,17,16045.0,4,16075.0,177,16040.0,28,16080.0,22,16035.0,12
1597988712606236928,1597988712500000000,2020-08-21 13:45:12.500000,16055.0,16100.0,15955.0,16085.0,nan,16024.883137,19510,1563227350.0,23715,16060.0,20,16050.0,35,16065.0,17,16045.0,4,16070.0,17,16040.0,28,16075.0,177,16035.0,12,16080.0,22,16030.0,35
1597988713140806912,1597988713000000000,2020-08-21 13:45:13.000000,16055.0,16100.0,15955.0,16085.0,nan,16024.883137,19510,1563227350.0,23715,16060.0,20,16050.0,36,16065.0,17,16045.0,4,16070.0,17,16040.0,28,16075.0,177,16035.0,12,16080.0,22,16030.0,35
1597988713621083904,1597988713500000000,2020-08-21 13:45:13.500000,16055.0,16100.0,15955.0,16085.0,nan,16024.883137,19510,1563227350.0,23715,16060.0,20,16055.0,10,16065.0,17,16050.0,36,16070.0,17,16045.0,4,16075.0,177,16040.0,28,16080.0,22,16035.0,12
1597988714147937024,1597988714000000000,2020-08-21 13:45:14.000000,16055.0,16100.0,15955.0,16085.0,nan,16024.883137,19510,1563227350.0,23715,16060.0,19,16055.0,10,16065.0,17,16050.0,35,16070.0,17,16045.0,4,16075.0,177,16040.0,28,16080.0,22,16035.0,12
