local_nano_time,quote_nano_time,datetime,last_price,highest,lowest,open,close,average,volume,amount,open_interest,ask_price1,ask_volume1,bid_price1,bid_volume1,ask_price2,ask_volume2,bid_price2,bid_volume2,ask_price3,ask_volume3,bid_price3,bid_volume3,ask_price4,ask_volume4,bid_price4,bid_volume4,ask_price5,ask_volume5,bid_price5,bid_volume5
1597988230613550080,1597988230935000064,2020-08-21 13:37:10.935000,2513.0,2541.0,2457.0,2494.0,nan,2503.260841,46676,1168422030.0,72458,2514.0,37,2513.0,21,2515.0,211,2512.0,64,2516.0,92,2511.0,182,2517.0,27,2510.0,11,2518.0,24,2509.0,25
1597988236119804928,1597988236432000000,2020-08-21 13:37:16.432000,2513.0,2541.0,2457.0,2494.0,nan,2503.26522,46697,1168949760.0,72456,2513.0,5,2512.0,62,2514.0,33,2511.0,105,2515.0,133,2510.0,11,2516.0,92,2509.0,6,2517.0,27,2508.0,8
1597988236617640960,1597988236918999808,2020-08-21 13:37:16.919000,2513.0,2541.0,2457.0,2494.0,nan,2503.26522,46697,1168949760.0,72456,2513.0,5,2512.0,24,2514.0,34,2511.0,125,2515.0,153,2510.0,11,2516.0,52,2509.0,6,2517.0,27,2508.0,8
1597988237140662016,1597988237435000064,2020-08-21 13:37:17.435000,2513.0,2541.0,2457.0,2494.0,nan,2503.26522,46697,1168949760.0,72456,2513.0,5,2512.0,5,2514.0,36,2511.0,205,2515.0,232,2510.0,11,2516.0,32,2509.0,6,2517.0,46,2508.0,27
1597988237626851072,1597988237934000128,2020-08-21 13:37:17.934000,2513.0,2541.0,2457.0,2494.0,nan,2503.26522,46697,1168949760.0,72456,2513.0,5,2512.0,5,2514.0,36,2511.0,185,2515.0,212,2510.0,11,2516.0,32,2509.0,6,2517.0,46,2508.0,27
1597988238155664896,1597988238430000128,2020-08-21 13:37:18.430000,2513.0,2541.0,2457.0,2494.0,nan,2503.26522,46697,1168949760.0,72456,2513.0,7,2512.0,7,2514.0,35,2511.0,224,2515.0,250,2510.0,11,2516.0,32,2509.0,6,2517.0,46,2508.0,27
1597988238626078976,1597988238932000000,2020-08-21 13:37:18.932000,2513.0,2541.0,2457.0,2494.0,nan,2503.26522,46697,1168949760.0,72456,2513.0,10,2512.0,8,2514.0,35,2511.0,244,2515.0,270,2510.0,11,2516.0,32,2509.0,6,2517.0,46,2508.0,27
1597988239131367936,1597988239420999936,2020-08-21 13:37:19.421000,2513.0,2541.0,2457.0,2494.0,nan,2503.265429,46698,1168974890.0,72457,2513.0,10,2512.0,7,2514.0,151,2511.0,128,2515.0,133,2510.0,128,2516.0,32,2509.0,6,2517.0,46,2508.0,27
1597988239625854976,1597988239932000000,2020-08-21 13:37:19.932000,2513.0,2541.0,2457.0,2494.0,nan,2503.265429,46698,1168974890.0,72457,2513.0,10,2512.0,7,2514.0,171,2511.0,88,2515.0,113,2510.0,148,2516.0,32,2509.0,6,2517.0,46,2508.0,27
1597988240161136896,1597988240416999936,2020-08-21 13:37:20.417000,2513.0,2541.0,2457.0,2494.0,nan,2503.265429,46698,1168974890.0,72457,2513.0,10,2512.0,7,2514.0,171,2511.0,86,2515.0,113,2510.0,148,2516.0,32,2509.0,6,2517.0,46,2508.0,27
1597988241636471040,1597988241936000000,2020-08-21 13:37:21.936000,2513.0,2541.0,2457.0,2494.0,nan,2503.265429,46698,1168974890.0,72457,2513.0,10,2512.0,10,2514.0,171,2511.0,86,2515.0,113,2510.0,148,2516.0,32,2509.0,6,2517.0,46,2508.0,27
1597988242129657088,1597988242423000064,2020-08-21 13:37:22.423000,2513.0,2541.0,2457.0,2494.0,nan,2503.265429,46698,1168974890.0,72457,2513.0,9,2512.0,11,2514.0,55,2511.0,202,2515.0,230,2510.0,31,2516.0,32,2509.0,6,2517.0,46,2508.0,27
1597988242624680960,1597988242935000064,2020-08-21 13:37:22.935000,2513.0,2541.0,2457.0,2494.0,nan,2503.265429,46698,1168974890.0,72457,2513.0,9,2512.0,11,2514.0,35,2511.0,222,2515.0,250,2510.0,11,2516.0,32,2509.0,6,2517.0,46,2508.0,27
1597988243123464960,1597988243432000000,2020-08-21 13:37:23.432000,2513.0,2541.0,2457.0,2494.0,nan,2503.265429,46698,1168974890.0,72457,2513.0,7,2512.0,11,2514.0,35,2511.0,222,2515.0,250,2510.0,11,2516.0,32,2509.0,6,2517.0,46,2508.0,27
1597988243611446016,1597988243917999872,2020-08-21 13:37:23.918000,2513.0,2541.0,2457.0,2494.0,nan,2503.265429,46698,1168974890.0,72457,2513.0,7,2512.0,26,2514.0,37,2511.0,222,2515.0,250,2510.0,11,2516.0,32,2509.0,6,2517.0,46,2508.0,27
1597988244120317952,1597988244433000192,2020-08-21 13:37:24.433000,2513.0,2541.0,2457.0,2494.0,nan,2503.265429,46698,1168974890.0,72457,2513.0,7,2512.0,27,2514.0,37,2511.0,221,2515.0,250,2510.0,11,2516.0,32,2509.0,6,2517.0,46,2508.0,27
1597988246658822912,1597988246932000000,2020-08-21 13:37:26.932000,2513.0,2541.0,2457.0,2494.0,nan,2503.265429,46698,1168974890.0,72457,2513.0,7,2512.0,42,2514.0,37,2511.0,221,2515.0,250,2510.0,11,2516.0,32,2509.0,6,2517.0,46,2508.0,27
1597988248635432960,1597988248938999808,2020-08-21 13:37:28.939000,2513.0,2541.0,2457.0,2494.0,nan,2503.266888,46705,1169150800.0,72458,2514.0,34,2513.0,15,2515.0,173,2512.0,38,2516.0,32,2511.0,143,2517.0,27,2510.0,11,2518.0,5,2509.0,6
1597988249154775040,1597988249420000000,2020-08-21 13:37:29.420000,2513.0,2541.0,2457.0,2494.0,nan,2503.266888,46705,1169150800.0,72458,2514.0,34,2513.0,15,2515.0,153,2512.0,55,2516.0,52,2511.0,125,2517.0,27,2510.0,11,2518.0,5,2509.0,6
1597988249617540096,1597988249930000128,2020-08-21 13:37:29.930000,2513.0,2541.0,2457.0,2494.0,nan,2503.266888,46705,1169150800.0,72458,2514.0,34,2513.0,17,2515.0,153,2512.0,55,2516.0,52,2511.0,125,2517.0,27,2510.0,11,2518.0,5,2509.0,6
1597988250170833920,1597988250435000064,2020-08-21 13:37:30.435000,2513.0,2541.0,2457.0,2494.0,nan,2503.266888,46705,1169150800.0,72458,2514.0,35,2513.0,17,2515.0,213,2512.0,57,2516.0,52,2511.0,184,2517.0,27,2510.0,11,2518.0,24,2509.0,25
1597988250630960896,1597988250933000192,2020-08-21 13:37:30.933000,2513.0,2541.0,2457.0,2494.0,nan,2503.266888,46705,1169150800.0,72458,2514.0,39,2513.0,20,2515.0,251,2512.0,58,2516.0,52,2511.0,222,2517.0,27,2510.0,11,2518.0,24,2509.0,25
1597988251127433984,1597988251436000000,2020-08-21 13:37:31.436000,2513.0,2541.0,2457.0,2494.0,nan,2503.266888,46705,1169150800.0,72458,2514.0,39,2513.0,21,2515.0,251,2512.0,57,2516.0,52,2511.0,222,2517.0,27,2510.0,11,2518.0,24,2509.0,25
1597988252652548096,1597988252933000192,2020-08-21 13:37:32.933000,2513.0,2541.0,2457.0,2494.0,nan,2503.266888,46705,1169150800.0,72458,2514.0,39,2513.0,36,2515.0,251,2512.0,42,2516.0,52,2511.0,222,2517.0,27,2510.0,11,2518.0,24,2509.0,25
1597988254624045056,1597988254935000064,2020-08-21 13:37:34.935000,2514.0,2541.0,2457.0,2494.0,nan,2503.269185,46715,1169402200.0,72458,2514.0,29,2513.0,36,2515.0,251,2512.0,42,2516.0,52,2511.0,222,2517.0,27,2510.0,11,2518.0,24,2509.0,25
1597988255113330944,1597988255433000192,2020-08-21 13:37:35.433000,2514.0,2541.0,2457.0,2494.0,nan,2503.269185,46715,1169402200.0,72458,2514.0,28,2513.0,37,2515.0,115,2512.0,178,2516.0,189,2511.0,85,2517.0,27,2510.0,11,2518.0,24,2509.0,25
1597988256149285888,1597988256426000128,2020-08-21 13:37:36.426000,2514.0,2541.0,2457.0,2494.0,nan,2503.269185,46715,1169402200.0,72458,2514.0,28,2513.0,42,2515.0,115,2512.0,178,2516.0,170,2511.0,85,2517.0,27,2510.0,11,2518.0,24,2509.0,25
1597988256616315904,1597988256924999936,2020-08-21 13:37:36.925000,2514.0,2541.0,2457.0,2494.0,nan,2503.269185,46715,1169402200.0,72458,2514.0,26,2513.0,44,2515.0,115,2512.0,178,2516.0,170,2511.0,85,2517.0,27,2510.0,11,2518.0,24,2509.0,25
1597988258116453120,1597988258416999936,2020-08-21 13:37:38.417000,2514.0,2541.0,2457.0,2494.0,nan,2503.269415,46716,1169427340.0,72459,2514.0,25,2513.0,44,2515.0,115,2512.0,178,2516.0,170,2511.0,85,2517.0,27,2510.0,11,2518.0,24,2509.0,25
1597988261606960896,1597988261931000064,2020-08-21 13:37:41.931000,2514.0,2541.0,2457.0,2494.0,nan,2503.269415,46716,1169427340.0,72459,2514.0,25,2513.0,45,2515.0,115,2512.0,178,2516.0,170,2511.0,85,2517.0,27,2510.0,11,2518.0,24,2509.0,25
1597988263605489920,1597988263930000128,2020-08-21 13:37:43.930000,2514.0,2541.0,2457.0,2494.0,nan,2503.269415,46716,1169427340.0,72459,2514.0,44,2513.0,45,2515.0,115,2512.0,178,2516.0,170,2511.0,85,2517.0,27,2510.0,11,2518.0,24,2509.0,25
1597988269120295936,1597988269407000064,2020-08-21 13:37:49.407000,2514.0,2541.0,2457.0,2494.0,nan,2503.269415,46716,1169427340.0,72459,2514.0,45,2513.0,45,2515.0,115,2512.0,178,2516.0,170,2511.0,85,2517.0,27,2510.0,11,2518.0,24,2509.0,25
1597988269637890048,1597988269923000064,2020-08-21 13:37:49.923000,2514.0,2541.0,2457.0,2494.0,nan,2503.269415,46716,1169427340.0,72459,2514.0,45,2513.0,45,2515.0,95,2512.0,198,2516.0,190,2511.0,65,2517.0,27,2510.0,11,2518.0,24,2509.0,25
1597988271609122048,1597988271913000192,2020-08-21 13:37:51.913000,2514.0,2541.0,2457.0,2494.0,nan,2503.269415,46716,1169427340.0,72459,2514.0,45,2513.0,50,2515.0,95,2512.0,198,2516.0,190,2511.0,65,2517.0,27,2510.0,11,2518.0,24,2509.0,25
1597988274152689920,1597988274432000000,2020-08-21 13:37:54.432000,2513.0,2541.0,2457.0,2494.0,nan,2503.270457,46721,1169552990.0,72462,2514.0,45,2513.0,45,2515.0,95,2512.0,198,2516.0,190,2511.0,65,2517.0,27,2510.0,11,2518.0,24,2509.0,25
1597988277238789120,1597988277428999936,2020-08-21 13:37:57.429000,2514.0,2541.0,2457.0,2494.0,nan,2503.278259,46755,1170407750.0,72482,2514.0,11,2513.0,41,2515.0,93,2512.0,100,2516.0,93,2511.0,65,2517.0,27,2510.0,11,2518.0,5,2509.0,6
1597988277610611968,1597988277920000000,2020-08-21 13:37:57.920000,2514.0,2541.0,2457.0,2494.0,nan,2503.278259,46755,1170407750.0,72482,2514.0,11,2513.0,41,2515.0,75,2512.0,120,2516.0,93,2511.0,45,2517.0,27,2510.0,11,2518.0,5,2509.0,6
1597988278120240128,1597988278436000000,2020-08-21 13:37:58.436000,2514.0,2541.0,2457.0,2494.0,nan,2503.278259,46755,1170407750.0,72482,2514.0,11,2513.0,42,2515.0,77,2512.0,162,2516.0,132,2511.0,45,2517.0,27,2510.0,11,2518.0,24,2509.0,25
1597988279160510976,1597988279436000000,2020-08-21 13:37:59.436000,2514.0,2541.0,2457.0,2494.0,nan,2503.278259,46755,1170407750.0,72482,2514.0,13,2513.0,45,2515.0,78,2512.0,200,2516.0,170,2511.0,45,2517.0,27,2510.0,11,2518.0,24,2509.0,25
1597988279649679104,1597988279936999936,2020-08-21 13:37:59.937000,2514.0,2541.0,2457.0,2494.0,nan,2503.278259,46755,1170407750.0,72482,2514.0,14,2513.0,45,2515.0,78,2512.0,220,2516.0,210,2511.0,45,2517.0,27,2510.0,11,2518.0,24,2509.0,25
1597988281112099072,1597988281405999872,2020-08-21 13:38:01.406000,2514.0,2541.0,2457.0,2494.0,nan,2503.278259,46755,1170407750.0,72482,2514.0,14,2513.0,44,2515.0,78,2512.0,220,2516.0,210,2511.0,45,2517.0,27,2510.0,11,2518.0,24,2509.0,25
1597988283127275008,1597988283430000128,2020-08-21 13:38:03.430000,2514.0,2541.0,2457.0,2494.0,nan,2503.278488,46756,1170432890.0,72482,2514.0,13,2513.0,44,2515.0,78,2512.0,220,2516.0,210,2511.0,45,2517.0,27,2510.0,11,2518.0,24,2509.0,25
1597988284132471040,1597988284435000064,2020-08-21 13:38:04.435000,2514.0,2541.0,2457.0,2494.0,nan,2503.278488,46756,1170432890.0,72482,2514.0,15,2513.0,44,2515.0,78,2512.0,220,2516.0,210,2511.0,45,2517.0,27,2510.0,11,2518.0,24,2509.0,25
1597988284603552000,1597988284932000000,2020-08-21 13:38:04.932000,2514.0,2541.0,2457.0,2494.0,nan,2503.278488,46756,1170432890.0,72482,2514.0,15,2513.0,39,2515.0,78,2512.0,220,2516.0,210,2511.0,45,2517.0,27,2510.0,11,2518.0,24,2509.0,25
1597988289136026112,1597988289432000000,2020-08-21 13:38:09.432000,2514.0,2541.0,2457.0,2494.0,nan,2503.279635,46761,1170558590.0,72482,2514.0,10,2513.0,39,2515.0,78,2512.0,220,2516.0,210,2511.0,45,2517.0,27,2510.0,11,2518.0,24,2509.0,25
1597988291125897984,1597988291432000000,2020-08-21 13:38:11.432000,2514.0,2541.0,2457.0,2494.0,nan,2503.279635,46761,1170558590.0,72482,2514.0,10,2513.0,39,2515.0,90,2512.0,220,2516.0,210,2511.0,45,2517.0,27,2510.0,11,2518.0,24,2509.0,25
1597988293606732032,1597988293931000064,2020-08-21 13:38:13.931000,2514.0,2541.0,2457.0,2494.0,nan,2503.279864,46762,1170583730.0,72482,2514.0,9,2513.0,39,2515.0,90,2512.0,220,2516.0,210,2511.0,45,2517.0,27,2510.0,11,2518.0,24,2509.0,25
1597988295180858880,1597988295438999808,2020-08-21 13:38:15.439000,2514.0,2541.0,2457.0,2494.0,nan,2503.280781,46766,1170684290.0,72482,2514.0,5,2513.0,39,2515.0,90,2512.0,220,2516.0,210,2511.0,45,2517.0,27,2510.0,11,2518.0,24,2509.0,25
1597988297171620096,1597988297424999936,2020-08-21 13:38:17.425000,2514.0,2541.0,2457.0,2494.0,nan,2503.280781,46766,1170684290.0,72482,2514.0,5,2513.0,39,2515.0,90,2512.0,205,2516.0,210,2511.0,45,2517.0,27,2510.0,11,2518.0,24,2509.0,25
1597988299116816896,1597988299417999872,2020-08-21 13:38:19.418000,2514.0,2541.0,2457.0,2494.0,nan,2503.281927,46771,1170809990.0,72486,2515.0,88,2514.0,2,2516.0,133,2513.0,36,2517.0,27,2512.0,127,2518.0,5,2511.0,45,2519.0,15,2510.0,11
1597988299630878976,1597988299933000192,2020-08-21 13:38:19.933000,2514.0,2541.0,2457.0,2494.0,nan,2503.282385,46773,1170860270.0,72486,2514.0,7,2513.0,55,2515.0,68,2512.0,107,2516.0,113,2511.0,25,2517.0,47,2510.0,11,2518.0,5,2509.0,6
1597988300167287040,1597988300418999808,2020-08-21 13:38:20.419000,2514.0,2541.0,2457.0,2494.0,nan,2503.282385,46773,1170860270.0,72486,2514.0,7,2513.0,36,2515.0,50,2512.0,207,2516.0,212,2511.0,5,2517.0,27,2510.0,11,2518.0,24,2509.0,25
1597988300625040896,1597988300936999936,2020-08-21 13:38:20.937000,2514.0,2541.0,2457.0,2494.0,nan,2503.282385,46773,1170860270.0,72486,2514.0,7,2513.0,36,2515.0,50,2512.0,207,2516.0,212,2511.0,5,2517.0,27,2510.0,11,2518.0,46,2509.0,25
1597988301803252992,1597988301433000192,2020-08-21 13:38:21.433000,2514.0,2541.0,2457.0,2494.0,nan,2503.282385,46773,1170860270.0,72486,2514.0,9,2513.0,38,2515.0,50,2512.0,245,2516.0,250,2511.0,5,2517.0,27,2510.0,11,2518.0,46,2509.0,25
1597988302048878080,1597988301933000192,2020-08-21 13:38:21.933000,2514.0,2541.0,2457.0,2494.0,nan,2503.283531,46778,1170985970.0,72486,2514.0,5,2513.0,40,2515.0,50,2512.0,245,2516.0,250,2511.0,5,2517.0,27,2510.0,11,2518.0,46,2509.0,25
1597988302150066944,1597988302412000000,2020-08-21 13:38:22.412000,2514.0,2541.0,2457.0,2494.0,nan,2503.283531,46778,1170985970.0,72486,2514.0,3,2513.0,40,2515.0,50,2512.0,245,2516.0,250,2511.0,5,2517.0,27,2510.0,11,2518.0,46,2509.0,25
1597988305119921920,1597988305433000192,2020-08-21 13:38:25.433000,2514.0,2541.0,2457.0,2494.0,nan,2503.284218,46781,1171061390.0,72489,2515.0,50,2514.0,2,2516.0,212,2513.0,88,2517.0,27,2512.0,207,2518.0,46,2511.0,5,2519.0,15,2510.0,11
1597988305625376000,1597988305936999936,2020-08-21 13:38:25.937000,2514.0,2541.0,2457.0,2494.0,nan,2503.284676,46783,1171111670.0,72489,2515.0,48,2514.0,4,2516.0,153,2513.0,105,2517.0,47,2512.0,147,2518.0,27,2511.0,5,2519.0,15,2510.0,11
1597988306155809024,1597988306417999872,2020-08-21 13:38:26.418000,2514.0,2541.0,2457.0,2494.0,nan,2503.284676,46783,1171111670.0,72489,2515.0,46,2514.0,4,2516.0,153,2513.0,105,2517.0,47,2512.0,147,2518.0,27,2511.0,5,2519.0,15,2510.0,11
1597988306620369920,1597988306932000000,2020-08-21 13:38:26.932000,2514.0,2541.0,2457.0,2494.0,nan,2503.284676,46783,1171111670.0,72489,2515.0,47,2514.0,4,2516.0,193,2513.0,107,2517.0,47,2512.0,186,2518.0,27,2511.0,5,2519.0,34,2510.0,30
1597988307119173120,1597988307413000192,2020-08-21 13:38:27.413000,2514.0,2541.0,2457.0,2494.0,nan,2503.284676,46783,1171111670.0,72489,2515.0,48,2514.0,22,2516.0,193,2513.0,92,2517.0,47,2512.0,186,2518.0,27,2511.0,5,2519.0,34,2510.0,30
1597988307612870912,1597988307923000064,2020-08-21 13:38:27.923000,2514.0,2541.0,2457.0,2494.0,nan,2503.284676,46783,1171111670.0,72489,2515.0,50,2514.0,25,2516.0,231,2513.0,91,2517.0,47,2512.0,224,2518.0,27,2511.0,5,2519.0,34,2510.0,30
1597988308129191936,1597988308432000000,2020-08-21 13:38:28.432000,2514.0,2541.0,2457.0,2494.0,nan,2503.284676,46783,1171111670.0,72489,2515.0,50,2514.0,25,2516.0,231,2513.0,89,2517.0,47,2512.0,224,2518.0,27,2511.0,5,2519.0,34,2510.0,30
1597988308641076992,1597988308936999936,2020-08-21 13:38:28.937000,2514.0,2541.0,2457.0,2494.0,nan,2503.284676,46783,1171111670.0,72489,2515.0,50,2514.0,27,2516.0,231,2513.0,89,2517.0,47,2512.0,224,2518.0,27,2511.0,5,2519.0,34,2510.0,30
1597988312634962944,1597988312916999936,2020-08-21 13:38:32.917000,2514.0,2541.0,2457.0,2494.0,nan,2503.284676,46783,1171111670.0,72489,2515.0,50,2514.0,28,2516.0,231,2513.0,89,2517.0,47,2512.0,224,2518.0,27,2511.0,5,2519.0,34,2510.0,30
1597988313131982080,1597988313424000000,2020-08-21 13:38:33.424000,2514.0,2541.0,2457.0,2494.0,nan,2503.291085,46811,1171815590.0,72509,2514.0,12,2513.0,87,2515.0,51,2512.0,147,2516.0,153,2511.0,5,2517.0,47,2510.0,11,2518.0,27,2509.0,6
1597988313610343936,1597988313927000064,2020-08-21 13:38:33.927000,2514.0,2541.0,2457.0,2494.0,nan,2503.291085,46811,1171815590.0,72509,2514.0,5,2513.0,69,2515.0,47,2512.0,167,2516.0,173,2511.0,5,2517.0,27,2510.0,11,2518.0,27,2509.0,6
1597988314144081920,1597988314420999936,2020-08-21 13:38:34.421000,2514.0,2541.0,2457.0,2494.0,nan,2503.291085,46811,1171815590.0,72509,2514.0,5,2513.0,90,2515.0,49,2512.0,187,2516.0,192,2511.0,5,2517.0,47,2510.0,11,2518.0,46,2509.0,25
1597988315125478912,1597988315403000064,2020-08-21 13:38:35.403000,2514.0,2541.0,2457.0,2494.0,nan,2503.291085,46811,1171815590.0,72509,2514.0,9,2513.0,93,2515.0,50,2512.0,225,2516.0,230,2511.0,5,2517.0,47,2510.0,11,2518.0,46,2509.0,25
1597988315721203968,1597988315878000128,2020-08-21 13:38:35.878000,2514.0,2541.0,2457.0,2494.0,nan,2503.291085,46811,1171815590.0,72509,2514.0,10,2513.0,94,2515.0,50,2512.0,225,2516.0,230,2511.0,5,2517.0,47,2510.0,11,2518.0,46,2509.0,25
1597988316147297024,1597988316420000000,2020-08-21 13:38:36.420000,2514.0,2541.0,2457.0,2494.0,nan,2503.291085,46811,1171815590.0,72509,2514.0,10,2513.0,74,2515.0,50,2512.0,245,2516.0,250,2511.0,5,2517.0,27,2510.0,11,2518.0,46,2509.0,25
1597988325655580928,1597988325935000064,2020-08-21 13:38:45.935000,2513.0,2541.0,2457.0,2494.0,nan,2503.305375,46880,1173549560.0,72547,2514.0,15,2513.0,5,2515.0,50,2512.0,245,2516.0,250,2511.0,5,2517.0,27,2510.0,11,2518.0,46,2509.0,25
1597988326160916992,1597988326413000192,2020-08-21 13:38:46.413000,2513.0,2541.0,2457.0,2494.0,nan,2503.306409,46885,1173675210.0,72547,2513.0,21,2512.0,105,2514.0,14,2511.0,25,2515.0,65,2510.0,11,2516.0,113,2509.0,6,2517.0,27,2508.0,8
1597988326746884096,1597988326921999872,2020-08-21 13:38:46.922000,2513.0,2541.0,2457.0,2494.0,nan,2503.306409,46885,1173675210.0,72547,2513.0,21,2512.0,7,2514.0,15,2511.0,83,2515.0,125,2510.0,11,2516.0,13,2509.0,6,2517.0,27,2508.0,8
1597988327129231104,1597988327434000128,2020-08-21 13:38:47.434000,2512.0,2541.0,2457.0,2494.0,nan,2503.306595,46886,1173700330.0,72546,2513.0,21,2512.0,4,2514.0,54,2511.0,84,2515.0,125,2510.0,51,2516.0,13,2509.0,6,2517.0,46,2508.0,27
1597988327641264896,1597988327936999936,2020-08-21 13:38:47.937000,2512.0,2541.0,2457.0,2494.0,nan,2503.306595,46886,1173700330.0,72546,2513.0,24,2512.0,4,2514.0,54,2511.0,87,2515.0,125,2510.0,51,2516.0,13,2509.0,6,2517.0,46,2508.0,27
1597988328205064960,1597988328431000064,2020-08-21 13:38:48.431000,2513.0,2541.0,2457.0,2494.0,nan,2503.307628,46891,1173825980.0,72546,2513.0,24,2512.0,4,2514.0,171,2511.0,68,2515.0,105,2510.0,168,2516.0,13,2509.0,6,2517.0,46,2508.0,27
1597988328692532992,1597988328881999872,2020-08-21 13:38:48.882000,2513.0,2541.0,2457.0,2494.0,nan,2503.307628,46891,1173825980.0,72546,2513.0,24,2512.0,4,2514.0,191,2511.0,68,2515.0,105,2510.0,188,2516.0,13,2509.0,6,2517.0,46,2508.0,27
1597988329290504960,1597988329400000000,2020-08-21 13:38:49.400000,2513.0,2541.0,2457.0,2494.0,nan,2503.308662,46896,1173951630.0,72549,2513.0,19,2512.0,4,2514.0,191,2511.0,68,2515.0,105,2510.0,188,2516.0,13,2509.0,6,2517.0,46,2508.0,27
1597988330143518976,1597988330434000128,2020-08-21 13:38:50.434000,2513.0,2541.0,2457.0,2494.0,nan,2503.308662,46896,1173951630.0,72549,2513.0,19,2512.0,5,2514.0,191,2511.0,68,2515.0,105,2510.0,188,2516.0,13,2509.0,6,2517.0,46,2508.0,27
1597988330658528000,1597988330931000064,2020-08-21 13:38:50.931000,2513.0,2541.0,2457.0,2494.0,nan,2503.309695,46901,1174077280.0,72549,2513.0,14,2512.0,8,2514.0,191,2511.0,68,2515.0,105,2510.0,188,2516.0,13,2509.0,6,2517.0,46,2508.0,27
1597988331139734016,1597988331408000000,2020-08-21 13:38:51.408000,2513.0,2541.0,2457.0,2494.0,nan,2503.309695,46901,1174077280.0,72549,2513.0,13,2512.0,8,2514.0,191,2511.0,68,2515.0,106,2510.0,188,2516.0,13,2509.0,6,2517.0,46,2508.0,27
1597988340156089088,1597988340432000000,2020-08-21 13:39:00.432000,2512.0,2541.0,2457.0,2494.0,nan,2503.311177,46909,1174278240.0,72546,2512.0,3,2511.0,66,2513.0,10,2510.0,111,2514.0,113,2509.0,6,2515.0,106,2508.0,8,2516.0,13,2507.0,15
1597988340671977984,1597988340924000000,2020-08-21 13:39:00.924000,2512.0,2541.0,2457.0,2494.0,nan,2503.311733,46912,1174353600.0,72546,2513.0,7,2511.0,26,2514.0,113,2510.0,111,2515.0,66,2509.0,6,2516.0,13,2508.0,8,2517.0,27,2507.0,15
1597988341132513024,1597988341415000064,2020-08-21 13:39:01.415000,2512.0,2541.0,2457.0,2494.0,nan,2503.311733,46912,1174353600.0,72546,2513.0,12,2511.0,8,2514.0,174,2510.0,170,2515.0,46,2509.0,6,2516.0,13,2508.0,27,2517.0,46,2507.0,15
1597988341655617024,1597988341936999936,2020-08-21 13:39:01.937000,2512.0,2541.0,2457.0,2494.0,nan,2503.311733,46912,1174353600.0,72546,2513.0,16,2511.0,6,2514.0,193,2510.0,192,2515.0,46,2509.0,6,2516.0,32,2508.0,8,2517.0,27,2507.0,34
1597988342170385920,1597988342410000128,2020-08-21 13:39:02.410000,2512.0,2541.0,2457.0,2494.0,nan,2503.311733,46912,1174353600.0,72546,2513.0,20,2511.0,9,2514.0,231,2510.0,230,2515.0,46,2509.0,6,2516.0,32,2508.0,8,2517.0,27,2507.0,34
1597988342726091008,1597988342924999936,2020-08-21 13:39:02.925000,2512.0,2541.0,2457.0,2494.0,nan,2503.311733,46912,1174353600.0,72546,2513.0,21,2511.0,9,2514.0,231,2510.0,230,2515.0,45,2509.0,6,2516.0,32,2508.0,8,2517.0,27,2507.0,34
1597988343169552896,1597988343435000064,2020-08-21 13:39:03.435000,2512.0,2541.0,2457.0,2494.0,nan,2503.311733,46912,1174353600.0,72546,2513.0,21,2511.0,11,2514.0,226,2510.0,230,2515.0,45,2509.0,6,2516.0,32,2508.0,8,2517.0,27,2507.0,34
1597988347214618112,1597988347420999936,2020-08-21 13:39:07.421000,2511.0,2541.0,2457.0,2494.0,nan,2503.311896,46913,1174378710.0,72545,2513.0,21,2511.0,10,2514.0,226,2510.0,230,2515.0,45,2509.0,6,2516.0,32,2508.0,8,2517.0,27,2507.0,34
1597988347638296064,1597988347923000064,2020-08-21 13:39:07.923000,2511.0,2541.0,2457.0,2494.0,nan,2503.311896,46913,1174378710.0,72545,2513.0,21,2511.0,10,2514.0,226,2510.0,230,2515.0,45,2509.0,6,2516.0,32,2508.0,8,2517.0,27,2507.0,21
1597988348174691072,1597988348430000128,2020-08-21 13:39:08.430000,2511.0,2541.0,2457.0,2494.0,nan,2503.311896,46913,1174378710.0,72545,2512.0,4,2511.0,10,2513.0,21,2510.0,230,2514.0,226,2509.0,6,2515.0,45,2508.0,8,2516.0,32,2507.0,21
1597988348638237952,1597988348932000000,2020-08-21 13:39:08.932000,2512.0,2541.0,2457.0,2494.0,nan,2503.312637,46917,1174479190.0,72545,2512.0,4,2511.0,10,2513.0,17,2510.0,230,2514.0,226,2509.0,6,2515.0,45,2508.0,8,2516.0,32,2507.0,21
1597988349190641920,1597988349437999872,2020-08-21 13:39:09.438000,2512.0,2541.0,2457.0,2494.0,nan,2503.313378,46921,1174579670.0,72547,2513.0,15,2512.0,2,2514.0,149,2511.0,7,2515.0,45,2510.0,152,2516.0,13,2509.0,6,2517.0,27,2508.0,8
1597988349617246976,1597988349898000128,2020-08-21 13:39:09.898000,2512.0,2541.0,2457.0,2494.0,nan,2503.313378,46921,1174579670.0,72547,2513.0,14,2512.0,2,2514.0,129,2511.0,27,2515.0,66,2510.0,132,2516.0,13,2509.0,6,2517.0,27,2508.0,8
1597988350115582976,1597988350412000000,2020-08-21 13:39:10.412000,2512.0,2541.0,2457.0,2494.0,nan,2503.313378,46921,1174579670.0,72547,2513.0,15,2512.0,2,2514.0,169,2511.0,29,2515.0,66,2510.0,171,2516.0,13,2509.0,6,2517.0,46,2508.0,27
1597988351175097088,1597988351423000064,2020-08-21 13:39:11.423000,2512.0,2541.0,2457.0,2494.0,nan,2503.313378,46921,1174579670.0,72547,2513.0,17,2512.0,4,2514.0,207,2511.0,29,2515.0,66,2510.0,209,2516.0,13,2509.0,6,2517.0,46,2508.0,27
1597988351752848896,1597988351935000064,2020-08-21 13:39:11.935000,2512.0,2541.0,2457.0,2494.0,nan,2503.313378,46921,1174579670.0,72547,2513.0,18,2512.0,5,2514.0,207,2511.0,28,2515.0,66,2510.0,209,2516.0,13,2509.0,6,2517.0,46,2508.0,27
1597988353624711936,1597988353924999936,2020-08-21 13:39:13.925000,2512.0,2541.0,2457.0,2494.0,nan,2503.313378,46921,1174579670.0,72547,2513.0,18,2512.0,5,2514.0,207,2511.0,26,2515.0,66,2510.0,209,2516.0,13,2509.0,6,2517.0,46,2508.0,27
1597988361135920896,1597988361430000128,2020-08-21 13:39:21.430000,2512.0,2541.0,2457.0,2494.0,nan,2503.313378,46921,1174579670.0,72547,2513.0,19,2512.0,5,2514.0,207,2511.0,26,2515.0,65,2510.0,209,2516.0,13,2509.0,6,2517.0,46,2508.0,27
1597988361619414016,1597988361904000000,2020-08-21 13:39:21.904000,2512.0,2541.0,2457.0,2494.0,nan,2503.313378,46921,1174579670.0,72547,2513.0,31,2512.0,5,2514.0,207,2511.0,26,2515.0,53,2510.0,209,2516.0,13,2509.0,6,2517.0,46,2508.0,27
1597988362120925952,1597988362424999936,2020-08-21 13:39:22.425000,2512.0,2541.0,2457.0,2494.0,nan,2503.313378,46921,1174579670.0,72547,2513.0,31,2512.0,5,2514.0,207,2511.0,27,2515.0,53,2510.0,208,2516.0,13,2509.0,6,2517.0,46,2508.0,27
1597988367146594048,1597988367416000000,2020-08-21 13:39:27.416000,2512.0,2541.0,2457.0,2494.0,nan,2503.314674,46928,1174755510.0,72545,2512.0,95,2511.0,25,2513.0,28,2510.0,131,2514.0,129,2509.0,6,2515.0,53,2508.0,8,2516.0,13,2507.0,2
1597988367640331008,1597988367901999872,2020-08-21 13:39:27.902000,2512.0,2541.0,2457.0,2494.0,nan,2503.314674,46928,1174755510.0,72545,2512.0,96,2511.0,3,2513.0,84,2510.0,89,2514.0,89,2509.0,66,2515.0,33,2508.0,10,2516.0,13,2507.0,2
1597988368128700928,1597988368420999936,2020-08-21 13:39:28.421000,2511.0,2541.0,2457.0,2494.0,nan,2503.315165,46931,1174830840.0,72547,2512.0,98,2510.0,73,2513.0,144,2509.0,125,2514.0,70,2508.0,10,2515.0,33,2507.0,21,2516.0,32,2506.0,6
1597988368611529984,1597988368928999936,2020-08-21 13:39:28.929000,2511.0,2541.0,2457.0,2494.0,nan,2503.315165,46931,1174830840.0,72547,2512.0,99,2510.0,12,2513.0,183,2509.0,166,2514.0,10,2508.0,10,2515.0,52,2507.0,2,2516.0,13,2506.0,25
1597988369145547008,1597988369394000128,2020-08-21 13:39:29.394000,2511.0,2541.0,2457.0,2494.0,nan,2503.315165,46931,1174830840.0,72547,2512.0,122,2510.0,15,2513.0,221,2509.0,204,2514.0,10,2508.0,30,2515.0,52,2507.0,2,2516.0,13,2506.0,25
1597988369612147968,1597988369829999872,2020-08-21 13:39:29.830000,2511.0,2541.0,2457.0,2494.0,nan,2503.315165,46931,1174830840.0,72547,2512.0,122,2510.0,16,2513.0,221,2509.0,204,2514.0,10,2508.0,30,2515.0,52,2507.0,2,2516.0,13,2506.0,25
1597988370127042048,1597988370428999936,2020-08-21 13:39:30.429000,2511.0,2541.0,2457.0,2494.0,nan,2503.315165,46931,1174830840.0,72547,2512.0,123,2510.0,16,2513.0,221,2509.0,205,2514.0,10,2508.0,30,2515.0,52,2507.0,2,2516.0,13,2506.0,25
1597988370647188992,1597988370926000128,2020-08-21 13:39:30.926000,2511.0,2541.0,2457.0,2494.0,nan,2503.315165,46931,1174830840.0,72547,2512.0,123,2511.0,1,2513.0,222,2510.0,16,2514.0,10,2509.0,205,2515.0,52,2508.0,30,2516.0,13,2507.0,2
1597988371138767872,1597988371364000000,2020-08-21 13:39:31.364000,2511.0,2541.0,2457.0,2494.0,nan,2503.315329,46932,1174855950.0,72548,2512.0,102,2511.0,3,2513.0,223,2510.0,34,2514.0,30,2509.0,204,2515.0,33,2508.0,10,2516.0,32,2507.0,21
1597988371636353024,1597988371914000128,2020-08-21 13:39:31.914000,2511.0,2541.0,2457.0,2494.0,nan,2503.31582,46935,1174931280.0,72551,2511.0,2,2510.0,32,2512.0,99,2509.0,127,2513.0,145,2508.0,10,2514.0,30,2507.0,2,2515.0,33,2506.0,6
1597988372124002048,1597988372426000128,2020-08-21 13:39:32.426000,2510.0,2541.0,2457.0,2494.0,nan,2503.316574,46940,1175056800.0,72549,2512.0,100,2510.0,10,2513.0,165,2509.0,146,2514.0,10,2508.0,10,2515.0,33,2507.0,4,2516.0,13,2506.0,6
1597988372619838976,1597988372927000064,2020-08-21 13:39:32.927000,2510.0,2541.0,2457.0,2494.0,nan,2503.316574,46940,1175056800.0,72549,2512.0,122,2510.0,10,2513.0,184,2509.0,167,2514.0,10,2508.0,30,2515.0,52,2507.0,4,2516.0,13,2506.0,25
1597988373616445952,1597988373934000128,2020-08-21 13:39:33.934000,2510.0,2541.0,2457.0,2494.0,nan,2503.316574,46940,1175056800.0,72549,2512.0,124,2510.0,12,2513.0,222,2509.0,205,2514.0,10,2508.0,30,2515.0,52,2507.0,4,2516.0,13,2506.0,25
1597988374115547904,1597988374433000192,2020-08-21 13:39:34.433000,2510.0,2541.0,2457.0,2494.0,nan,2503.316574,46940,1175056800.0,72549,2512.0,126,2510.0,13,2513.0,222,2509.0,205,2514.0,10,2508.0,30,2515.0,52,2507.0,4,2516.0,13,2506.0,25
1597988379621443072,1597988379928000000,2020-08-21 13:39:39.928000,2510.0,2541.0,2457.0,2494.0,nan,2503.316574,46940,1175056800.0,72549,2512.0,138,2510.0,13,2513.0,210,2509.0,205,2514.0,10,2508.0,30,2515.0,52,2507.0,4,2516.0,13,2506.0,25
1597988380123457024,1597988380382999808,2020-08-21 13:39:40.383000,2510.0,2541.0,2457.0,2494.0,nan,2503.316574,46940,1175056800.0,72549,2512.0,138,2510.0,13,2513.0,210,2509.0,205,2514.0,10,2508.0,30,2515.0,52,2507.0,4,2516.0,12,2506.0,25
1597988380639294976,1597988380934000128,2020-08-21 13:39:40.934000,2510.0,2541.0,2457.0,2494.0,nan,2503.316574,46940,1175056800.0,72549,2511.0,1,2510.0,13,2512.0,138,2509.0,205,2513.0,210,2508.0,30,2514.0,10,2507.0,4,2515.0,52,2506.0,25
1597988381170590976,1597988381404000000,2020-08-21 13:39:41.404000,2511.0,2541.0,2457.0,2494.0,nan,2503.31772,46947,1175232570.0,72550,2512.0,112,2510.0,10,2513.0,153,2509.0,147,2514.0,10,2508.0,10,2515.0,33,2507.0,4,2516.0,12,2506.0,6
1597988381621189888,1597988381904999936,2020-08-21 13:39:41.905000,2511.0,2541.0,2457.0,2494.0,nan,2503.31772,46947,1175232570.0,72550,2512.0,132,2510.0,9,2513.0,133,2509.0,127,2514.0,10,2508.0,30,2515.0,33,2507.0,4,2516.0,12,2506.0,6
1597988382107488000,1597988382435000064,2020-08-21 13:39:42.435000,2511.0,2541.0,2457.0,2494.0,nan,2503.31772,46947,1175232570.0,72550,2511.0,2,2510.0,10,2512.0,134,2509.0,147,2513.0,172,2508.0,30,2514.0,10,2507.0,4,2515.0,52,2506.0,25
1597988382629253888,1597988382921999872,2020-08-21 13:39:42.922000,2511.0,2541.0,2457.0,2494.0,nan,2503.31772,46947,1175232570.0,72550,2511.0,4,2510.0,10,2512.0,114,2509.0,187,2513.0,172,2508.0,10,2514.0,10,2507.0,4,2515.0,52,2506.0,25
1597988383100738048,1597988383423000064,2020-08-21 13:39:43.423000,2511.0,2541.0,2457.0,2494.0,nan,2503.31772,46947,1175232570.0,72550,2511.0,6,2510.0,12,2512.0,114,2509.0,225,2513.0,210,2508.0,10,2514.0,10,2507.0,4,2515.0,52,2506.0,25
1597988383619815936,1597988383916000000,2020-08-21 13:39:43.916000,2511.0,2541.0,2457.0,2494.0,nan,2503.31772,46947,1175232570.0,72550,2511.0,7,2510.0,12,2512.0,114,2509.0,225,2513.0,230,2508.0,10,2514.0,10,2507.0,4,2515.0,52,2506.0,25
1597988384145893120,1597988384434000128,2020-08-21 13:39:44.434000,2511.0,2541.0,2457.0,2494.0,nan,2503.31772,46947,1175232570.0,72550,2511.0,7,2510.0,12,2512.0,112,2509.0,225,2513.0,230,2508.0,10,2514.0,10,2507.0,4,2515.0,52,2506.0,25
1597988384619202048,1597988384924000000,2020-08-21 13:39:44.924000,2511.0,2541.0,2457.0,2494.0,nan,2503.31772,46947,1175232570.0,72550,2511.0,9,2510.0,12,2512.0,112,2509.0,225,2513.0,230,2508.0,10,2514.0,10,2507.0,5,2515.0,52,2506.0,25
1597988386618675968,1597988386927000064,2020-08-21 13:39:46.927000,2511.0,2541.0,2457.0,2494.0,nan,2503.318047,46949,1175282790.0,72548,2511.0,7,2510.0,12,2512.0,113,2509.0,225,2513.0,230,2508.0,10,2514.0,10,2507.0,5,2515.0,53,2506.0,25
1597988387158512896,1597988387426000128,2020-08-21 13:39:47.426000,2511.0,2541.0,2457.0,2494.0,nan,2503.318047,46949,1175282790.0,72548,2511.0,7,2510.0,12,2512.0,114,2509.0,225,2513.0,230,2508.0,10,2514.0,10,2507.0,5,2515.0,53,2506.0,25
1597988389136905984,1597988389374000128,2020-08-21 13:39:49.374000,2511.0,2541.0,2457.0,2494.0,nan,2503.319192,46956,1175458560.0,72546,2512.0,112,2511.0,11,2513.0,153,2510.0,10,2514.0,10,2509.0,147,2515.0,34,2508.0,10,2516.0,12,2507.0,5
1597988389617339904,1597988389934000128,2020-08-21 13:39:49.934000,2511.0,2541.0,2457.0,2494.0,nan,2503.319192,46956,1175458560.0,72546,2512.0,114,2511.0,4,2513.0,133,2510.0,28,2514.0,30,2509.0,127,2515.0,33,2508.0,10,2516.0,12,2507.0,5
1597988390182256896,1597988390432000000,2020-08-21 13:39:50.432000,2511.0,2541.0,2457.0,2494.0,nan,2503.319192,46956,1175458560.0,72546,2512.0,115,2511.0,4,2513.0,173,2510.0,30,2514.0,30,2509.0,166,2515.0,33,2508.0,10,2516.0,31,2507.0,24
1597988391137149952,1597988391348000000,2020-08-21 13:39:51.348000,2511.0,2541.0,2457.0,2494.0,nan,2503.319192,46956,1175458560.0,72546,2512.0,117,2511.0,6,2513.0,211,2510.0,30,2514.0,30,2509.0,204,2515.0,33,2508.0,10,2516.0,31,2507.0,24
1597988391617094912,1597988391932000000,2020-08-21 13:39:51.932000,2511.0,2541.0,2457.0,2494.0,nan,2503.319192,46956,1175458560.0,72546,2512.0,118,2511.0,7,2513.0,211,2510.0,30,2514.0,30,2509.0,204,2515.0,33,2508.0,10,2516.0,31,2507.0,24
1597988394628841984,1597988394903000064,2020-08-21 13:39:54.903000,2511.0,2541.0,2457.0,2494.0,nan,2503.319192,46956,1175458560.0,72546,2512.0,118,2511.0,12,2513.0,211,2510.0,30,2514.0,30,2509.0,204,2515.0,33,2508.0,10,2516.0,31,2507.0,24
1597988399159304960,1597988399408999936,2020-08-21 13:39:59.409000,2511.0,2541.0,2457.0,2494.0,nan,2503.319192,46956,1175458560.0,72546,2512.0,118,2511.0,13,2513.0,211,2510.0,30,2514.0,30,2509.0,204,2515.0,33,2508.0,10,2516.0,31,2507.0,24
1597988404629741056,1597988404903000064,2020-08-21 13:40:04.903000,2512.0,2541.0,2457.0,2494.0,nan,2503.340953,47074,1178422720.0,72488,2513.0,113,2512.0,3,2514.0,29,2511.0,11,2515.0,33,2510.0,28,2516.0,12,2509.0,126,2517.0,25,2508.0,10
1597988405174483968,1597988405420000000,2020-08-21 13:40:05.420000,2512.0,2541.0,2457.0,2494.0,nan,2503.340953,47074,1178422720.0,72488,2513.0,11,2512.0,11,2514.0,49,2511.0,12,2515.0,33,2510.0,49,2516.0,12,2509.0,6,2517.0,25,2508.0,10
1597988405617934080,1597988405897000192,2020-08-21 13:40:05.897000,2512.0,2541.0,2457.0,2494.0,nan,2503.341136,47075,1178447840.0,72487,2513.0,14,2512.0,12,2514.0,50,2511.0,73,2515.0,93,2510.0,49,2516.0,12,2509.0,6,2517.0,44,2508.0,29
1597988406165445888,1597988406427000064,2020-08-21 13:40:06.427000,2512.0,2541.0,2457.0,2494.0,nan,2503.341136,47075,1178447840.0,72487,2513.0,14,2512.0,10,2514.0,90,2511.0,33,2515.0,53,2510.0,89,2516.0,12,2509.0,6,2517.0,44,2508.0,29
1597988406626369024,1597988406927000064,2020-08-21 13:40:06.927000,2512.0,2541.0,2457.0,2494.0,nan,2503.341136,47075,1178447840.0,72487,2513.0,17,2512.0,14,2514.0,167,2511.0,37,2515.0,54,2510.0,166,2516.0,12,2509.0,6,2517.0,44,2508.0,29
1597988407134411008,1597988407437999872,2020-08-21 13:40:07.438000,2512.0,2541.0,2457.0,2494.0,nan,2503.341136,47075,1178447840.0,72487,2513.0,17,2512.0,14,2514.0,207,2511.0,37,2515.0,54,2510.0,206,2516.0,12,2509.0,6,2517.0,44,2508.0,29
1597988407616041984,1597988407897000192,2020-08-21 13:40:07.897000,2512.0,2541.0,2457.0,2494.0,nan,2503.341136,47075,1178447840.0,72487,2513.0,20,2512.0,14,2514.0,207,2511.0,57,2515.0,74,2510.0,206,2516.0,12,2509.0,6,2517.0,44,2508.0,29
1597988408144965120,1597988408431000064,2020-08-21 13:40:08.431000,2512.0,2541.0,2457.0,2494.0,nan,2503.341136,47075,1178447840.0,72487,2513.0,21,2512.0,14,2514.0,207,2511.0,57,2515.0,73,2510.0,206,2516.0,12,2509.0,6,2517.0,44,2508.0,29
1597988409146693120,1597988409415000064,2020-08-21 13:40:09.415000,2512.0,2541.0,2457.0,2494.0,nan,2503.341136,47075,1178447840.0,72487,2513.0,22,2512.0,14,2514.0,207,2511.0,57,2515.0,73,2510.0,206,2516.0,12,2509.0,6,2517.0,44,2508.0,29
1597988409639152896,1597988409904999936,2020-08-21 13:40:09.905000,2512.0,2541.0,2457.0,2494.0,nan,2503.341136,47075,1178447840.0,72487,2513.0,22,2512.0,34,2514.0,207,2511.0,57,2515.0,73,2510.0,206,2516.0,12,2509.0,6,2517.0,44,2508.0,29
1597988410118371072,1597988410403000064,2020-08-21 13:40:10.403000,2512.0,2541.0,2457.0,2494.0,nan,2503.341136,47075,1178447840.0,72487,2513.0,21,2512.0,36,2514.0,71,2511.0,192,2515.0,210,2510.0,69,2516.0,12,2509.0,6,2517.0,44,2508.0,29
1597988410633897984,1597988410931000064,2020-08-21 13:40:10.931000,2512.0,2541.0,2457.0,2494.0,nan,2503.341136,47075,1178447840.0,72487,2513.0,21,2512.0,37,2514.0,49,2511.0,212,2515.0,230,2510.0,49,2516.0,12,2509.0,6,2517.0,44,2508.0,29
1597988411150813952,1597988411436000000,2020-08-21 13:40:11.436000,2512.0,2541.0,2457.0,2494.0,nan,2503.341136,47075,1178447840.0,72487,2513.0,21,2512.0,37,2514.0,49,2511.0,210,2515.0,230,2510.0,49,2516.0,12,2509.0,6,2517.0,44,2508.0,29
1597988411637574912,1597988411924999936,2020-08-21 13:40:11.925000,2512.0,2541.0,2457.0,2494.0,nan,2503.341136,47075,1178447840.0,72487,2513.0,21,2512.0,39,2514.0,49,2511.0,210,2515.0,230,2510.0,49,2516.0,12,2509.0,6,2517.0,44,2508.0,29
1597988412141626112,1597988412411000064,2020-08-21 13:40:12.411000,2512.0,2541.0,2457.0,2494.0,nan,2503.341136,47075,1178447840.0,72487,2513.0,18,2512.0,39,2514.0,49,2511.0,210,2515.0,230,2510.0,49,2516.0,12,2509.0,6,2517.0,44,2508.0,29
1597988415145987072,1597988415437999872,2020-08-21 13:40:15.438000,2512.0,2541.0,2457.0,2494.0,nan,2503.341136,47075,1178447840.0,72487,2513.0,18,2512.0,39,2514.0,49,2511.0,205,2515.0,230,2510.0,49,2516.0,12,2509.0,6,2517.0,44,2508.0,29
1597988421634758912,1597988421928000000,2020-08-21 13:40:21.928000,2513.0,2541.0,2457.0,2494.0,nan,2503.343188,47085,1178699140.0,72491,2513.0,8,2512.0,39,2514.0,49,2511.0,205,2515.0,230,2510.0,49,2516.0,12,2509.0,6,2517.0,44,2508.0,29
1597988422122509056,1597988422401999872,2020-08-21 13:40:22.402000,2513.0,2541.0,2457.0,2494.0,nan,2503.343188,47085,1178699140.0,72491,2513.0,9,2512.0,39,2514.0,49,2511.0,205,2515.0,231,2510.0,49,2516.0,12,2509.0,6,2517.0,44,2508.0,29
1597988422646625024,1597988422921999872,2020-08-21 13:40:22.922000,2513.0,2541.0,2457.0,2494.0,nan,2503.344418,47091,1178849920.0,72494,2514.0,49,2513.0,2,2515.0,193,2512.0,37,2516.0,12,2511.0,167,2517.0,44,2510.0,49,2518.0,27,2509.0,6
1597988423148957952,1597988423430000128,2020-08-21 13:40:23.430000,2513.0,2541.0,2457.0,2494.0,nan,2503.344828,47093,1178900180.0,72492,2514.0,9,2513.0,2,2515.0,174,2512.0,54,2516.0,32,2511.0,147,2517.0,25,2510.0,9,2518.0,27,2509.0,6
1597988423632709888,1597988423857000192,2020-08-21 13:40:23.857000,2513.0,2541.0,2457.0,2494.0,nan,2503.345238,47095,1178950440.0,72490,2514.0,9,2512.0,54,2515.0,174,2511.0,147,2516.0,32,2510.0,9,2517.0,27,2509.0,6,2518.0,27,2508.0,10
1597988424229135872,1597988424434000128,2020-08-21 13:40:24.434000,2513.0,2541.0,2457.0,2494.0,nan,2503.345238,47095,1178950440.0,72490,2514.0,10,2512.0,35,2515.0,234,2511.0,206,2516.0,12,2510.0,9,2517.0,27,2509.0,25,2518.0,46,2508.0,10
1597988424624813056,1597988424924000000,2020-08-21 13:40:24.924000,2513.0,2541.0,2457.0,2494.0,nan,2503.345238,47095,1178950440.0,72490,2514.0,12,2512.0,37,2515.0,272,2511.0,244,2516.0,12,2510.0,9,2517.0,27,2509.0,25,2518.0,46,2508.0,10
1597988425121453056,1597988425424999936,2020-08-21 13:40:25.425000,2513.0,2541.0,2457.0,2494.0,nan,2503.345238,47095,1178950440.0,72490,2514.0,12,2512.0,37,2515.0,272,2511.0,243,2516.0,12,2510.0,9,2517.0,27,2509.0,25,2518.0,46,2508.0,10
1597988425626116096,1597988425930000128,2020-08-21 13:40:25.930000,2513.0,2541.0,2457.0,2494.0,nan,2503.345238,47095,1178950440.0,72490,2514.0,12,2512.0,38,2515.0,272,2511.0,243,2516.0,12,2510.0,9,2517.0,27,2509.0,25,2518.0,46,2508.0,10
1597988426278689024,1597988426431000064,2020-08-21 13:40:26.431000,2513.0,2541.0,2457.0,2494.0,nan,2503.345238,47095,1178950440.0,72490,2514.0,13,2512.0,39,2515.0,272,2511.0,243,2516.0,12,2510.0,9,2517.0,27,2509.0,25,2518.0,46,2508.0,10
1597988427146584064,1597988427434000128,2020-08-21 13:40:27.434000,2512.0,2541.0,2457.0,2494.0,nan,2503.3524,47134,1179930120.0,72487,2512.0,15,2511.0,146,2514.0,11,2510.0,9,2515.0,193,2509.0,6,2516.0,12,2508.0,10,2517.0,27,2507.0,3
1597988427626041088,1597988427918999808,2020-08-21 13:40:27.919000,2512.0,2541.0,2457.0,2494.0,nan,2503.3524,47134,1179930120.0,72487,2512.0,15,2511.0,26,2514.0,70,2510.0,69,2515.0,53,2509.0,6,2516.0,12,2508.0,10,2517.0,27,2507.0,3
1597988428126704128,1597988428412000000,2020-08-21 13:40:28.412000,2512.0,2541.0,2457.0,2494.0,nan,2503.353133,47138,1180030600.0,72483,2512.0,13,2511.0,6,2514.0,130,2510.0,129,2515.0,33,2509.0,6,2516.0,12,2508.0,10,2517.0,27,2507.0,3
1597988428603799040,1597988428924999936,2020-08-21 13:40:28.925000,2512.0,2541.0,2457.0,2494.0,nan,2503.353133,47138,1180030600.0,72483,2512.0,13,2511.0,10,2513.0,40,2510.0,89,2514.0,90,2509.0,46,2515.0,33,2508.0,10,2516.0,12,2507.0,3
1597988429134737920,1597988429424999936,2020-08-21 13:40:29.425000,2512.0,2541.0,2457.0,2494.0,nan,2503.353133,47138,1180030600.0,72483,2512.0,17,2511.0,15,2513.0,140,2510.0,71,2514.0,70,2509.0,143,2515.0,33,2508.0,10,2516.0,12,2507.0,3
1597988429611486976,1597988429936999936,2020-08-21 13:40:29.937000,2512.0,2541.0,2457.0,2494.0,nan,2503.353133,47138,1180030600.0,72483,2512.0,17,2511.0,16,2513.0,180,2510.0,71,2514.0,70,2509.0,183,2515.0,33,2508.0,10,2516.0,12,2507.0,3
1597988430135808000,1597988430434000128,2020-08-21 13:40:30.434000,2512.0,2541.0,2457.0,2494.0,nan,2503.353133,47138,1180030600.0,72483,2512.0,17,2511.0,16,2513.0,181,2510.0,72,2514.0,70,2509.0,183,2515.0,33,2508.0,10,2516.0,31,2507.0,22
1597988430630889984,1597988430927000064,2020-08-21 13:40:30.927000,2512.0,2541.0,2457.0,2494.0,nan,2503.353133,47138,1180030600.0,72483,2512.0,17,2511.0,17,2513.0,181,2510.0,72,2514.0,70,2509.0,183,2515.0,33,2508.0,10,2516.0,31,2507.0,22
1597988431117506048,1597988431431000064,2020-08-21 13:40:31.431000,2512.0,2541.0,2457.0,2494.0,nan,2503.353133,47138,1180030600.0,72483,2512.0,16,2511.0,18,2513.0,45,2510.0,208,2514.0,207,2509.0,46,2515.0,33,2508.0,10,2516.0,31,2507.0,22
1597988431640133888,1597988431912000000,2020-08-21 13:40:31.912000,2512.0,2541.0,2457.0,2494.0,nan,2503.353133,47138,1180030600.0,72483,2512.0,16,2511.0,18,2513.0,25,2510.0,228,2514.0,227,2509.0,26,2515.0,33,2508.0,10,2516.0,31,2507.0,22
1597988434630665984,1597988434923000064,2020-08-21 13:40:34.923000,2512.0,2541.0,2457.0,2494.0,nan,2503.3535,47140,1180080840.0,72483,2512.0,14,2511.0,18,2513.0,25,2510.0,228,2514.0,227,2509.0,26,2515.0,33,2508.0,10,2516.0,31,2507.0,22
1597988436177541120,1597988436435000064,2020-08-21 13:40:36.435000,2512.0,2541.0,2457.0,2494.0,nan,2503.3535,47140,1180080840.0,72483,2512.0,15,2511.0,18,2513.0,25,2510.0,228,2514.0,227,2509.0,26,2515.0,33,2508.0,10,2516.0,31,2507.0,22
1597988438158118912,1597988438430000128,2020-08-21 13:40:38.430000,2512.0,2541.0,2457.0,2494.0,nan,2503.3535,47140,1180080840.0,72483,2512.0,15,2511.0,18,2513.0,26,2510.0,233,2514.0,227,2509.0,26,2515.0,33,2508.0,10,2516.0,31,2507.0,22
1597988446144120064,1597988446435000064,2020-08-21 13:40:46.435000,2512.0,2541.0,2457.0,2494.0,nan,2503.354417,47145,1180206440.0,72483,2512.0,10,2511.0,18,2513.0,25,2510.0,233,2514.0,227,2509.0,26,2515.0,33,2508.0,10,2516.0,31,2507.0,22
1597988447612705024,1597988447936999936,2020-08-21 13:40:47.937000,2513.0,2541.0,2457.0,2494.0,nan,2503.361361,47180,1181085890.0,72509,2514.0,149,2513.0,87,2515.0,33,2512.0,4,2516.0,12,2511.0,15,2517.0,27,2510.0,154,2518.0,27,2509.0,6
1597988448124189952,1597988448424999936,2020-08-21 13:40:48.425000,2516.0,2541.0,2457.0,2494.0,nan,2503.386252,47280,1183601020.0,72565,2516.0,12,2515.0,20,2517.0,27,2514.0,7,2518.0,29,2513.0,87,2519.0,17,2512.0,24,2520.0,262,2511.0,52
1597988448622467072,1597988448924999936,2020-08-21 13:40:48.925000,2515.0,2541.0,2457.0,2494.0,nan,2503.395706,47318,1184556780.0,72564,2516.0,7,2515.0,38,2517.0,25,2514.0,67,2518.0,89,2513.0,69,2519.0,17,2512.0,4,2520.0,264,2511.0,12
1597988449105714944,1597988449431000064,2020-08-21 13:40:49.431000,2517.0,2541.0,2457.0,2494.0,nan,2503.421846,47413,1186947400.0,72552,2518.0,109,2517.0,25,2519.0,17,2515.0,21,2520.0,264,2514.0,87,2521.0,17,2513.0,69,2522.0,3,2512.0,4
1597988449620935936,1597988449894000128,2020-08-21 13:40:49.894000,2517.0,2541.0,2457.0,2494.0,nan,2503.43415,47456,1188029710.0,72566,2518.0,47,2517.0,2,2519.0,114,2516.0,1,2520.0,264,2515.0,100,2521.0,17,2514.0,7,2522.0,3,2513.0,69
1597988450120080896,1597988450418999808,2020-08-21 13:40:50.419000,2516.0,2541.0,2457.0,2494.0,nan,2503.441072,47482,1188683890.0,72587,2517.0,34,2515.0,43,2518.0,45,2514.0,7,2519.0,77,2513.0,69,2520.0,264,2512.0,9,2521.0,17,2511.0,14
1597988450606938112,1597988450928000000,2020-08-21 13:40:50.928000,2513.0,2541.0,2457.0,2494.0,nan,2503.453635,47536,1190041720.0,72618,2515.0,3,2514.0,24,2516.0,4,2513.0,59,2517.0,34,2512.0,4,2518.0,62,2511.0,11,2519.0,17,2510.0,12
1597988451111158016,1597988451423000064,2020-08-21 13:40:51.423000,2515.0,2541.0,2457.0,2494.0,nan,2503.454849,47541,1190167470.0,72618,2515.0,6,2514.0,4,2516.0,6,2513.0,81,2517.0,48,2512.0,4,2518.0,34,2511.0,11,2519.0,17,2510.0,12
1597988451618614016,1597988451933000192,2020-08-21 13:40:51.933000,2515.0,2541.0,2457.0,2494.0,nan,2503.454849,47541,1190167470.0,72618,2515.0,8,2514.0,13,2516.0,26,2513.0,81,2517.0,48,2512.0,24,2518.0,34,2511.0,11,2519.0,17,2510.0,12
1597988452130330880,1597988452424999936,2020-08-21 13:40:52.425000,2515.0,2541.0,2457.0,2494.0,nan,2503.454849,47541,1190167470.0,72618,2515.0,11,2514.0,17,2516.0,7,2513.0,178,2517.0,145,2512.0,4,2518.0,34,2511.0,11,2519.0,17,2510.0,22
1597988452641661952,1597988452930000128,2020-08-21 13:40:52.930000,2515.0,2541.0,2457.0,2494.0,nan,2503.454849,47541,1190167470.0,72618,2515.0,11,2514.0,17,2516.0,7,2513.0,198,2517.0,165,2512.0,4,2518.0,34,2511.0,11,2519.0,17,2510.0,31
1597988453156193024,1597988453424999936,2020-08-21 13:40:53.425000,2515.0,2541.0,2457.0,2494.0,nan,2503.454849,47541,1190167470.0,72618,2515.0,11,2514.0,18,2516.0,7,2513.0,198,2517.0,165,2512.0,4,2518.0,34,2511.0,11,2519.0,17,2510.0,31
1597988453638286080,1597988453932000000,2020-08-21 13:40:53.932000,2515.0,2541.0,2457.0,2494.0,nan,2503.454849,47541,1190167470.0,72618,2515.0,13,2514.0,19,2516.0,8,2513.0,218,2517.0,185,2512.0,4,2518.0,34,2511.0,11,2519.0,17,2510.0,37
1597988454636648960,1597988454931000064,2020-08-21 13:40:54.931000,2514.0,2541.0,2457.0,2494.0,nan,2503.455071,47542,1190192610.0,72617,2515.0,13,2514.0,18,2516.0,8,2513.0,218,2517.0,178,2512.0,4,2518.0,34,2511.0,11,2519.0,17,2510.0,37
1597988456125169920,1597988456432000000,2020-08-21 13:40:56.432000,2514.0,2541.0,2457.0,2494.0,nan,2503.455071,47542,1190192610.0,72617,2515.0,13,2514.0,18,2516.0,8,2513.0,163,2517.0,178,2512.0,4,2518.0,34,2511.0,11,2519.0,17,2510.0,37
1597988458117917952,1597988458434000128,2020-08-21 13:40:58.434000,2514.0,2541.0,2457.0,2494.0,nan,2503.455071,47542,1190192610.0,72617,2515.0,14,2514.0,18,2516.0,8,2513.0,163,2517.0,178,2512.0,4,2518.0,34,2511.0,11,2519.0,17,2510.0,37
1597988458628131072,1597988458926000128,2020-08-21 13:40:58.926000,2514.0,2541.0,2457.0,2494.0,nan,2503.455293,47543,1190217750.0,72616,2515.0,14,2514.0,17,2516.0,8,2513.0,163,2517.0,178,2512.0,4,2518.0,34,2511.0,11,2519.0,17,2510.0,37
1597988459128219904,1597988459404000000,2020-08-21 13:40:59.404000,2514.0,2541.0,2457.0,2494.0,nan,2503.455293,47543,1190217750.0,72616,2515.0,14,2514.0,16,2516.0,8,2513.0,164,2517.0,178,2512.0,4,2518.0,35,2511.0,11,2519.0,17,2510.0,37
1597988460154479104,1597988460424999936,2020-08-21 13:41:00.425000,2516.0,2541.0,2457.0,2494.0,nan,2503.461855,47569,1190871770.0,72628,2517.0,121,2516.0,31,2518.0,35,2515.0,4,2519.0,17,2514.0,13,2520.0,264,2513.0,106,2521.0,17,2512.0,4
1597988460615742976,1597988460937999872,2020-08-21 13:41:00.938000,2515.0,2541.0,2457.0,2494.0,nan,2503.47099,47604,1191752330.0,72643,2516.0,13,2514.0,55,2517.0,30,2513.0,5,2518.0,75,2512.0,5,2519.0,17,2511.0,11,2520.0,264,2510.0,37
1597988461117082112,1597988461427000064,2020-08-21 13:41:01.427000,2515.0,2541.0,2457.0,2494.0,nan,2503.47099,47604,1191752330.0,72643,2515.0,1,2514.0,14,2516.0,5,2513.0,25,2517.0,50,2512.0,5,2518.0,35,2511.0,11,2519.0,17,2510.0,37
1597988461629889024,1597988461891000064,2020-08-21 13:41:01.891000,2515.0,2541.0,2457.0,2494.0,nan,2503.47099,47604,1191752330.0,72643,2515.0,4,2514.0,14,2516.0,1,2513.0,25,2517.0,47,2512.0,5,2518.0,35,2511.0,11,2519.0,17,2510.0,37
1597988462177795072,1597988462420999936,2020-08-21 13:41:02.421000,2514.0,2541.0,2457.0,2494.0,nan,2503.474306,47619,1192129430.0,72653,2514.0,8,2513.0,26,2515.0,4,2512.0,5,2516.0,1,2511.0,12,2517.0,48,2510.0,37,2518.0,35,2509.0,4
1597988462633923072,1597988462911000064,2020-08-21 13:41:02.911000,2514.0,2541.0,2457.0,2494.0,nan,2503.474306,47619,1192129430.0,72653,2514.0,15,2513.0,4,2515.0,2,2512.0,47,2516.0,41,2511.0,12,2517.0,5,2510.0,37,2518.0,35,2509.0,4
1597988463132753920,1597988463430000128,2020-08-21 13:41:03.430000,2514.0,2541.0,2457.0,2494.0,nan,2503.474306,47619,1192129430.0,72653,2514.0,18,2513.0,8,2515.0,42,2512.0,8,2516.0,2,2511.0,52,2517.0,5,2510.0,37,2518.0,35,2509.0,4
1597988463616282112,1597988463935000064,2020-08-21 13:41:03.935000,2514.0,2541.0,2457.0,2494.0,nan,2503.474306,47619,1192129430.0,72653,2514.0,19,2513.0,9,2515.0,62,2512.0,7,2516.0,1,2511.0,73,2517.0,5,2510.0,39,2518.0,35,2509.0,4
1597988464146356992,1597988464432000000,2020-08-21 13:41:04.432000,2514.0,2541.0,2457.0,2494.0,nan,2503.474306,47619,1192129430.0,72653,2514.0,23,2513.0,11,2515.0,119,2512.0,8,2516.0,1,2511.0,130,2517.0,5,2510.0,39,2518.0,35,2509.0,4
1597988464628536064,1597988464926000128,2020-08-21 13:41:04.926000,2514.0,2541.0,2457.0,2494.0,nan,2503.474306,47619,1192129430.0,72653,2514.0,23,2513.0,11,2515.0,162,2512.0,9,2516.0,1,2511.0,172,2517.0,5,2510.0,39,2518.0,35,2509.0,4
1597988465155906048,1597988465426000128,2020-08-21 13:41:05.426000,2514.0,2541.0,2457.0,2494.0,nan,2503.474306,47619,1192129430.0,72653,2514.0,23,2513.0,11,2515.0,182,2512.0,9,2516.0,1,2511.0,192,2517.0,5,2510.0,39,2518.0,35,2509.0,4
1597988465613868032,1597988465921999872,2020-08-21 13:41:05.922000,2514.0,2541.0,2457.0,2494.0,nan,2503.474306,47619,1192129430.0,72653,2514.0,23,2513.0,11,2515.0,182,2512.0,29,2516.0,21,2511.0,192,2517.0,5,2510.0,39,2518.0,35,2509.0,4
1597988466623837952,1597988466938999808,2020-08-21 13:41:06.939000,2514.0,2541.0,2457.0,2494.0,nan,2503.474306,47619,1192129430.0,72653,2514.0,23,2513.0,11,2515.0,182,2512.0,29,2516.0,21,2511.0,192,2517.0,4,2510.0,39,2518.0,34,2509.0,4
1597988467103123968,1597988467434000128,2020-08-21 13:41:07.434000,2514.0,2541.0,2457.0,2494.0,nan,2503.474306,47619,1192129430.0,72653,2514.0,24,2513.0,11,2515.0,182,2512.0,29,2516.0,21,2511.0,192,2517.0,4,2510.0,39,2518.0,34,2509.0,4
1597988470109395968,1597988470438999808,2020-08-21 13:41:10.439000,2514.0,2541.0,2457.0,2494.0,nan,2503.474306,47619,1192129430.0,72653,2514.0,24,2513.0,31,2515.0,182,2512.0,29,2516.0,21,2511.0,192,2517.0,4,2510.0,39,2518.0,34,2509.0,4
1597988470636363008,1597988470926000128,2020-08-21 13:41:10.926000,2514.0,2541.0,2457.0,2494.0,nan,2503.474306,47619,1192129430.0,72653,2514.0,23,2513.0,33,2515.0,86,2512.0,124,2516.0,118,2511.0,95,2517.0,4,2510.0,39,2518.0,34,2509.0,4
1597988471160214016,1597988471436000000,2020-08-21 13:41:11.436000,2514.0,2541.0,2457.0,2494.0,nan,2503.474306,47619,1192129430.0,72653,2514.0,23,2513.0,33,2515.0,43,2512.0,144,2516.0,138,2511.0,52,2517.0,4,2510.0,39,2518.0,34,2509.0,4
1597988471607734016,1597988471927000064,2020-08-21 13:41:11.927000,2514.0,2541.0,2457.0,2494.0,nan,2503.474306,47619,1192129430.0,72653,2514.0,23,2513.0,33,2515.0,43,2512.0,187,2516.0,181,2511.0,52,2517.0,4,2510.0,39,2518.0,34,2509.0,4
1597988475623016960,1597988475930000128,2020-08-21 13:41:15.930000,2513.0,2541.0,2457.0,2494.0,nan,2503.474507,47620,1192154560.0,72652,2514.0,23,2513.0,32,2515.0,43,2512.0,187,2516.0,181,2511.0,52,2517.0,4,2510.0,39,2518.0,34,2509.0,4
1597988476134491904,1597988476435000064,2020-08-21 13:41:16.435000,2513.0,2541.0,2457.0,2494.0,nan,2503.474507,47620,1192154560.0,72652,2514.0,23,2513.0,32,2515.0,43,2512.0,187,2516.0,182,2511.0,52,2517.0,4,2510.0,39,2518.0,34,2509.0,4
1597988478641191936,1597988478927000064,2020-08-21 13:41:18.927000,2513.0,2541.0,2457.0,2494.0,nan,2503.474507,47620,1192154560.0,72652,2514.0,23,2513.0,33,2515.0,43,2512.0,187,2516.0,182,2511.0,52,2517.0,4,2510.0,39,2518.0,34,2509.0,4
1597988481139202048,1597988481438999808,2020-08-21 13:41:21.439000,2514.0,2541.0,2457.0,2494.0,nan,2503.474728,47621,1192179700.0,72652,2514.0,22,2513.0,33,2515.0,43,2512.0,187,2516.0,182,2511.0,52,2517.0,4,2510.0,39,2518.0,34,2509.0,4
1597988481654296064,1597988481937999872,2020-08-21 13:41:21.938000,2513.0,2541.0,2457.0,2494.0,nan,2503.475328,47624,1192255090.0,72650,2514.0,28,2513.0,30,2515.0,44,2512.0,188,2516.0,182,2511.0,52,2517.0,34,2510.0,39,2518.0,53,2509.0,23
1597988482119291904,1597988482430000128,2020-08-21 13:41:22.430000,2513.0,2541.0,2457.0,2494.0,nan,2503.475328,47624,1192255090.0,72650,2514.0,30,2513.0,30,2515.0,44,2512.0,188,2516.0,182,2511.0,52,2517.0,34,2510.0,39,2518.0,53,2509.0,23
1597988483128915968,1597988483434000128,2020-08-21 13:41:23.434000,2514.0,2541.0,2457.0,2494.0,nan,2503.481953,47654,1193009290.0,72661,2515.0,44,2514.0,73,2516.0,124,2513.0,27,2517.0,34,2512.0,130,2518.0,53,2511.0,52,2519.0,17,2510.0,39
1597988483620999936,1597988483932000000,2020-08-21 13:41:23.932000,2514.0,2541.0,2457.0,2494.0,nan,2503.481953,47654,1193009290.0,72661,2515.0,4,2514.0,73,2516.0,62,2513.0,85,2517.0,94,2512.0,65,2518.0,34,2511.0,12,2519.0,17,2510.0,39
1597988484132551936,1597988484434000128,2020-08-21 13:41:24.434000,2514.0,2541.0,2457.0,2494.0,nan,2503.481953,47654,1193009290.0,72661,2515.0,4,2514.0,73,2516.0,42,2513.0,132,2517.0,137,2512.0,45,2518.0,34,2511.0,12,2519.0,17,2510.0,39
1597988484612484096,1597988484915000064,2020-08-21 13:41:24.915000,2514.0,2541.0,2457.0,2494.0,nan,2503.481953,47654,1193009290.0,72661,2515.0,4,2514.0,75,2516.0,24,2513.0,152,2517.0,156,2512.0,25,2518.0,34,2511.0,12,2519.0,36,2510.0,58
1597988485140396032,1597988485431000064,2020-08-21 13:41:25.431000,2515.0,2541.0,2457.0,2494.0,nan,2503.48292,47658,1193109890.0,72659,2515.0,3,2514.0,78,2516.0,25,2513.0,188,2517.0,191,2512.0,25,2518.0,34,2511.0,12,2519.0,36,2510.0,58
1597988485642508032,1597988486210000128,2020-08-21 13:41:26.210000,2515.0,2541.0,2457.0,2494.0,nan,2503.483645,47661,1193185340.0,72659,2516.0,23,2515.0,2,2517.0,154,2514.0,98,2518.0,57,2513.0,148,2519.0,17,2512.0,25,2520.0,262,2511.0,12
1597988486161466112,1597988486437999872,2020-08-21 13:41:26.438000,2515.0,2541.0,2457.0,2494.0,nan,2503.484128,47663,1193235640.0,72657,2516.0,3,2515.0,6,2517.0,134,2514.0,96,2518.0,54,2513.0,128,2519.0,17,2512.0,5,2520.0,262,2511.0,12
1597988486628243968,1597988486928000000,2020-08-21 13:41:26.928000,2515.0,2541.0,2457.0,2494.0,nan,2503.484128,47663,1193235640.0,72657,2516.0,5,2515.0,7,2517.0,100,2514.0,156,2518.0,113,2513.0,111,2519.0,17,2512.0,5,2520.0,281,2511.0,31
1597988487135260928,1597988487435000064,2020-08-21 13:41:27.435000,2515.0,2541.0,2457.0,2494.0,nan,2503.484128,47663,1193235640.0,72657,2516.0,5,2515.0,7,2517.0,77,2514.0,176,2518.0,133,2513.0,68,2519.0,17,2512.0,5,2520.0,281,2511.0,31
1597988487611337984,1597988487936999936,2020-08-21 13:41:27.937000,2515.0,2541.0,2457.0,2494.0,nan,2503.484128,47663,1193235640.0,72657,2516.0,8,2515.0,9,2517.0,77,2514.0,237,2518.0,194,2513.0,68,2519.0,17,2512.0,5,2520.0,281,2511.0,31
1597988488126096896,1597988488431000064,2020-08-21 13:41:28.431000,2515.0,2541.0,2457.0,2494.0,nan,2503.48437,47664,1193260790.0,72657,2516.0,9,2515.0,10,2517.0,57,2514.0,277,2518.0,234,2513.0,48,2519.0,17,2512.0,5,2520.0,281,2511.0,31
1597988488658447104,1597988488936999936,2020-08-21 13:41:28.937000,2515.0,2541.0,2457.0,2494.0,nan,2503.484853,47666,1193311090.0,72658,2516.0,8,2515.0,8,2517.0,57,2514.0,277,2518.0,234,2513.0,48,2519.0,17,2512.0,5,2520.0,281,2511.0,31
1597988489172948992,1597988489436000000,2020-08-21 13:41:29.436000,2515.0,2541.0,2457.0,2494.0,nan,2503.484853,47666,1193311090.0,72658,2516.0,8,2515.0,8,2517.0,77,2514.0,257,2518.0,214,2513.0,68,2519.0,17,2512.0,5,2520.0,281,2511.0,31
1597988490642982912,1597988490935000064,2020-08-21 13:41:30.935000,2515.0,2541.0,2457.0,2494.0,nan,2503.485095,47667,1193336240.0,72658,2516.0,8,2515.0,8,2517.0,77,2514.0,257,2518.0,214,2513.0,68,2519.0,17,2512.0,5,2520.0,281,2511.0,31
1597988502163548928,1597988502404999936,2020-08-21 13:41:42.405000,2516.0,2541.0,2457.0,2494.0,nan,2503.487457,47676,1193562680.0,72653,2517.0,55,2516.0,10,2518.0,157,2515.0,3,2519.0,17,2514.0,199,2520.0,262,2513.0,48,2521.0,17,2512.0,5
1597988502627494912,1597988502908999936,2020-08-21 13:41:42.909000,2516.0,2541.0,2457.0,2494.0,nan,2503.487457,47676,1193562680.0,72653,2517.0,35,2516.0,3,2518.0,157,2515.0,23,2519.0,37,2514.0,199,2520.0,262,2513.0,28,2521.0,17,2512.0,5
1597988503131407872,1597988503397000192,2020-08-21 13:41:43.397000,2516.0,2541.0,2457.0,2494.0,nan,2503.487457,47676,1193562680.0,72653,2517.0,38,2516.0,5,2518.0,135,2515.0,27,2519.0,37,2514.0,176,2520.0,262,2513.0,27,2521.0,36,2512.0,24
1597988503618213888,1597988503921999872,2020-08-21 13:41:43.922000,2516.0,2541.0,2457.0,2494.0,nan,2503.487457,47676,1193562680.0,72653,2517.0,39,2516.0,6,2518.0,177,2515.0,27,2519.0,37,2514.0,218,2520.0,262,2513.0,27,2521.0,36,2512.0,24
1597988504131927040,1597988504430000128,2020-08-21 13:41:44.430000,2516.0,2541.0,2457.0,2494.0,nan,2503.487457,47676,1193562680.0,72653,2517.0,42,2516.0,10,2518.0,235,2515.0,28,2519.0,37,2514.0,276,2520.0,262,2513.0,27,2521.0,36,2512.0,24
1597988506126665984,1597988506427000064,2020-08-21 13:41:46.427000,2516.0,2541.0,2457.0,2494.0,nan,2503.487719,47677,1193587840.0,72653,2517.0,42,2516.0,9,2518.0,235,2515.0,28,2519.0,37,2514.0,276,2520.0,262,2513.0,27,2521.0,36,2512.0,24
1597988506607849984,1597988506926000128,2020-08-21 13:41:46.926000,2516.0,2541.0,2457.0,2494.0,nan,2503.487719,47677,1193587840.0,72653,2517.0,42,2516.0,9,2518.0,235,2515.0,29,2519.0,37,2514.0,277,2520.0,262,2513.0,28,2521.0,36,2512.0,24
1597988507613042944,1597988507912000000,2020-08-21 13:41:47.912000,2516.0,2541.0,2457.0,2494.0,nan,2503.487719,47677,1193587840.0,72653,2517.0,42,2516.0,9,2518.0,230,2515.0,29,2519.0,37,2514.0,277,2520.0,262,2513.0,28,2521.0,36,2512.0,24
1597988508156207104,1597988508430000128,2020-08-21 13:41:48.430000,2516.0,2541.0,2457.0,2494.0,nan,2503.487982,47678,1193613000.0,72653,2517.0,42,2516.0,8,2518.0,230,2515.0,29,2519.0,37,2514.0,277,2520.0,262,2513.0,28,2521.0,36,2512.0,24
1597988508629473024,1597988508938999808,2020-08-21 13:41:48.939000,2516.0,2541.0,2457.0,2494.0,nan,2503.487982,47678,1193613000.0,72653,2517.0,42,2516.0,8,2518.0,232,2515.0,29,2519.0,37,2514.0,277,2520.0,262,2513.0,28,2521.0,36,2512.0,24
1597988512114277120,1597988512430000128,2020-08-21 13:41:52.430000,2516.0,2541.0,2457.0,2494.0,nan,2503.487982,47678,1193613000.0,72653,2517.0,42,2516.0,8,2518.0,232,2515.0,31,2519.0,37,2514.0,277,2520.0,262,2513.0,28,2521.0,36,2512.0,24
1597988512624324096,1597988512914000128,2020-08-21 13:41:52.914000,2516.0,2541.0,2457.0,2494.0,nan,2503.487982,47678,1193613000.0,72653,2517.0,43,2516.0,8,2518.0,232,2515.0,31,2519.0,37,2514.0,277,2520.0,262,2513.0,28,2521.0,36,2512.0,24
1597988513627663872,1597988513936000000,2020-08-21 13:41:53.936000,2516.0,2541.0,2457.0,2494.0,nan,2503.487982,47678,1193613000.0,72653,2517.0,44,2516.0,8,2518.0,232,2515.0,31,2519.0,37,2514.0,277,2520.0,262,2513.0,28,2521.0,36,2512.0,24
1597988520141255936,1597988520426000128,2020-08-21 13:42:00.426000,2516.0,2541.0,2457.0,2494.0,nan,2503.487982,47678,1193613000.0,72653,2517.0,44,2516.0,10,2518.0,232,2515.0,31,2519.0,37,2514.0,277,2520.0,262,2513.0,28,2521.0,36,2512.0,24
1597988522136727040,1597988522437999872,2020-08-21 13:42:02.438000,2517.0,2541.0,2457.0,2494.0,nan,2503.488811,47681,1193688500.0,72653,2517.0,42,2516.0,7,2518.0,232,2515.0,31,2519.0,37,2514.0,277,2520.0,262,2513.0,28,2521.0,36,2512.0,24
1597988526135080960,1597988526364000000,2020-08-21 13:42:06.364000,2517.0,2541.0,2457.0,2494.0,nan,2503.489378,47683,1193738840.0,72655,2517.0,40,2516.0,7,2518.0,232,2515.0,33,2519.0,37,2514.0,277,2520.0,262,2513.0,28,2521.0,36,2512.0,24
1597988526622853120,1597988526920000000,2020-08-21 13:42:06.920000,2517.0,2541.0,2457.0,2494.0,nan,2503.489378,47683,1193738840.0,72655,2517.0,40,2516.0,7,2518.0,252,2515.0,33,2519.0,37,2514.0,297,2520.0,262,2513.0,28,2521.0,36,2512.0,24
1597988527126505984,1597988527437999872,2020-08-21 13:42:07.438000,2517.0,2541.0,2457.0,2494.0,nan,2503.489378,47683,1193738840.0,72655,2517.0,49,2516.0,7,2518.0,252,2515.0,33,2519.0,37,2514.0,297,2520.0,262,2513.0,28,2521.0,36,2512.0,24
1597988528622113024,1597988528936999936,2020-08-21 13:42:08.937000,2517.0,2541.0,2457.0,2494.0,nan,2503.489378,47683,1193738840.0,72655,2517.0,49,2516.0,7,2518.0,252,2515.0,34,2519.0,37,2514.0,297,2520.0,262,2513.0,28,2521.0,36,2512.0,24
1597988529148985088,1597988529418999808,2020-08-21 13:42:09.419000,2517.0,2541.0,2457.0,2494.0,nan,2503.489378,47683,1193738840.0,72655,2517.0,49,2516.0,7,2518.0,252,2515.0,34,2519.0,36,2514.0,297,2520.0,262,2513.0,28,2521.0,36,2512.0,24
1597988529608210944,1597988529934000128,2020-08-21 13:42:09.934000,2516.0,2541.0,2457.0,2494.0,nan,2503.491214,47690,1193914960.0,72652,2516.0,5,2515.0,32,2517.0,46,2514.0,240,2518.0,194,2513.0,28,2519.0,36,2512.0,5,2520.0,262,2511.0,12
1597988530132590080,1597988530427000064,2020-08-21 13:42:10.427000,2516.0,2541.0,2457.0,2494.0,nan,2503.491214,47690,1193914960.0,72652,2516.0,5,2515.0,12,2517.0,42,2514.0,240,2518.0,194,2513.0,28,2519.0,16,2512.0,5,2520.0,262,2511.0,12
1597988530642213888,1597988530936999936,2020-08-21 13:42:10.937000,2515.0,2541.0,2457.0,2494.0,nan,2503.491938,47693,1193990410.0,72652,2516.0,7,2515.0,9,2517.0,44,2514.0,280,2518.0,233,2513.0,29,2519.0,16,2512.0,5,2520.0,281,2511.0,31
1597988531129046016,1597988531428999936,2020-08-21 13:42:11.429000,2515.0,2541.0,2457.0,2494.0,nan,2503.491938,47693,1193990410.0,72652,2516.0,7,2515.0,7,2517.0,44,2514.0,280,2518.0,233,2513.0,29,2519.0,16,2512.0,5,2520.0,281,2511.0,31
1597988531650737920,1597988531934000128,2020-08-21 13:42:11.934000,2515.0,2541.0,2457.0,2494.0,nan,2503.491938,47693,1193990410.0,72652,2516.0,11,2515.0,9,2517.0,44,2514.0,320,2518.0,269,2513.0,29,2519.0,16,2512.0,5,2520.0,281,2511.0,31
1597988532131971072,1597988532436000000,2020-08-21 13:42:12.436000,2515.0,2541.0,2457.0,2494.0,nan,2503.491938,47693,1193990410.0,72652,2516.0,13,2515.0,9,2517.0,140,2514.0,224,2518.0,172,2513.0,126,2519.0,16,2512.0,5,2520.0,281,2511.0,31
1597988532601896960,1597988532935000064,2020-08-21 13:42:12.935000,2515.0,2541.0,2457.0,2494.0,nan,2503.491938,47693,1193990410.0,72652,2516.0,13,2515.0,9,2517.0,159,2514.0,204,2518.0,152,2513.0,146,2519.0,16,2512.0,5,2520.0,281,2511.0,31
1597988535124366080,1597988535435000064,2020-08-21 13:42:15.435000,2515.0,2541.0,2457.0,2494.0,nan,2503.491938,47693,1193990410.0,72652,2516.0,13,2515.0,9,2517.0,159,2514.0,204,2518.0,152,2513.0,148,2519.0,16,2512.0,5,2520.0,281,2511.0,31
1597988535634007040,1597988535928999936,2020-08-21 13:42:15.929000,2515.0,2541.0,2457.0,2494.0,nan,2503.491938,47693,1193990410.0,72652,2516.0,13,2515.0,9,2517.0,160,2514.0,204,2518.0,152,2513.0,148,2519.0,16,2512.0,5,2520.0,281,2511.0,31
1597988538182685952,1597988538427000064,2020-08-21 13:42:18.427000,2515.0,2541.0,2457.0,2494.0,nan,2503.492421,47695,1194040710.0,72652,2516.0,13,2515.0,7,2517.0,160,2514.0,204,2518.0,152,2513.0,148,2519.0,16,2512.0,5,2520.0,281,2511.0,31
1597988538630885120,1597988538927000064,2020-08-21 13:42:18.927000,2515.0,2541.0,2457.0,2494.0,nan,2503.492421,47695,1194040710.0,72652,2516.0,13,2515.0,5,2517.0,160,2514.0,204,2518.0,152,2513.0,148,2519.0,16,2512.0,5,2520.0,281,2511.0,31
1597988541164589056,1597988541416999936,2020-08-21 13:42:21.417000,2516.0,2541.0,2457.0,2494.0,nan,2503.495829,47708,1194367790.0,72655,2517.0,82,2515.0,3,2518.0,152,2514.0,202,2519.0,16,2513.0,91,2520.0,262,2512.0,5,2521.0,17,2511.0,12
1597988541621451008,1597988541936000000,2020-08-21 13:42:21.936000,2516.0,2541.0,2457.0,2494.0,nan,2503.495829,47708,1194367790.0,72655,2517.0,82,2515.0,7,2518.0,152,2514.0,200,2519.0,16,2513.0,71,2520.0,262,2512.0,5,2521.0,17,2511.0,12
1597988542125402112,1597988542404999936,2020-08-21 13:42:22.405000,2516.0,2541.0,2457.0,2494.0,nan,2503.495829,47708,1194367790.0,72655,2516.0,2,2515.0,9,2517.0,83,2514.0,201,2518.0,152,2513.0,71,2519.0,16,2512.0,5,2520.0,281,2511.0,31
1597988542617402880,1597988542894000128,2020-08-21 13:42:22.894000,2516.0,2541.0,2457.0,2494.0,nan,2503.495829,47708,1194367790.0,72655,2517.0,43,2515.0,9,2518.0,192,2514.0,241,2519.0,16,2513.0,31,2520.0,281,2512.0,5,2521.0,17,2511.0,31
1597988543152602880,1597988543424999936,2020-08-21 13:42:23.425000,2516.0,2541.0,2457.0,2494.0,nan,2503.495829,47708,1194367790.0,72655,2516.0,2,2515.0,12,2517.0,47,2514.0,318,2518.0,269,2513.0,31,2519.0,16,2512.0,5,2520.0,281,2511.0,31
1597988543625733888,1597988543901999872,2020-08-21 13:42:23.902000,2516.0,2541.0,2457.0,2494.0,nan,2503.495829,47708,1194367790.0,72655,2516.0,3,2515.0,12,2517.0,44,2514.0,295,2518.0,246,2513.0,31,2519.0,16,2512.0,5,2520.0,281,2511.0,31
1597988544132163072,1597988544432000000,2020-08-21 13:42:24.432000,2516.0,2541.0,2457.0,2494.0,nan,2503.495829,47708,1194367790.0,72655,2516.0,3,2515.0,12,2517.0,46,2514.0,295,2518.0,246,2513.0,31,2519.0,16,2512.0,5,2520.0,281,2511.0,31
1597988545657974016,1597988545928999936,2020-08-21 13:42:25.929000,2516.0,2541.0,2457.0,2494.0,nan,2503.495829,47708,1194367790.0,72655,2516.0,4,2515.0,12,2517.0,46,2514.0,295,2518.0,246,2513.0,31,2519.0,16,2512.0,5,2520.0,281,2511.0,31
1597988546167184896,1597988546427000064,2020-08-21 13:42:26.427000,2516.0,2541.0,2457.0,2494.0,nan,2503.495829,47708,1194367790.0,72655,2516.0,4,2515.0,12,2517.0,46,2514.0,318,2518.0,269,2513.0,31,2519.0,16,2512.0,5,2520.0,281,2511.0,31
1597988546625569024,1597988546937999872,2020-08-21 13:42:26.938000,2516.0,2541.0,2457.0,2494.0,nan,2503.495829,47708,1194367790.0,72655,2516.0,4,2515.0,12,2517.0,44,2514.0,318,2518.0,269,2513.0,31,2519.0,16,2512.0,5,2520.0,281,2511.0,31
1597988547168965120,1597988547426000128,2020-08-21 13:42:27.426000,2516.0,2541.0,2457.0,2494.0,nan,2503.496877,47712,1194468430.0,72655,2516.0,2,2515.0,9,2517.0,42,2514.0,237,2518.0,189,2513.0,31,2519.0,16,2512.0,5,2520.0,262,2511.0,12
1597988547612730112,1597988547904999936,2020-08-21 13:42:27.905000,2516.0,2541.0,2457.0,2494.0,nan,2503.496877,47712,1194468430.0,72655,2517.0,42,2515.0,9,2518.0,189,2514.0,237,2519.0,16,2513.0,31,2520.0,262,2512.0,5,2521.0,17,2511.0,12
1597988548126938880,1597988548418999808,2020-08-21 13:42:28.419000,2516.0,2541.0,2457.0,2494.0,nan,2503.496877,47712,1194468430.0,72655,2516.0,3,2515.0,10,2517.0,44,2514.0,280,2518.0,231,2513.0,31,2519.0,16,2512.0,5,2520.0,281,2511.0,31
1597988548697648128,1597988548936999936,2020-08-21 13:42:28.937000,2516.0,2541.0,2457.0,2494.0,nan,2503.496877,47712,1194468430.0,72655,2516.0,1,2515.0,10,2517.0,50,2514.0,280,2518.0,231,2513.0,31,2519.0,16,2512.0,5,2520.0,281,2511.0,31
1597988549181074944,1597988549428999936,2020-08-21 13:42:29.429000,2516.0,2541.0,2457.0,2494.0,nan,2503.497139,47713,1194493590.0,72654,2516.0,3,2515.0,12,2517.0,52,2514.0,295,2518.0,246,2513.0,31,2519.0,16,2512.0,5,2520.0,281,2511.0,31
1597988549618445056,1597988549914000128,2020-08-21 13:42:29.914000,2515.0,2541.0,2457.0,2494.0,nan,2503.500031,47725,1194795390.0,72663,2515.0,1,2514.0,260,2516.0,1,2513.0,31,2517.0,50,2512.0,5,2518.0,212,2511.0,12,2519.0,16,2510.0,32
1597988550188756992,1597988550432000000,2020-08-21 13:42:30.432000,2516.0,2541.0,2457.0,2494.0,nan,2503.500534,47727,1194845700.0,72663,2517.0,101,2514.0,97,2518.0,49,2513.0,91,2519.0,16,2512.0,5,2520.0,262,2511.0,12,2521.0,17,2510.0,32
1597988550622286080,1597988550926000128,2020-08-21 13:42:30.926000,2516.0,2541.0,2457.0,2494.0,nan,2503.500534,47727,1194845700.0,72663,2516.0,2,2514.0,142,2517.0,102,2513.0,91,2518.0,92,2512.0,5,2519.0,16,2511.0,31,2520.0,281,2510.0,32
1597988551135659008,1597988551437999872,2020-08-21 13:42:31.438000,2516.0,2541.0,2457.0,2494.0,nan,2503.500534,47727,1194845700.0,72663,2516.0,6,2514.0,162,2517.0,102,2513.0,91,2518.0,112,2512.0,5,2519.0,16,2511.0,31,2520.0,281,2510.0,32
1597988551614419968,1597988551920999936,2020-08-21 13:42:31.921000,2516.0,2541.0,2457.0,2494.0,nan,2503.500534,47727,1194845700.0,72663,2516.0,9,2514.0,165,2517.0,179,2513.0,168,2518.0,112,2512.0,5,2519.0,16,2511.0,31,2520.0,281,2510.0,32
1597988552137230080,1597988552436999936,2020-08-21 13:42:32.437000,2516.0,2541.0,2457.0,2494.0,nan,2503.500534,47727,1194845700.0,72663,2516.0,10,2514.0,166,2517.0,199,2513.0,188,2518.0,112,2512.0,5,2519.0,16,2511.0,31,2520.0,281,2510.0,32
1597988553138820096,1597988553437999872,2020-08-21 13:42:33.438000,2516.0,2541.0,2457.0,2494.0,nan,2503.500534,47727,1194845700.0,72663,2516.0,19,2514.0,166,2517.0,199,2513.0,188,2518.0,112,2512.0,5,2519.0,16,2511.0,31,2520.0,281,2510.0,32
1597988553640141056,1597988553920999936,2020-08-21 13:42:33.921000,2516.0,2541.0,2457.0,2494.0,nan,2503.500534,47727,1194845700.0,72663,2516.0,20,2514.0,166,2517.0,198,2513.0,188,2518.0,112,2512.0,5,2519.0,16,2511.0,31,2520.0,281,2510.0,32
1597988555146887936,1597988555436000000,2020-08-21 13:42:35.436000,2516.0,2541.0,2457.0,2494.0,nan,2503.500534,47727,1194845700.0,72663,2516.0,21,2514.0,166,2517.0,198,2513.0,188,2518.0,112,2512.0,5,2519.0,16,2511.0,31,2520.0,281,2510.0,32
1597988556194557952,1597988556431000064,2020-08-21 13:42:36.431000,2516.0,2541.0,2457.0,2494.0,nan,2503.500534,47727,1194845700.0,72663,2516.0,21,2515.0,1,2517.0,198,2514.0,166,2518.0,112,2513.0,188,2519.0,16,2512.0,5,2520.0,281,2511.0,31
1597988556614699008,1597988556924000000,2020-08-21 13:42:36.924000,2516.0,2541.0,2457.0,2494.0,nan,2503.500534,47727,1194845700.0,72663,2516.0,21,2515.0,4,2517.0,218,2514.0,120,2518.0,69,2513.0,208,2519.0,16,2512.0,5,2520.0,281,2511.0,31
1597988557128289024,1597988557396000000,2020-08-21 13:42:37.396000,2516.0,2541.0,2457.0,2494.0,nan,2503.500534,47727,1194845700.0,72663,2516.0,21,2515.0,4,2517.0,261,2514.0,100,2518.0,49,2513.0,251,2519.0,16,2512.0,5,2520.0,281,2511.0,31
1597988558651321088,1597988558931000064,2020-08-21 13:42:38.931000,2516.0,2541.0,2457.0,2494.0,nan,2503.500534,47727,1194845700.0,72663,2516.0,20,2515.0,4,2517.0,261,2514.0,100,2518.0,49,2513.0,251,2519.0,16,2512.0,5,2520.0,281,2511.0,31
1597988560155735040,1597988560430000128,2020-08-21 13:42:40.430000,2515.0,2541.0,2457.0,2494.0,nan,2503.501498,47731,1194946300.0,72667,2515.0,2,2514.0,98,2516.0,17,2513.0,194,2517.0,203,2512.0,5,2518.0,49,2511.0,12,2519.0,16,2510.0,32
1597988560627534080,1597988560904999936,2020-08-21 13:42:40.905000,2514.0,2541.0,2457.0,2494.0,nan,2503.501938,47733,1194996580.0,72667,2515.0,7,2514.0,96,2516.0,17,2513.0,171,2517.0,180,2512.0,5,2518.0,49,2511.0,12,2519.0,16,2510.0,32
1597988561165558016,1597988561426000128,2020-08-21 13:42:41.426000,2514.0,2541.0,2457.0,2494.0,nan,2503.501938,47733,1194996580.0,72667,2515.0,7,2514.0,97,2516.0,18,2513.0,194,2517.0,222,2512.0,5,2518.0,49,2511.0,12,2519.0,35,2510.0,51
1597988562148224000,1597988562428000000,2020-08-21 13:42:42.428000,2514.0,2541.0,2457.0,2494.0,nan,2503.501938,47733,1194996580.0,72667,2515.0,9,2514.0,99,2516.0,9,2513.0,232,2517.0,260,2512.0,5,2518.0,49,2511.0,12,2519.0,35,2510.0,51
1597988562640494080,1597988562928000000,2020-08-21 13:42:42.928000,2514.0,2541.0,2457.0,2494.0,nan,2503.501938,47733,1194996580.0,72667,2515.0,10,2514.0,100,2516.0,9,2513.0,252,2517.0,260,2512.0,5,2518.0,49,2511.0,12,2519.0,35,2510.0,51
1597988564179471872,1597988564436000000,2020-08-21 13:42:44.436000,2514.0,2541.0,2457.0,2494.0,nan,2503.501938,47733,1194996580.0,72667,2515.0,19,2514.0,100,2516.0,9,2513.0,252,2517.0,260,2512.0,5,2518.0,49,2511.0,12,2519.0,35,2510.0,51
1597988564624135936,1597988564935000064,2020-08-21 13:42:44.935000,2514.0,2541.0,2457.0,2494.0,nan,2503.501938,47733,1194996580.0,72667,2515.0,20,2514.0,100,2516.0,8,2513.0,252,2517.0,260,2512.0,5,2518.0,49,2511.0,12,2519.0,35,2510.0,51
1597988568166235904,1597988568436999936,2020-08-21 13:42:48.437000,2515.0,2541.0,2457.0,2494.0,nan,2503.502179,47734,1195021730.0,72667,2515.0,19,2514.0,100,2516.0,8,2513.0,252,2517.0,260,2512.0,5,2518.0,49,2511.0,12,2519.0,37,2510.0,51
1597988570168933120,1597988570428999936,2020-08-21 13:42:50.429000,2515.0,2541.0,2457.0,2494.0,nan,2503.502179,47734,1195021730.0,72667,2515.0,19,2514.0,100,2516.0,8,2513.0,272,2517.0,280,2512.0,5,2518.0,49,2511.0,12,2519.0,37,2510.0,51
1597988574610127104,1597988574927000064,2020-08-21 13:42:54.927000,2515.0,2541.0,2457.0,2494.0,nan,2503.50242,47735,1195046880.0,72667,2515.0,18,2514.0,100,2516.0,8,2513.0,272,2517.0,280,2512.0,5,2518.0,49,2511.0,12,2519.0,37,2510.0,51
1597988576173925888,1597988576433000192,2020-08-21 13:42:56.433000,2515.0,2541.0,2457.0,2494.0,nan,2503.50242,47735,1195046880.0,72667,2515.0,18,2514.0,100,2516.0,9,2513.0,272,2517.0,280,2512.0,5,2518.0,49,2511.0,12,2519.0,37,2510.0,51
1597988577126652928,1597988577428000000,2020-08-21 13:42:57.428000,2514.0,2541.0,2457.0,2494.0,nan,2503.50264,47736,1195072020.0,72667,2515.0,18,2514.0,99,2516.0,9,2513.0,272,2517.0,280,2512.0,5,2518.0,49,2511.0,12,2519.0,37,2510.0,51
1597988578133528064,1597988578438999808,2020-08-21 13:42:58.439000,2514.0,2541.0,2457.0,2494.0,nan,2503.50264,47736,1195072020.0,72667,2515.0,18,2514.0,99,2516.0,9,2513.0,252,2517.0,280,2512.0,5,2518.0,49,2511.0,12,2519.0,37,2510.0,51
1597988580622443008,1597988580936999936,2020-08-21 13:43:00.937000,2515.0,2541.0,2457.0,2494.0,nan,2503.506973,47754,1195524720.0,72675,2516.0,7,2515.0,4,2517.0,203,2514.0,97,2518.0,49,2513.0,173,2519.0,18,2512.0,5,2520.0,262,2511.0,12
1597988581110106880,1597988581411000064,2020-08-21 13:43:01.411000,2515.0,2541.0,2457.0,2494.0,nan,2503.506973,47754,1195524720.0,72675,2516.0,7,2515.0,4,2517.0,183,2514.0,116,2518.0,69,2513.0,153,2519.0,18,2512.0,5,2520.0,262,2511.0,12
1597988581627770112,1597988581927000064,2020-08-21 13:43:01.927000,2515.0,2541.0,2457.0,2494.0,nan,2503.506973,47754,1195524720.0,72675,2516.0,8,2515.0,4,2517.0,223,2514.0,118,2518.0,69,2513.0,192,2519.0,18,2512.0,5,2520.0,281,2511.0,31
1597988582681725952,1597988582932000000,2020-08-21 13:43:02.932000,2515.0,2541.0,2457.0,2494.0,nan,2503.506973,47754,1195524720.0,72675,2516.0,10,2515.0,6,2517.0,262,2514.0,118,2518.0,69,2513.0,231,2519.0,18,2512.0,5,2520.0,281,2511.0,31
1597988583203585024,1597988583432000000,2020-08-21 13:43:03.432000,2515.0,2541.0,2457.0,2494.0,nan,2503.506973,47754,1195524720.0,72675,2516.0,11,2515.0,7,2517.0,262,2514.0,118,2518.0,69,2513.0,231,2519.0,18,2512.0,5,2520.0,281,2511.0,31
1597988584121918976,1597988584437999872,2020-08-21 13:43:04.438000,2515.0,2541.0,2457.0,2494.0,nan,2503.506973,47754,1195524720.0,72675,2516.0,12,2515.0,7,2517.0,262,2514.0,118,2518.0,69,2513.0,231,2519.0,18,2512.0,5,2520.0,281,2511.0,31
1597988585665648128,1597988585908000000,2020-08-21 13:43:05.908000,2515.0,2541.0,2457.0,2494.0,nan,2503.506973,47754,1195524720.0,72675,2516.0,11,2515.0,7,2517.0,262,2514.0,118,2518.0,69,2513.0,231,2519.0,18,2512.0,5,2520.0,281,2511.0,31
1597988591172173056,1597988591432000000,2020-08-21 13:43:11.432000,2515.0,2541.0,2457.0,2494.0,nan,2503.506973,47754,1195524720.0,72675,2516.0,11,2515.0,7,2517.0,262,2514.0,118,2518.0,69,2513.0,231,2519.0,16,2512.0,5,2520.0,281,2511.0,31
1597988595127805952,1597988595428000000,2020-08-21 13:43:15.428000,2515.0,2541.0,2457.0,2494.0,nan,2503.508658,47761,1195700770.0,72672,2515.0,2,2514.0,116,2516.0,8,2513.0,154,2517.0,184,2512.0,5,2518.0,69,2511.0,12,2519.0,16,2510.0,32
1597988595634637056,1597988596000000000,2020-08-21 13:43:16.000000,2515.0,2541.0,2457.0,2494.0,nan,2503.508658,47761,1195700770.0,72672,2515.0,2,2514.0,96,2516.0,8,2513.0,151,2517.0,181,2512.0,5,2518.0,49,2511.0,12,2519.0,16,2510.0,32
1597988596143438080,1597988596436999936,2020-08-21 13:43:16.437000,2515.0,2541.0,2457.0,2494.0,nan,2503.508658,47761,1195700770.0,72672,2515.0,2,2514.0,120,2516.0,10,2513.0,191,2517.0,220,2512.0,5,2518.0,72,2511.0,12,2519.0,35,2510.0,51
1597988597178178048,1597988597434000128,2020-08-21 13:43:17.434000,2515.0,2541.0,2457.0,2494.0,nan,2503.508658,47761,1195700770.0,72672,2515.0,4,2514.0,122,2516.0,10,2513.0,229,2517.0,258,2512.0,5,2518.0,72,2511.0,12,2519.0,35,2510.0,51
1597988597661042944,1597988598000000000,2020-08-21 13:43:18.000000,2515.0,2541.0,2457.0,2494.0,nan,2503.509861,47766,1195826520.0,72674,2516.0,7,2515.0,2,2517.0,181,2514.0,120,2518.0,72,2513.0,151,2519.0,16,2512.0,5,2520.0,262,2511.0,12
1597988598196729088,1597988598423000064,2020-08-21 13:43:18.423000,2515.0,2541.0,2457.0,2494.0,nan,2503.509861,47766,1195826520.0,72674,2516.0,8,2515.0,2,2517.0,161,2514.0,116,2518.0,69,2513.0,131,2519.0,16,2512.0,5,2520.0,262,2511.0,12
1597988598619697920,1597988598928000000,2020-08-21 13:43:18.928000,2515.0,2541.0,2457.0,2494.0,nan,2503.509861,47766,1195826520.0,72674,2516.0,9,2515.0,2,2517.0,224,2514.0,118,2518.0,69,2513.0,193,2519.0,16,2512.0,5,2520.0,281,2511.0,31
1597988599621956096,1597988599933000192,2020-08-21 13:43:19.933000,2515.0,2541.0,2457.0,2494.0,nan,2503.509861,47766,1195826520.0,72674,2516.0,11,2515.0,4,2517.0,262,2514.0,118,2518.0,69,2513.0,231,2519.0,16,2512.0,5,2520.0,281,2511.0,31
1597988600159798016,1597988600435000064,2020-08-21 13:43:20.435000,2515.0,2541.0,2457.0,2494.0,nan,2503.509861,47766,1195826520.0,72674,2516.0,12,2515.0,5,2517.0,262,2514.0,118,2518.0,69,2513.0,231,2519.0,16,2512.0,5,2520.0,281,2511.0,31
1597988600619054080,1597988600936999936,2020-08-21 13:43:20.937000,2515.0,2541.0,2457.0,2494.0,nan,2503.511063,47771,1195952270.0,72671,2516.0,12,2514.0,118,2517.0,262,2513.0,231,2518.0,69,2512.0,5,2519.0,16,2511.0,31,2520.0,281,2510.0,32
1597988601155574016,1597988601432000000,2020-08-21 13:43:21.432000,2515.0,2541.0,2457.0,2494.0,nan,2503.511063,47771,1195952270.0,72671,2515.0,2,2514.0,116,2516.0,9,2513.0,154,2517.0,184,2512.0,5,2518.0,69,2511.0,12,2519.0,16,2510.0,32
1597988601617667072,1597988602000000000,2020-08-21 13:43:22.000000,2515.0,2541.0,2457.0,2494.0,nan,2503.511063,47771,1195952270.0,72671,2515.0,2,2514.0,96,2516.0,9,2513.0,151,2517.0,181,2512.0,5,2518.0,49,2511.0,12,2519.0,16,2510.0,32
1597988602111726080,1597988602408000000,2020-08-21 13:43:22.408000,2515.0,2541.0,2457.0,2494.0,nan,2503.511063,47771,1195952270.0,72671,2515.0,2,2514.0,120,2516.0,11,2513.0,191,2517.0,220,2512.0,5,2518.0,72,2511.0,12,2519.0,35,2510.0,51
1597988603143420928,1597988603435000064,2020-08-21 13:43:23.435000,2515.0,2541.0,2457.0,2494.0,nan,2503.511063,47771,1195952270.0,72671,2515.0,4,2514.0,122,2516.0,11,2513.0,229,2517.0,258,2512.0,5,2518.0,72,2511.0,12,2519.0,35,2510.0,51
1597988603618699008,1597988603930000128,2020-08-21 13:43:23.930000,2515.0,2541.0,2457.0,2494.0,nan,2503.511063,47771,1195952270.0,72671,2515.0,5,2514.0,123,2516.0,10,2513.0,229,2517.0,258,2512.0,5,2518.0,72,2511.0,12,2519.0,35,2510.0,51
1597988605613373952,1597988605923000064,2020-08-21 13:43:25.923000,2515.0,2541.0,2457.0,2494.0,nan,2503.511063,47771,1195952270.0,72671,2515.0,5,2514.0,124,2516.0,10,2513.0,229,2517.0,258,2512.0,5,2518.0,72,2511.0,13,2519.0,35,2510.0,51
1597988606158044928,1597988606436999936,2020-08-21 13:43:26.437000,2515.0,2541.0,2457.0,2494.0,nan,2503.512266,47776,1196078020.0,72669,2516.0,8,2515.0,2,2517.0,181,2514.0,121,2518.0,72,2513.0,151,2519.0,16,2512.0,5,2520.0,262,2511.0,13
1597988606614274048,1597988606938999808,2020-08-21 13:43:26.939000,2515.0,2541.0,2457.0,2494.0,nan,2503.512987,47779,1196153470.0,72666,2515.0,7,2514.0,116,2516.0,8,2513.0,131,2517.0,161,2512.0,5,2518.0,69,2511.0,13,2519.0,16,2510.0,32
1597988607158418944,1597988607428999936,2020-08-21 13:43:27.429000,2515.0,2541.0,2457.0,2494.0,nan,2503.512987,47779,1196153470.0,72666,2515.0,7,2514.0,97,2516.0,10,2513.0,214,2517.0,243,2512.0,5,2518.0,49,2511.0,13,2519.0,35,2510.0,51
1597988607621679104,1597988607935000064,2020-08-21 13:43:27.935000,2514.0,2541.0,2457.0,2494.0,nan,2503.518252,47803,1196756830.0,72690,2515.0,9,2514.0,74,2516.0,9,2513.0,214,2517.0,243,2512.0,5,2518.0,49,2511.0,13,2519.0,35,2510.0,51
1597988608117346048,1597988608414000128,2020-08-21 13:43:28.414000,2514.0,2541.0,2457.0,2494.0,nan,2503.53489,47879,1198667470.0,72735,2514.0,16,2513.0,173,2515.0,8,2512.0,5,2516.0,7,2511.0,13,2517.0,203,2510.0,32,2518.0,29,2509.0,4
1597988608611027968,1597988608931000064,2020-08-21 13:43:28.931000,2514.0,2541.0,2457.0,2494.0,nan,2503.53489,47879,1198667470.0,72735,2514.0,16,2513.0,7,2515.0,7,2512.0,45,2516.0,47,2511.0,13,2517.0,40,2510.0,32,2518.0,29,2509.0,4
1597988609130642944,1597988609418999808,2020-08-21 13:43:29.419000,2514.0,2541.0,2457.0,2494.0,nan,2503.53489,47879,1198667470.0,72735,2514.0,18,2513.0,7,2515.0,50,2512.0,71,2516.0,70,2511.0,53,2517.0,40,2510.0,34,2518.0,48,2509.0,23
1597988609619143936,1597988609928999936,2020-08-21 13:43:29.929000,2514.0,2541.0,2457.0,2494.0,nan,2503.535983,47884,1198793170.0,72735,2514.0,13,2513.0,7,2515.0,50,2512.0,66,2516.0,67,2511.0,53,2517.0,40,2510.0,34,2518.0,48,2509.0,23
1597988610133391104,1597988610436999936,2020-08-21 13:43:30.437000,2514.0,2541.0,2457.0,2494.0,nan,2503.535983,47884,1198793170.0,72735,2514.0,17,2513.0,12,2515.0,128,2512.0,71,2516.0,70,2511.0,130,2517.0,40,2510.0,34,2518.0,48,2509.0,23
1597988610607836928,1597988611000000000,2020-08-21 13:43:31.000000,2514.0,2541.0,2457.0,2494.0,nan,2503.535983,47884,1198793170.0,72735,2514.0,17,2513.0,12,2515.0,168,2512.0,48,2516.0,48,2511.0,170,2517.0,40,2510.0,34,2518.0,48,2509.0,23
1597988611127745024,1597988611417999872,2020-08-21 13:43:31.418000,2514.0,2541.0,2457.0,2494.0,nan,2503.535983,47884,1198793170.0,72735,2514.0,17,2513.0,12,2515.0,191,2512.0,48,2516.0,48,2511.0,193,2517.0,40,2510.0,34,2518.0,48,2509.0,23
1597988611618098944,1597988612000000000,2020-08-21 13:43:32.000000,2514.0,2541.0,2457.0,2494.0,nan,2503.535983,47884,1198793170.0,72735,2514.0,17,2513.0,12,2515.0,191,2512.0,68,2516.0,68,2511.0,193,2517.0,40,2510.0,34,2518.0,48,2509.0,23
1597988613166219008,1597988613437999872,2020-08-21 13:43:33.438000,2513.0,2541.0,2457.0,2494.0,nan,2503.53618,47885,1198818300.0,72734,2514.0,17,2513.0,14,2515.0,191,2512.0,68,2516.0,68,2511.0,193,2517.0,40,2510.0,34,2518.0,48,2509.0,23
1597988613650331904,1597988614000000000,2020-08-21 13:43:34.000000,2513.0,2541.0,2457.0,2494.0,nan,2503.53618,47885,1198818300.0,72734,2514.0,17,2513.0,19,2515.0,191,2512.0,68,2516.0,68,2511.0,193,2517.0,40,2510.0,34,2518.0,48,2509.0,23
1597988614168733952,1597988614426000128,2020-08-21 13:43:34.426000,2513.0,2541.0,2457.0,2494.0,nan,2503.53618,47885,1198818300.0,72734,2514.0,16,2513.0,21,2515.0,75,2512.0,183,2516.0,185,2511.0,76,2517.0,40,2510.0,34,2518.0,48,2509.0,23
1597988614619791872,1597988614844000000,2020-08-21 13:43:34.844000,2513.0,2541.0,2457.0,2494.0,nan,2503.53618,47885,1198818300.0,72734,2514.0,16,2513.0,21,2515.0,32,2512.0,223,2516.0,225,2511.0,33,2517.0,40,2510.0,34,2518.0,48,2509.0,23
1597988615156716032,1597988615423000064,2020-08-21 13:43:35.423000,2513.0,2541.0,2457.0,2494.0,nan,2503.53618,47885,1198818300.0,72734,2514.0,16,2513.0,21,2515.0,12,2512.0,266,2516.0,268,2511.0,13,2517.0,40,2510.0,34,2518.0,48,2509.0,23
1597988616641266944,1597988617000000000,2020-08-21 13:43:37.000000,2514.0,2541.0,2457.0,2494.0,nan,2503.539676,47901,1199220540.0,72721,2515.0,10,2514.0,4,2516.0,191,2513.0,18,2517.0,40,2512.0,188,2518.0,29,2511.0,13,2519.0,16,2510.0,34
1597988617147276032,1597988617436999936,2020-08-21 13:43:37.437000,2514.0,2541.0,2457.0,2494.0,nan,2503.539676,47901,1199220540.0,72721,2515.0,9,2514.0,4,2516.0,172,2513.0,35,2517.0,60,2512.0,168,2518.0,29,2511.0,13,2519.0,16,2510.0,34
1597988617718461952,1597988617926000128,2020-08-21 13:43:37.926000,2514.0,2541.0,2457.0,2494.0,nan,2503.539676,47901,1199220540.0,72721,2515.0,12,2514.0,13,2516.0,212,2513.0,34,2517.0,60,2512.0,207,2518.0,29,2511.0,13,2519.0,35,2510.0,53
1597988618177884928,1597988618381999872,2020-08-21 13:43:38.382000,2514.0,2541.0,2457.0,2494.0,nan,2503.539676,47901,1199220540.0,72721,2515.0,11,2514.0,14,2516.0,134,2513.0,92,2517.0,119,2512.0,128,2518.0,29,2511.0,13,2519.0,35,2510.0,53
1597988618637869056,1597988618912000000,2020-08-21 13:43:38.912000,2514.0,2541.0,2457.0,2494.0,nan,2503.540112,47903,1199270820.0,72719,2515.0,12,2514.0,15,2516.0,114,2513.0,170,2517.0,197,2512.0,108,2518.0,29,2511.0,13,2519.0,35,2510.0,53
1597988619190483968,1597988619535000064,2020-08-21 13:43:39.535000,2514.0,2541.0,2457.0,2494.0,nan,2503.540112,47903,1199270820.0,72719,2515.0,12,2514.0,15,2516.0,71,2513.0,192,2517.0,217,2512.0,65,2518.0,29,2511.0,13,2519.0,35,2510.0,53
1597988619638178048,1597988619932000000,2020-08-21 13:43:39.932000,2514.0,2541.0,2457.0,2494.0,nan,2503.540112,47903,1199270820.0,72719,2515.0,12,2514.0,15,2516.0,71,2513.0,215,2517.0,240,2512.0,65,2518.0,29,2511.0,13,2519.0,35,2510.0,53
1597988620143491072,1597988620438999808,2020-08-21 13:43:40.439000,2514.0,2541.0,2457.0,2494.0,nan,2503.540112,47903,1199270820.0,72719,2515.0,222,2514.0,15,2516.0,71,2513.0,215,2517.0,240,2512.0,65,2518.0,29,2511.0,13,2519.0,35,2510.0,53
1597988620622447104,1597988621000000000,2020-08-21 13:43:41.000000,2514.0,2541.0,2457.0,2494.0,nan,2503.543387,47918,1199647920.0,72731,2514.0,8,2513.0,34,2515.0,221,2512.0,125,2516.0,128,2511.0,13,2517.0,60,2510.0,34,2518.0,29,2509.0,4
1597988621141848064,1597988621431000064,2020-08-21 13:43:41.431000,2514.0,2541.0,2457.0,2494.0,nan,2503.543387,47918,1199647920.0,72731,2514.0,11,2513.0,14,2515.0,48,2512.0,125,2516.0,128,2511.0,56,2517.0,40,2510.0,34,2518.0,29,2509.0,4
1597988621608826112,1597988621904999936,2020-08-21 13:43:41.905000,2514.0,2541.0,2457.0,2494.0,nan,2503.543387,47918,1199647920.0,72731,2514.0,11,2513.0,13,2515.0,24,2512.0,127,2516.0,128,2511.0,33,2517.0,40,2510.0,34,2518.0,48,2509.0,23
1597988622155930112,1597988622424999936,2020-08-21 13:43:42.425000,2514.0,2541.0,2457.0,2494.0,nan,2503.543387,47918,1199647920.0,72731,2514.0,14,2513.0,13,2515.0,24,2512.0,170,2516.0,171,2511.0,33,2517.0,40,2510.0,34,2518.0,48,2509.0,23
1597988622609321984,1597988623000000000,2020-08-21 13:43:43.000000,2514.0,2541.0,2457.0,2494.0,nan,2503.543387,47918,1199647920.0,72731,2514.0,18,2513.0,16,2515.0,161,2512.0,111,2516.0,111,2511.0,170,2517.0,40,2510.0,34,2518.0,48,2509.0,23
1597988623132583936,1597988623404999936,2020-08-21 13:43:43.405000,2514.0,2541.0,2457.0,2494.0,nan,2503.543387,47918,1199647920.0,72731,2514.0,18,2513.0,16,2515.0,201,2512.0,48,2516.0,48,2511.0,210,2517.0,40,2510.0,34,2518.0,48,2509.0,23
1597988623613168896,1597988624000000000,2020-08-21 13:43:44.000000,2514.0,2541.0,2457.0,2494.0,nan,2503.543387,47918,1199647920.0,72731,2514.0,18,2513.0,16,2515.0,224,2512.0,48,2516.0,48,2511.0,233,2517.0,40,2510.0,34,2518.0,48,2509.0,23
1597988624132367872,1597988624427000064,2020-08-21 13:43:44.427000,2514.0,2541.0,2457.0,2494.0,nan,2503.543387,47918,1199647920.0,72731,2514.0,21,2513.0,16,2515.0,224,2512.0,48,2516.0,48,2511.0,233,2517.0,40,2510.0,34,2518.0,48,2509.0,23
1597988624643053056,1597988625000000000,2020-08-21 13:43:45.000000,2514.0,2541.0,2457.0,2494.0,nan,2503.543387,47918,1199647920.0,72731,2514.0,22,2513.0,14,2515.0,223,2512.0,48,2516.0,48,2511.0,233,2517.0,40,2510.0,34,2518.0,48,2509.0,23
1597988625136793088,1597988625427000064,2020-08-21 13:43:45.427000,2513.0,2541.0,2457.0,2494.0,nan,2503.544986,47926,1199848970.0,72730,2514.0,21,2513.0,7,2515.0,223,2512.0,50,2516.0,48,2511.0,233,2517.0,40,2510.0,34,2518.0,48,2509.0,23
1597988625616254976,1597988626000000000,2020-08-21 13:43:46.000000,2513.0,2541.0,2457.0,2494.0,nan,2503.544986,47926,1199848970.0,72730,2514.0,21,2513.0,7,2515.0,226,2512.0,50,2516.0,48,2511.0,233,2517.0,40,2510.0,34,2518.0,48,2509.0,23
1597988631147879936,1597988631376000000,2020-08-21 13:43:51.376000,2513.0,2541.0,2457.0,2494.0,nan,2503.544986,47926,1199848970.0,72730,2514.0,21,2513.0,12,2515.0,226,2512.0,50,2516.0,48,2511.0,233,2517.0,40,2510.0,34,2518.0,48,2509.0,23
1597988632621350912,1597988633000000000,2020-08-21 13:43:53.000000,2513.0,2541.0,2457.0,2494.0,nan,2503.544986,47926,1199848970.0,72730,2514.0,21,2513.0,12,2515.0,226,2512.0,50,2516.0,48,2511.0,233,2517.0,34,2510.0,34,2518.0,48,2509.0,23
1597988639168836096,1597988639434000128,2020-08-21 13:43:59.434000,2513.0,2541.0,2457.0,2494.0,nan,2503.544986,47926,1199848970.0,72730,2514.0,217,2513.0,12,2515.0,226,2512.0,50,2516.0,48,2511.0,233,2517.0,34,2510.0,34,2518.0,48,2509.0,23
1597988639740367104,1597988639911000064,2020-08-21 13:43:59.911000,2513.0,2541.0,2457.0,2494.0,nan,2503.547353,47938,1200150530.0,72741,2513.0,2,2512.0,46,2514.0,232,2511.0,113,2515.0,105,2510.0,54,2516.0,48,2509.0,4,2517.0,34,2508.0,7
1597988640155047936,1597988640388999936,2020-08-21 13:44:00.389000,2513.0,2541.0,2457.0,2494.0,nan,2503.547353,47938,1200150530.0,72741,2513.0,3,2512.0,6,2514.0,79,2511.0,111,2515.0,105,2510.0,97,2516.0,8,2509.0,6,2517.0,34,2508.0,7
1597988640643077120,1597988641000000000,2020-08-21 13:44:01.000000,2513.0,2541.0,2457.0,2494.0,nan,2503.547353,47938,1200150530.0,72741,2513.0,10,2512.0,6,2514.0,36,2511.0,172,2515.0,162,2510.0,74,2516.0,8,2509.0,6,2517.0,53,2508.0,26
1597988641105598976,1597988641434000128,2020-08-21 13:44:01.434000,2513.0,2541.0,2457.0,2494.0,nan,2503.547353,47938,1200150530.0,72741,2513.0,11,2512.0,3,2514.0,91,2511.0,137,2515.0,126,2510.0,113,2516.0,8,2509.0,6,2517.0,53,2508.0,26
1597988641632094976,1597988642000000000,2020-08-21 13:44:02.000000,2513.0,2541.0,2457.0,2494.0,nan,2503.547353,47938,1200150530.0,72741,2513.0,16,2512.0,6,2514.0,169,2511.0,119,2515.0,106,2510.0,191,2516.0,8,2509.0,6,2517.0,53,2508.0,26
1597988642162694912,1597988642408000000,2020-08-21 13:44:02.408000,2513.0,2541.0,2457.0,2494.0,nan,2503.547353,47938,1200150530.0,72741,2513.0,17,2512.0,6,2514.0,189,2511.0,76,2515.0,63,2510.0,211,2516.0,8,2509.0,6,2517.0,53,2508.0,26
1597988642627358976,1597988643000000000,2020-08-21 13:44:03.000000,2513.0,2541.0,2457.0,2494.0,nan,2503.547353,47938,1200150530.0,72741,2513.0,17,2512.0,6,2514.0,212,2511.0,76,2515.0,63,2510.0,234,2516.0,8,2509.0,6,2517.0,53,2508.0,26
1597988644616578048,1597988645000000000,2020-08-21 13:44:05.000000,2512.0,2541.0,2457.0,2494.0,nan,2503.547529,47939,1200175650.0,72740,2513.0,17,2512.0,5,2514.0,212,2511.0,76,2515.0,63,2510.0,234,2516.0,8,2509.0,6,2517.0,53,2508.0,26
1597988645619300096,1597988646000000000,2020-08-21 13:44:06.000000,2513.0,2541.0,2457.0,2494.0,nan,2503.547726,47940,1200200780.0,72740,2513.0,16,2512.0,5,2514.0,212,2511.0,76,2515.0,63,2510.0,234,2516.0,8,2509.0,6,2517.0,53,2508.0,26
1597988649610874112,1597988650000000000,2020-08-21 13:44:10.000000,2513.0,2541.0,2457.0,2494.0,nan,2503.547726,47940,1200200780.0,72740,2513.0,16,2512.0,10,2514.0,212,2511.0,76,2515.0,63,2510.0,234,2516.0,8,2509.0,6,2517.0,53,2508.0,26
1597988650117769984,1597988650423000064,2020-08-21 13:44:10.423000,2513.0,2541.0,2457.0,2494.0,nan,2503.547726,47940,1200200780.0,72740,2513.0,15,2512.0,10,2514.0,212,2511.0,76,2515.0,63,2510.0,234,2516.0,8,2509.0,6,2517.0,53,2508.0,26
1597988650607859968,1597988651000000000,2020-08-21 13:44:11.000000,2513.0,2541.0,2457.0,2494.0,nan,2503.547726,47940,1200200780.0,72740,2513.0,15,2512.0,10,2514.0,232,2511.0,54,2515.0,43,2510.0,254,2516.0,8,2509.0,6,2517.0,53,2508.0,26
1597988651137003008,1597988651421999872,2020-08-21 13:44:11.422000,2513.0,2541.0,2457.0,2494.0,nan,2503.547726,47940,1200200780.0,72740,2513.0,15,2512.0,12,2514.0,232,2511.0,54,2515.0,43,2510.0,254,2516.0,8,2509.0,6,2517.0,53,2508.0,26
1597988651632813056,1597988652000000000,2020-08-21 13:44:12.000000,2513.0,2541.0,2457.0,2494.0,nan,2503.547726,47940,1200200780.0,72740,2513.0,16,2512.0,12,2514.0,232,2511.0,54,2515.0,43,2510.0,254,2516.0,8,2509.0,6,2517.0,53,2508.0,26
1597988652606290944,1597988653000000000,2020-08-21 13:44:13.000000,2513.0,2541.0,2457.0,2494.0,nan,2503.547726,47940,1200200780.0,72740,2513.0,16,2512.0,12,2514.0,232,2511.0,54,2515.0,43,2510.0,249,2516.0,8,2509.0,6,2517.0,53,2508.0,26
1597988653620442112,1597988654000000000,2020-08-21 13:44:14.000000,2513.0,2541.0,2457.0,2494.0,nan,2503.547726,47940,1200200780.0,72740,2513.0,15,2512.0,12,2514.0,232,2511.0,54,2515.0,43,2510.0,249,2516.0,8,2509.0,6,2517.0,53,2508.0,26
1597988657110159872,1597988657437999872,2020-08-21 13:44:17.438000,2513.0,2541.0,2457.0,2494.0,nan,2503.547726,47940,1200200780.0,72740,2513.0,15,2512.0,12,2514.0,232,2511.0,54,2515.0,43,2510.0,249,2516.0,8,2509.0,6,2517.0,53,2508.0,21
1597988660157839872,1597988660434000128,2020-08-21 13:44:20.434000,2513.0,2541.0,2457.0,2494.0,nan,2503.547726,47940,1200200780.0,72740,2513.0,17,2512.0,12,2514.0,232,2511.0,54,2515.0,43,2510.0,249,2516.0,8,2509.0,6,2517.0,53,2508.0,21
1597988660617869056,1597988661000000000,2020-08-21 13:44:21.000000,2513.0,2541.0,2457.0,2494.0,nan,2503.551077,47957,1200627990.0,72729,2514.0,154,2513.0,37,2515.0,43,2512.0,10,2516.0,8,2511.0,52,2517.0,34,2510.0,172,2518.0,29,2509.0,6
1597988661134520064,1597988661413000192,2020-08-21 13:44:21.413000,2513.0,2541.0,2457.0,2494.0,nan,2503.551077,47957,1200627990.0,72729,2514.0,229,2513.0,38,2515.0,83,2512.0,29,2516.0,28,2511.0,93,2517.0,34,2510.0,49,2518.0,29,2509.0,6
1597988661607529984,1597988662000000000,2020-08-21 13:44:22.000000,2513.0,2541.0,2457.0,2494.0,nan,2503.551077,47957,1200627990.0,72729,2514.0,229,2513.0,38,2515.0,147,2512.0,30,2516.0,28,2511.0,156,2517.0,34,2510.0,49,2518.0,48,2509.0,25
1597988662134539008,1597988662435000064,2020-08-21 13:44:22.435000,2513.0,2541.0,2457.0,2494.0,nan,2503.551471,47959,1200678250.0,72727,2514.0,229,2513.0,36,2515.0,147,2512.0,30,2516.0,28,2511.0,156,2517.0,34,2510.0,49,2518.0,48,2509.0,25
1597988662624664064,1597988663000000000,2020-08-21 13:44:23.000000,2513.0,2541.0,2457.0,2494.0,nan,2503.551471,47959,1200678250.0,72727,2514.0,233,2513.0,39,2515.0,224,2512.0,31,2516.0,28,2511.0,233,2517.0,34,2510.0,49,2518.0,48,2509.0,25
1597988663131073024,1597988663438999808,2020-08-21 13:44:23.439000,2513.0,2541.0,2457.0,2494.0,nan,2503.551471,47959,1200678250.0,72727,2514.0,213,2513.0,39,2515.0,244,2512.0,31,2516.0,28,2511.0,253,2517.0,34,2510.0,29,2518.0,48,2509.0,25
1597988663599983104,1597988664000000000,2020-08-21 13:44:24.000000,2513.0,2541.0,2457.0,2494.0,nan,2503.551471,47959,1200678250.0,72727,2514.0,233,2513.0,39,2515.0,224,2512.0,31,2516.0,28,2511.0,233,2517.0,34,2510.0,49,2518.0,48,2509.0,25
1597988666623586048,1597988667000000000,2020-08-21 13:44:27.000000,2513.0,2541.0,2457.0,2494.0,nan,2503.551471,47959,1200678250.0,72727,2514.0,233,2513.0,45,2515.0,226,2512.0,31,2516.0,28,2511.0,233,2517.0,34,2510.0,49,2518.0,48,2509.0,25
1597988668620381952,1597988669000000000,2020-08-21 13:44:29.000000,2513.0,2541.0,2457.0,2494.0,nan,2503.551668,47960,1200703380.0,72726,2514.0,233,2513.0,44,2515.0,226,2512.0,31,2516.0,28,2511.0,233,2517.0,34,2510.0,49,2518.0,48,2509.0,25
1597988669123385088,1597988669420999936,2020-08-21 13:44:29.421000,2513.0,2541.0,2457.0,2494.0,nan,2503.560328,48004,1201809100.0,72735,2513.0,3,2512.0,29,2514.0,229,2511.0,156,2515.0,148,2510.0,49,2516.0,28,2509.0,6,2517.0,34,2508.0,2
1597988669618672896,1597988670000000000,2020-08-21 13:44:30.000000,2513.0,2541.0,2457.0,2494.0,nan,2503.560328,48004,1201809100.0,72735,2513.0,3,2512.0,9,2514.0,52,2511.0,113,2515.0,105,2510.0,69,2516.0,8,2509.0,6,2517.0,34,2508.0,2
1597988670140393984,1597988670390000128,2020-08-21 13:44:30.390000,2513.0,2541.0,2457.0,2494.0,nan,2503.560328,48004,1201809100.0,72735,2513.0,3,2512.0,10,2514.0,34,2511.0,176,2515.0,167,2510.0,69,2516.0,8,2509.0,6,2517.0,53,2508.0,21
1597988670615612928,1597988671000000000,2020-08-21 13:44:31.000000,2513.0,2541.0,2457.0,2494.0,nan,2503.560328,48004,1201809100.0,72735,2513.0,3,2512.0,10,2514.0,35,2511.0,197,2515.0,187,2510.0,49,2516.0,8,2509.0,6,2517.0,53,2508.0,21
1597988671130019072,1597988671421999872,2020-08-21 13:44:31.422000,2513.0,2541.0,2457.0,2494.0,nan,2503.560328,48004,1201809100.0,72735,2513.0,5,2512.0,12,2514.0,35,2511.0,235,2515.0,225,2510.0,49,2516.0,8,2509.0,6,2517.0,53,2508.0,21
1597988671612407040,1597988672000000000,2020-08-21 13:44:32.000000,2513.0,2541.0,2457.0,2494.0,nan,2503.560328,48004,1201809100.0,72735,2513.0,6,2512.0,16,2514.0,35,2511.0,255,2515.0,245,2510.0,49,2516.0,8,2509.0,6,2517.0,53,2508.0,21
1597988672120598016,1597988672433000192,2020-08-21 13:44:32.433000,2513.0,2541.0,2457.0,2494.0,nan,2503.560328,48004,1201809100.0,72735,2513.0,9,2512.0,16,2514.0,35,2511.0,255,2515.0,245,2510.0,49,2516.0,8,2509.0,6,2517.0,53,2508.0,21
1597988673124791040,1597988673420000000,2020-08-21 13:44:33.420000,2513.0,2541.0,2457.0,2494.0,nan,2503.560328,48004,1201809100.0,72735,2513.0,19,2512.0,16,2514.0,35,2511.0,255,2515.0,245,2510.0,49,2516.0,8,2509.0,6,2517.0,53,2508.0,21
1597988673623873024,1597988674000000000,2020-08-21 13:44:34.000000,2513.0,2541.0,2457.0,2494.0,nan,2503.560328,48004,1201809100.0,72735,2513.0,20,2512.0,15,2514.0,149,2511.0,139,2515.0,128,2510.0,166,2516.0,8,2509.0,6,2517.0,53,2508.0,21
1597988674129677056,1597988674438999808,2020-08-21 13:44:34.439000,2513.0,2541.0,2457.0,2494.0,nan,2503.560328,48004,1201809100.0,72735,2513.0,22,2512.0,15,2514.0,169,2511.0,96,2515.0,85,2510.0,186,2516.0,8,2509.0,6,2517.0,53,2508.0,21
1597988674624300032,1597988675000000000,2020-08-21 13:44:35.000000,2513.0,2541.0,2457.0,2494.0,nan,2503.560328,48004,1201809100.0,72735,2513.0,22,2512.0,12,2514.0,212,2511.0,76,2515.0,65,2510.0,229,2516.0,8,2509.0,6,2517.0,53,2508.0,21
1597988677105027072,1597988677438999808,2020-08-21 13:44:37.439000,2513.0,2541.0,2457.0,2494.0,nan,2503.562687,48016,1202110660.0,72739,2513.0,9,2512.0,10,2514.0,133,2511.0,73,2515.0,65,2510.0,152,2516.0,8,2509.0,6,2517.0,34,2508.0,2
1597988677612974080,1597988678000000000,2020-08-21 13:44:38.000000,2513.0,2541.0,2457.0,2494.0,nan,2503.562687,48016,1202110660.0,72739,2513.0,9,2512.0,13,2514.0,73,2511.0,113,2515.0,105,2510.0,92,2516.0,8,2509.0,6,2517.0,34,2508.0,2
1597988678148101888,1597988678430000128,2020-08-21 13:44:38.430000,2513.0,2541.0,2457.0,2494.0,nan,2503.562687,48016,1202110660.0,72739,2513.0,7,2512.0,14,2514.0,32,2511.0,153,2515.0,144,2510.0,69,2516.0,8,2509.0,6,2517.0,53,2508.0,21
1597988678623954944,1597988679000000000,2020-08-21 13:44:39.000000,2513.0,2541.0,2457.0,2494.0,nan,2503.562687,48016,1202110660.0,72739,2513.0,7,2512.0,14,2514.0,34,2511.0,196,2515.0,187,2510.0,49,2516.0,8,2509.0,6,2517.0,53,2508.0,21
1597988679156762880,1597988679434000128,2020-08-21 13:44:39.434000,2513.0,2541.0,2457.0,2494.0,nan,2503.562687,48016,1202110660.0,72739,2513.0,9,2512.0,16,2514.0,35,2511.0,235,2515.0,225,2510.0,49,2516.0,8,2509.0,6,2517.0,53,2508.0,21
1597988679606561024,1597988680000000000,2020-08-21 13:44:40.000000,2513.0,2541.0,2457.0,2494.0,nan,2503.562687,48016,1202110660.0,72739,2513.0,10,2512.0,16,2514.0,35,2511.0,255,2515.0,245,2510.0,49,2516.0,8,2509.0,6,2517.0,53,2508.0,21
1597988683110193920,1597988683413000192,2020-08-21 13:44:43.413000,2513.0,2541.0,2457.0,2494.0,nan,2503.562687,48016,1202110660.0,72739,2513.0,10,2512.0,16,2514.0,35,2511.0,255,2515.0,245,2510.0,50,2516.0,8,2509.0,6,2517.0,53,2508.0,21
1597988684130745088,1597988684437999872,2020-08-21 13:44:44.438000,2513.0,2541.0,2457.0,2494.0,nan,2503.562687,48016,1202110660.0,72739,2513.0,11,2512.0,16,2514.0,35,2511.0,255,2515.0,245,2510.0,50,2516.0,8,2509.0,6,2517.0,53,2508.0,21
1597988686108209920,1597988686431000064,2020-08-21 13:44:46.431000,2513.0,2541.0,2457.0,2494.0,nan,2503.562687,48016,1202110660.0,72739,2513.0,10,2512.0,16,2514.0,35,2511.0,255,2515.0,245,2510.0,50,2516.0,8,2509.0,6,2517.0,53,2508.0,21
1597988686635969024,1597988687000000000,2020-08-21 13:44:47.000000,2513.0,2541.0,2457.0,2494.0,nan,2503.562687,48016,1202110660.0,72739,2513.0,10,2512.0,17,2514.0,35,2511.0,255,2515.0,245,2510.0,50,2516.0,8,2509.0,6,2517.0,53,2508.0,21
1597988689112190976,1597988689436000000,2020-08-21 13:44:49.436000,2512.0,2541.0,2457.0,2494.0,nan,2503.562863,48017,1202135780.0,72738,2513.0,10,2512.0,16,2514.0,35,2511.0,255,2515.0,245,2510.0,50,2516.0,8,2509.0,6,2517.0,53,2508.0,21
1597988690129536000,1597988690436999936,2020-08-21 13:44:50.437000,2512.0,2541.0,2457.0,2494.0,nan,2503.562863,48017,1202135780.0,72738,2513.0,10,2512.0,16,2514.0,15,2511.0,275,2515.0,265,2510.0,30,2516.0,8,2509.0,6,2517.0,53,2508.0,21
1597988691625676032,1597988692000000000,2020-08-21 13:44:52.000000,2512.0,2541.0,2457.0,2494.0,nan,2503.562863,48017,1202135780.0,72738,2513.0,10,2512.0,13,2514.0,15,2511.0,275,2515.0,265,2510.0,30,2516.0,8,2509.0,6,2517.0,53,2508.0,21
1597988696623315968,1597988697000000000,2020-08-21 13:44:57.000000,2513.0,2541.0,2457.0,2494.0,nan,2503.564828,48027,1202387080.0,72738,2514.0,13,2513.0,2,2515.0,188,2512.0,10,2516.0,8,2511.0,197,2517.0,34,2510.0,30,2518.0,29,2509.0,6
