local_nano_time,quote_nano_time,datetime,last_price,highest,lowest,open,close,average,volume,amount,open_interest,ask_price1,ask_volume1,bid_price1,bid_volume1,ask_price2,ask_volume2,bid_price2,bid_volume2,ask_price3,ask_volume3,bid_price3,bid_volume3,ask_price4,ask_volume4,bid_price4,bid_volume4,ask_price5,ask_volume5,bid_price5,bid_volume5
1597988230116623872,1597988230432000000,2020-08-21 13:37:10.432000,98.395,98.415,98.19,98.195,nan,98.296,29005,28510888100.0,71475,98.4,16,98.395,86,nan,0,nan,0,nan,0,nan,0,nan,0,nan,0,nan,0,nan,0
1597988230539721984,1597988230935000064,2020-08-21 13:37:10.935000,98.4,98.415,98.19,98.195,nan,98.296,29007,28512856100.0,71477,98.4,24,98.395,86,nan,0,nan,0,nan,0,nan,0,nan,0,nan,0,nan,0,nan,0
1597988231041605120,1597988231436999936,2020-08-21 13:37:11.437000,98.4,98.415,98.19,98.195,nan,98.296,29007,28512856100.0,71477,98.4,22,98.395,86,nan,0,nan,0,nan,0,nan,0,nan,0,nan,0,nan,0,nan,0
1597988231535269120,1597988231910000128,2020-08-21 13:37:11.910000,98.4,98.415,98.19,98.195,nan,98.296,29007,28512856100.0,71477,98.4,22,98.395,88,nan,0,nan,0,nan,0,nan,0,nan,0,nan,0,nan,0,nan,0
1597988232032998912,1597988232423000064,2020-08-21 13:37:12.423000,98.4,98.415,98.19,98.195,nan,98.296,29007,28512856100.0,71477,98.4,22,98.395,88,nan,0,nan,0,nan,0,nan,0,nan,0,nan,0,nan,0,nan,0
1597988232533746944,1597988232932000000,2020-08-21 13:37:12.932000,98.395,98.415,98.19,98.195,nan,98.296,29008,28513840050.0,71477,98.4,22,98.395,87,nan,0,nan,0,nan,0,nan,0,nan,0,nan,0,nan,0,nan,0
1597988233033892096,1597988233405999872,2020-08-21 13:37:13.406000,98.4,98.415,98.19,98.195,nan,98.296,29009,28514824050.0,71478,98.4,24,98.395,85,nan,0,nan,0,nan,0,nan,0,nan,0,nan,0,nan,0,nan,0
1597988233533651968,1597988233912000000,2020-08-21 13:37:13.912000,98.4,98.415,98.19,98.195,nan,98.296,29009,28514824050.0,71478,98.4,24,98.395,87,nan,0,nan,0,nan,0,nan,0,nan,0,nan,0,nan,0,nan,0
1597988234045049088,1597988234427000064,2020-08-21 13:37:14.427000,98.395,98.415,98.19,98.195,nan,98.296,29010,28515808000.0,71477,98.4,24,98.395,86,nan,0,nan,0,nan,0,nan,0,nan,0,nan,0,nan,0,nan,0
1597988234537932032,1597988234937999872,2020-08-21 13:37:14.938000,98.395,98.415,98.19,98.195,nan,98.296,29010,28515808000.0,71477,98.4,24,98.395,84,nan,0,nan,0,nan,0,nan,0,nan,0,nan,0,nan,0,nan,0
1597988235031002112,1597988235413000192,2020-08-21 13:37:15.413000,98.395,98.415,98.19,98.195,nan,98.296,29010,28515808000.0,71477,98.4,26,98.395,84,nan,0,nan,0,nan,0,nan,0,nan,0,nan,0,nan,0,nan,0
1597988236554712064,1597988236918999808,2020-08-21 13:37:16.919000,98.395,98.415,98.19,98.195,nan,98.296,29010,28515808000.0,71477,98.4,27,98.395,84,nan,0,nan,0,nan,0,nan,0,nan,0,nan,0,nan,0,nan,0
1597988237545157888,1597988237934000128,2020-08-21 13:37:17.934000,98.395,98.415,98.19,98.195,nan,98.296,29010,28515808000.0,71477,98.4,27,98.395,84,nan,0,nan,0,nan,0,nan,0,nan,0,nan,0,nan,0,nan,0
1597988239552451072,1597988239932000000,2020-08-21 13:37:19.932000,98.395,98.415,98.19,98.195,nan,98.296,29011,28516791950.0,71477,98.4,27,98.395,83,nan,0,nan,0,nan,0,nan,0,nan,0,nan,0,nan,0,nan,0
1597988240042586112,1597988240416999936,2020-08-21 13:37:20.417000,98.395,98.415,98.19,98.195,nan,98.296,29011,28516791950.0,71477,98.4,27,98.395,83,nan,0,nan,0,nan,0,nan,0,nan,0,nan,0,nan,0,nan,0
1597988240542322944,1597988240916000000,2020-08-21 13:37:20.916000,98.395,98.415,98.19,98.195,nan,98.296,29011,28516791950.0,71477,98.4,47,98.395,84,nan,0,nan,0,nan,0,nan,0,nan,0,nan,0,nan,0,nan,0
1597988241078822912,1597988241423000064,2020-08-21 13:37:21.423000,98.395,98.415,98.19,98.195,nan,98.297,29063,28567957350.0,71428,98.4,47,98.395,32,nan,0,nan,0,nan,0,nan,0,nan,0,nan,0,nan,0,nan,0
1597988241555245056,1597988241936000000,2020-08-21 13:37:21.936000,98.395,98.415,98.19,98.195,nan,98.297,29097,28601411650.0,71426,98.4,47,98.395,1,nan,0,nan,0,nan,0,nan,0,nan,0,nan,0,nan,0,nan,0
1597988242054332928,1597988242423000064,2020-08-21 13:37:22.423000,98.395,98.415,98.19,98.195,nan,98.297,29100,28604363500.0,71426,98.395,5,98.39,93,nan,0,nan,0,nan,0,nan,0,nan,0,nan,0,nan,0,nan,0
1597988242557339904,1597988242935000064,2020-08-21 13:37:22.935000,98.395,98.415,98.19,98.195,nan,98.297,29105,28609283250.0,71428,98.4,49,98.395,4,nan,0,nan,0,nan,0,nan,0,nan,0,nan,0,nan,0,nan,0
1597988243083747072,1597988243432000000,2020-08-21 13:37:23.432000,98.395,98.415,98.19,98.195,nan,98.297,29109,28613219050.0,71428,98.4,45,98.395,2,nan,0,nan,0,nan,0,nan,0,nan,0,nan,0,nan,0,nan,0
1597988243551617024,1597988243917999872,2020-08-21 13:37:23.918000,98.395,98.415,98.19,98.195,nan,98.297,29109,28613219050.0,71428,98.4,45,98.395,10,nan,0,nan,0,nan,0,nan,0,nan,0,nan,0,nan,0,nan,0
1597988244078692096,1597988244433000192,2020-08-21 13:37:24.433000,98.395,98.415,98.19,98.195,nan,98.297,29109,28613219050.0,71428,98.4,47,98.395,12,nan,0,nan,0,nan,0,nan,0,nan,0,nan,0,nan,0,nan,0
1597988244544535040,1597988244932000000,2020-08-21 13:37:24.932000,98.395,98.415,98.19,98.195,nan,98.297,29110,28614203000.0,71429,98.4,47,98.395,14,nan,0,nan,0,nan,0,nan,0,nan,0,nan,0,nan,0,nan,0
1597988245053746944,1597988245427000064,2020-08-21 13:37:25.427000,98.395,98.415,98.19,98.195,nan,98.297,29110,28614203000.0,71429,98.4,47,98.395,14,nan,0,nan,0,nan,0,nan,0,nan,0,nan,0,nan,0,nan,0
1597988245543204096,1597988245882999808,2020-08-21 13:37:25.883000,98.395,98.415,98.19,98.195,nan,98.297,29110,28614203000.0,71429,98.4,47,98.395,17,nan,0,nan,0,nan,0,nan,0,nan,0,nan,0,nan,0,nan,0
1597988246084614912,1597988246423000064,2020-08-21 13:37:26.423000,98.395,98.415,98.19,98.195,nan,98.297,29110,28614203000.0,71429,98.4,45,98.395,17,nan,0,nan,0,nan,0,nan,0,nan,0,nan,0,nan,0,nan,0
1597988246562679040,1597988246932000000,2020-08-21 13:37:26.932000,98.395,98.415,98.19,98.195,nan,98.297,29120,28624042500.0,71437,98.4,45,98.395,8,nan,0,nan,0,nan,0,nan,0,nan,0,nan,0,nan,0,nan,0
1597988248056796928,1597988248420999936,2020-08-21 13:37:28.421000,98.395,98.415,98.19,98.195,nan,98.297,29120,28624042500.0,71437,98.4,45,98.395,4,nan,0,nan,0,nan,0,nan,0,nan,0,nan,0,nan,0,nan,0
1597988248559187968,1597988248938999808,2020-08-21 13:37:28.939000,98.395,98.415,98.19,98.195,nan,98.297,29124,28627978300.0,71438,98.4,45,98.39,92,nan,0,nan,0,nan,0,nan,0,nan,0,nan,0,nan,0,nan,0
1597988249044873984,1597988249420000000,2020-08-21 13:37:29.420000,98.395,98.415,98.19,98.195,nan,98.297,29126,28629946200.0,71440,98.395,3,98.39,82,nan,0,nan,0,nan,0,nan,0,nan,0,nan,0,nan,0,nan,0
1597988249546044928,1597988249930000128,2020-08-21 13:37:29.930000,98.395,98.415,98.19,98.195,nan,98.297,29127,28630930150.0,71440,98.395,5,98.39,79,nan,0,nan,0,nan,0,nan,0,nan,0,nan,0,nan,0,nan,0
1597988250055760896,1597988250435000064,2020-08-21 13:37:30.435000,98.395,98.415,98.19,98.195,nan,98.297,29127,28630930150.0,71440,98.395,7,98.39,79,nan,0,nan,0,nan,0,nan,0,nan,0,nan,0,nan,0,nan,0
1597988250566624000,1597988250933000192,2020-08-21 13:37:30.933000,98.395,98.415,98.19,98.195,nan,98.297,29139,28642737550.0,71436,98.395,4,98.39,80,nan,0,nan,0,nan,0,nan,0,nan,0,nan,0,nan,0,nan,0
1597988251053353984,1597988251436000000,2020-08-21 13:37:31.436000,98.395,98.415,98.19,98.195,nan,98.297,29148,28651593100.0,71442,98.395,1,98.39,80,nan,0,nan,0,nan,0,nan,0,nan,0,nan,0,nan,0,nan,0
1597988251547578880,1597988251914000128,2020-08-21 13:37:31.914000,98.395,98.415,98.19,98.195,nan,98.297,29148,28651593100.0,71442,98.395,5,98.39,80,nan,0,nan,0,nan,0,nan,0,nan,0,nan,0,nan,0,nan,0
1597988252044274944,1597988252421999872,2020-08-21 13:37:32.422000,98.395,98.415,98.19,98.195,nan,98.297,29148,28651593100.0,71442,98.395,7,98.39,80,nan,0,nan,0,nan,0,nan,0,nan,0,nan,0,nan,0,nan,0
1597988252557297920,1597988252933000192,2020-08-21 13:37:32.933000,98.39,98.415,98.19,98.195,nan,98.297,29153,28656512600.0,71441,98.395,10,98.39,71,nan,0,nan,0,nan,0,nan,0,nan,0,nan,0,nan,0,nan,0
1597988253081260032,1597988253424000000,2020-08-21 13:37:33.424000,98.39,98.415,98.19,98.195,nan,98.297,29157,28660448200.0,71438,98.395,13,98.39,67,nan,0,nan,0,nan,0,nan,0,nan,0,nan,0,nan,0,nan,0
1597988253555238912,1597988253898999808,2020-08-21 13:37:33.899000,98.395,98.415,98.19,98.195,nan,98.297,29162,28665367750.0,71434,98.395,15,98.39,63,nan,0,nan,0,nan,0,nan,0,nan,0,nan,0,nan,0,nan,0
1597988254057134080,1597988254438999808,2020-08-21 13:37:34.439000,98.395,98.415,98.19,98.195,nan,98.297,29172,28675207250.0,71436,98.395,13,98.39,68,nan,0,nan,0,nan,0,nan,0,nan,0,nan,0,nan,0,nan,0
1597988254553959936,1597988254935000064,2020-08-21 13:37:34.935000,98.395,98.415,98.19,98.195,nan,98.297,29172,28675207250.0,71436,98.395,23,98.39,71,nan,0,nan,0,nan,0,nan,0,nan,0,nan,0,nan,0,nan,0
1597988255081489920,1597988255433000192,2020-08-21 13:37:35.433000,98.395,98.415,98.19,98.195,nan,98.297,29172,28675207250.0,71436,98.395,23,98.39,71,nan,0,nan,0,nan,0,nan,0,nan,0,nan,0,nan,0,nan,0
1597988255565029120,1597988255931000064,2020-08-21 13:37:35.931000,98.395,98.415,98.19,98.195,nan,98.297,29172,28675207250.0,71436,98.395,23,98.39,71,nan,0,nan,0,nan,0,nan,0,nan,0,nan,0,nan,0,nan,0
1597988256081219072,1597988256426000128,2020-08-21 13:37:36.426000,98.39,98.415,98.19,98.195,nan,98.297,29192,28694885250.0,71416,98.395,23,98.39,52,nan,0,nan,0,nan,0,nan,0,nan,0,nan,0,nan,0,nan,0
1597988256562810112,1597988256924999936,2020-08-21 13:37:36.925000,98.39,98.415,98.19,98.195,nan,98.297,29202,28704724250.0,71409,98.395,23,98.39,40,nan,0,nan,0,nan,0,nan,0,nan,0,nan,0,nan,0,nan,0
1597988257060528896,1597988257427000064,2020-08-21 13:37:37.427000,98.39,98.415,98.19,98.195,nan,98.297,29237,28739160750.0,71411,98.395,25,98.39,3,nan,0,nan,0,nan,0,nan,0,nan,0,nan,0,nan,0,nan,0
1597988257556506112,1597988257933000192,2020-08-21 13:37:37.933000,98.39,98.415,98.19,98.195,nan,98.297,29242,28744080250.0,71412,98.39,15,98.385,73,nan,0,nan,0,nan,0,nan,0,nan,0,nan,0,nan,0,nan,0
1597988258079694080,1597988258416999936,2020-08-21 13:37:38.417000,98.39,98.415,98.19,98.195,nan,98.297,29247,28748999750.0,71411,98.39,5,98.385,63,nan,0,nan,0,nan,0,nan,0,nan,0,nan,0,nan,0,nan,0
1597988258559238912,1597988258935000064,2020-08-21 13:37:38.935000,98.39,98.415,98.19,98.195,nan,98.297,29247,28748999750.0,71411,98.39,6,98.385,63,nan,0,nan,0,nan,0,nan,0,nan,0,nan,0,nan,0,nan,0
1597988259073831936,1597988259405999872,2020-08-21 13:37:39.406000,98.39,98.415,98.19,98.195,nan,98.297,29247,28748999750.0,71411,98.39,6,98.385,62,nan,0,nan,0,nan,0,nan,0,nan,0,nan,0,nan,0,nan,0
1597988259564623104,1597988259921999872,2020-08-21 13:37:39.922000,98.39,98.415,98.19,98.195,nan,98.297,29247,28748999750.0,71411,98.39,6,98.385,63,nan,0,nan,0,nan,0,nan,0,nan,0,nan,0,nan,0,nan,0
1597988260065744896,1597988260427000064,2020-08-21 13:37:40.427000,98.39,98.415,98.19,98.195,nan,98.297,29247,28748999750.0,71411,98.39,4,98.385,63,nan,0,nan,0,nan,0,nan,0,nan,0,nan,0,nan,0,nan,0
1597988261078078976,1597988261436000000,2020-08-21 13:37:41.436000,98.39,98.415,98.19,98.195,nan,98.297,29251,28752935350.0,71410,98.39,10,98.385,65,nan,0,nan,0,nan,0,nan,0,nan,0,nan,0,nan,0,nan,0
1597988261555751936,1597988261931000064,2020-08-21 13:37:41.931000,98.39,98.415,98.19,98.195,nan,98.297,29259,28760806550.0,71410,98.39,4,98.385,66,nan,0,nan,0,nan,0,nan,0,nan,0,nan,0,nan,0,nan,0
1597988262076288000,1597988262435000064,2020-08-21 13:37:42.435000,98.39,98.415,98.19,98.195,nan,98.297,29261,28762774350.0,71411,98.39,12,98.385,66,nan,0,nan,0,nan,0,nan,0,nan,0,nan,0,nan,0,nan,0
1597988263050534912,1597988263379000064,2020-08-21 13:37:43.379000,98.39,98.415,98.19,98.195,nan,98.297,29261,28762774350.0,71411,98.39,10,98.385,66,nan,0,nan,0,nan,0,nan,0,nan,0,nan,0,nan,0,nan,0
1597988263553584128,1597988263930000128,2020-08-21 13:37:43.930000,98.39,98.415,98.19,98.195,nan,98.297,29262,28763758250.0,71410,98.39,9,98.385,66,nan,0,nan,0,nan,0,nan,0,nan,0,nan,0,nan,0,nan,0
1597988264094237952,1597988264433000192,2020-08-21 13:37:44.433000,98.39,98.415,98.19,98.195,nan,98.297,29263,28764742150.0,71410,98.39,8,98.385,66,nan,0,nan,0,nan,0,nan,0,nan,0,nan,0,nan,0,nan,0
1597988264555601920,1597988264935000064,2020-08-21 13:37:44.935000,98.385,98.415,98.19,98.195,nan,98.297,29313,28813934650.0,71414,98.39,11,98.385,16,nan,0,nan,0,nan,0,nan,0,nan,0,nan,0,nan,0,nan,0
1597988265051813888,1597988265413000192,2020-08-21 13:37:45.413000,98.385,98.415,98.19,98.195,nan,98.298,29331,28831643950.0,71417,98.385,1,98.38,16,nan,0,nan,0,nan,0,nan,0,nan,0,nan,0,nan,0,nan,0
1597988265551170048,1597988265935000064,2020-08-21 13:37:45.935000,98.385,98.415,98.19,98.195,nan,98.298,29335,28835579350.0,71421,98.385,1,98.38,15,nan,0,nan,0,nan,0,nan,0,nan,0,nan,0,nan,0,nan,0
1597988266058545920,1597988266424999936,2020-08-21 13:37:46.425000,98.385,98.415,98.19,98.195,nan,98.298,29335,28835579350.0,71421,98.385,5,98.38,15,nan,0,nan,0,nan,0,nan,0,nan,0,nan,0,nan,0,nan,0
1597988266552275968,1597988266924000000,2020-08-21 13:37:46.924000,98.385,98.415,98.19,98.195,nan,98.298,29335,28835579350.0,71421,98.385,5,98.38,15,nan,0,nan,0,nan,0,nan,0,nan,0,nan,0,nan,0,nan,0
1597988267110362880,1597988267416999936,2020-08-21 13:37:47.417000,98.385,98.415,98.19,98.195,nan,98.298,29335,28835579350.0,71421,98.385,5,98.38,15,nan,0,nan,0,nan,0,nan,0,nan,0,nan,0,nan,0,nan,0
1597988267561783040,1597988267938999808,2020-08-21 13:37:47.939000,98.385,98.415,98.19,98.195,nan,98.298,29335,28835579350.0,71421,98.385,5,98.38,15,nan,0,nan,0,nan,0,nan,0,nan,0,nan,0,nan,0,nan,0
1597988268085672960,1597988268428999936,2020-08-21 13:37:48.429000,98.385,98.415,98.19,98.195,nan,98.298,29335,28835579350.0,71421,98.385,3,98.38,15,nan,0,nan,0,nan,0,nan,0,nan,0,nan,0,nan,0,nan,0
1597988268568772096,1597988268924999936,2020-08-21 13:37:48.925000,98.39,98.415,98.19,98.195,nan,98.298,29341,28841482600.0,71416,98.39,16,98.38,17,nan,0,nan,0,nan,0,nan,0,nan,0,nan,0,nan,0,nan,0
1597988269071065088,1597988269407000064,2020-08-21 13:37:49.407000,98.385,98.415,98.19,98.195,nan,98.298,29348,28848369400.0,71416,98.39,16,98.38,16,nan,0,nan,0,nan,0,nan,0,nan,0,nan,0,nan,0,nan,0
1597988269566956032,1597988269923000064,2020-08-21 13:37:49.923000,98.385,98.415,98.19,98.195,nan,98.298,29349,28849353250.0,71415,98.39,16,98.38,21,nan,0,nan,0,nan,0,nan,0,nan,0,nan,0,nan,0,nan,0
1597988270082124032,1597988270424000000,2020-08-21 13:37:50.424000,98.385,98.415,98.19,98.195,nan,98.298,29349,28849353250.0,71415,98.39,16,98.385,2,nan,0,nan,0,nan,0,nan,0,nan,0,nan,0,nan,0,nan,0
1597988270558164992,1597988270935000064,2020-08-21 13:37:50.935000,98.385,98.415,98.19,98.195,nan,98.298,29349,28849353250.0,71415,98.39,16,98.385,2,nan,0,nan,0,nan,0,nan,0,nan,0,nan,0,nan,0,nan,0
1597988271079141888,1597988271434000128,2020-08-21 13:37:51.434000,98.385,98.415,98.19,98.195,nan,98.298,29349,28849353250.0,71415,98.39,15,98.385,3,nan,0,nan,0,nan,0,nan,0,nan,0,nan,0,nan,0,nan,0
1597988271556513024,1597988271913000192,2020-08-21 13:37:51.913000,98.385,98.415,98.19,98.195,nan,98.298,29350,28850337100.0,71416,98.39,13,98.385,9,nan,0,nan,0,nan,0,nan,0,nan,0,nan,0,nan,0,nan,0
1597988272054717952,1597988272432000000,2020-08-21 13:37:52.432000,98.385,98.415,98.19,98.195,nan,98.298,29350,28850337100.0,71416,98.39,11,98.385,10,nan,0,nan,0,nan,0,nan,0,nan,0,nan,0,nan,0,nan,0
1597988272556316928,1597988272932000000,2020-08-21 13:37:52.932000,98.385,98.415,98.19,98.195,nan,98.298,29350,28850337100.0,71416,98.39,11,98.385,10,nan,0,nan,0,nan,0,nan,0,nan,0,nan,0,nan,0,nan,0
1597988273083098880,1597988273434000128,2020-08-21 13:37:53.434000,98.385,98.415,98.19,98.195,nan,98.298,29350,28850337100.0,71416,98.39,11,98.385,10,nan,0,nan,0,nan,0,nan,0,nan,0,nan,0,nan,0,nan,0
1597988273562887936,1597988273932000000,2020-08-21 13:37:53.932000,98.385,98.415,98.19,98.195,nan,98.298,29351,28851320950.0,71417,98.39,12,98.385,9,nan,0,nan,0,nan,0,nan,0,nan,0,nan,0,nan,0,nan,0
1597988274077965056,1597988274432000000,2020-08-21 13:37:54.432000,98.385,98.415,98.19,98.195,nan,98.298,29351,28851320950.0,71417,98.39,12,98.385,8,nan,0,nan,0,nan,0,nan,0,nan,0,nan,0,nan,0,nan,0
1597988274560516096,1597988274931000064,2020-08-21 13:37:54.931000,98.385,98.415,98.19,98.195,nan,98.298,29351,28851320950.0,71417,98.39,12,98.385,9,nan,0,nan,0,nan,0,nan,0,nan,0,nan,0,nan,0,nan,0
1597988275054259968,1597988275411000064,2020-08-21 13:37:55.411000,98.385,98.415,98.19,98.195,nan,98.298,29351,28851320950.0,71417,98.39,11,98.385,10,nan,0,nan,0,nan,0,nan,0,nan,0,nan,0,nan,0,nan,0
1597988275567728128,1597988275917999872,2020-08-21 13:37:55.918000,98.385,98.415,98.19,98.195,nan,98.298,29352,28852304800.0,71416,98.39,11,98.385,9,nan,0,nan,0,nan,0,nan,0,nan,0,nan,0,nan,0,nan,0
1597988276089504000,1597988276423000064,2020-08-21 13:37:56.423000,98.385,98.415,98.19,98.195,nan,98.298,29352,28852304800.0,71416,98.39,16,98.385,9,nan,0,nan,0,nan,0,nan,0,nan,0,nan,0,nan,0,nan,0
1597988276700965120,1597988276926000128,2020-08-21 13:37:56.926000,98.385,98.415,98.19,98.195,nan,98.298,29352,28852304800.0,71416,98.39,16,98.385,9,nan,0,nan,0,nan,0,nan,0,nan,0,nan,0,nan,0,nan,0
1597988277231158016,1597988277428999936,2020-08-21 13:37:57.429000,98.385,98.415,98.19,98.195,nan,98.298,29352,28852304800.0,71416,98.39,16,98.385,9,nan,0,nan,0,nan,0,nan,0,nan,0,nan,0,nan,0,nan,0
1597988277564110080,1597988277920000000,2020-08-21 13:37:57.920000,98.385,98.415,98.19,98.195,nan,98.298,29353,28853288650.0,71417,98.39,16,98.385,9,nan,0,nan,0,nan,0,nan,0,nan,0,nan,0,nan,0,nan,0
1597988278557168128,1597988278937999872,2020-08-21 13:37:58.938000,98.385,98.415,98.19,98.195,nan,98.298,29353,28853288650.0,71417,98.39,16,98.385,9,nan,0,nan,0,nan,0,nan,0,nan,0,nan,0,nan,0,nan,0
1597988279078959104,1597988279436000000,2020-08-21 13:37:59.436000,98.385,98.415,98.19,98.195,nan,98.298,29353,28853288650.0,71417,98.39,16,98.385,10,nan,0,nan,0,nan,0,nan,0,nan,0,nan,0,nan,0,nan,0
1597988279560259072,1597988279936999936,2020-08-21 13:37:59.937000,98.385,98.415,98.19,98.195,nan,98.298,29363,28863127150.0,71415,98.39,16,98.38,20,nan,0,nan,0,nan,0,nan,0,nan,0,nan,0,nan,0,nan,0
1597988280060216064,1597988280436000000,2020-08-21 13:38:00.436000,98.385,98.415,98.19,98.195,nan,98.298,29363,28863127150.0,71415,98.39,18,98.38,20,nan,0,nan,0,nan,0,nan,0,nan,0,nan,0,nan,0,nan,0
1597988280561254912,1597988280933000192,2020-08-21 13:38:00.933000,98.385,98.415,98.19,98.195,nan,98.298,29363,28863127150.0,71415,98.39,18,98.385,1,nan,0,nan,0,nan,0,nan,0,nan,0,nan,0,nan,0,nan,0
1597988281060608000,1597988281405999872,2020-08-21 13:38:01.406000,98.385,98.415,98.19,98.195,nan,98.298,29363,28863127150.0,71415,98.39,18,98.385,2,nan,0,nan,0,nan,0,nan,0,nan,0,nan,0,nan,0,nan,0
1597988281561250048,1597988281924999936,2020-08-21 13:38:01.925000,98.39,98.415,98.19,98.195,nan,98.298,29364,28864111050.0,71414,98.39,17,98.385,2,nan,0,nan,0,nan,0,nan,0,nan,0,nan,0,nan,0,nan,0
1597988282080371968,1597988282423000064,2020-08-21 13:38:02.423000,98.39,98.415,98.19,98.195,nan,98.298,29364,28864111050.0,71414,98.39,17,98.385,5,nan,0,nan,0,nan,0,nan,0,nan,0,nan,0,nan,0,nan,0
1597988282558796032,1597988282935000064,2020-08-21 13:38:02.935000,98.39,98.415,98.19,98.195,nan,98.298,29364,28864111050.0,71414,98.39,17,98.385,6,nan,0,nan,0,nan,0,nan,0,nan,0,nan,0,nan,0,nan,0
1597988283559993088,1597988283913000192,2020-08-21 13:38:03.913000,98.39,98.415,98.19,98.195,nan,98.298,29364,28864111050.0,71414,98.39,17,98.385,6,nan,0,nan,0,nan,0,nan,0,nan,0,nan,0,nan,0,nan,0
1597988284071674880,1597988284435000064,2020-08-21 13:38:04.435000,98.39,98.415,98.19,98.195,nan,98.298,29364,28864111050.0,71414,98.39,17,98.385,8,nan,0,nan,0,nan,0,nan,0,nan,0,nan,0,nan,0,nan,0
1597988284562712064,1597988284932000000,2020-08-21 13:38:04.932000,98.39,98.415,98.19,98.195,nan,98.298,29364,28864111050.0,71414,98.39,18,98.385,9,nan,0,nan,0,nan,0,nan,0,nan,0,nan,0,nan,0,nan,0
1597988285079116032,1597988285413000192,2020-08-21 13:38:05.413000,98.39,98.415,98.19,98.195,nan,98.298,29364,28864111050.0,71414,98.39,19,98.385,10,nan,0,nan,0,nan,0,nan,0,nan,0,nan,0,nan,0,nan,0
1597988286084196096,1597988286428000000,2020-08-21 13:38:06.428000,98.39,98.415,98.19,98.195,nan,98.298,29364,28864111050.0,71414,98.39,29,98.385,10,nan,0,nan,0,nan,0,nan,0,nan,0,nan,0,nan,0,nan,0
1597988287080653056,1597988287435000064,2020-08-21 13:38:07.435000,98.39,98.415,98.19,98.195,nan,98.298,29364,28864111050.0,71414,98.39,29,98.385,9,nan,0,nan,0,nan,0,nan,0,nan,0,nan,0,nan,0,nan,0
1597988287577605888,1597988287937999872,2020-08-21 13:38:07.938000,98.39,98.415,98.19,98.195,nan,98.298,29364,28864111050.0,71414,98.39,29,98.385,9,nan,0,nan,0,nan,0,nan,0,nan,0,nan,0,nan,0,nan,0
1597988288566584064,1597988288913000192,2020-08-21 13:38:08.913000,98.39,98.415,98.19,98.195,nan,98.298,29364,28864111050.0,71414,98.39,29,98.385,9,nan,0,nan,0,nan,0,nan,0,nan,0,nan,0,nan,0,nan,0
1597988290068687104,1597988290417999872,2020-08-21 13:38:10.418000,98.39,98.415,98.19,98.195,nan,98.298,29367,28867062750.0,71412,98.39,26,98.385,9,nan,0,nan,0,nan,0,nan,0,nan,0,nan,0,nan,0,nan,0
1597988290572759040,1597988290931000064,2020-08-21 13:38:10.931000,98.39,98.415,98.19,98.195,nan,98.298,29367,28867062750.0,71412,98.39,26,98.385,9,nan,0,nan,0,nan,0,nan,0,nan,0,nan,0,nan,0,nan,0
1597988291082904064,1597988291432000000,2020-08-21 13:38:11.432000,98.39,98.415,98.19,98.195,nan,98.298,29367,28867062750.0,71412,98.39,26,98.385,13,nan,0,nan,0,nan,0,nan,0,nan,0,nan,0,nan,0,nan,0
1597988291570841088,1597988291936000000,2020-08-21 13:38:11.936000,98.385,98.415,98.19,98.195,nan,98.298,29368,28868046600.0,71412,98.39,27,98.385,13,nan,0,nan,0,nan,0,nan,0,nan,0,nan,0,nan,0,nan,0
1597988292084751872,1597988292436999936,2020-08-21 13:38:12.437000,98.385,98.415,98.19,98.195,nan,98.298,29368,28868046600.0,71412,98.39,27,98.385,11,nan,0,nan,0,nan,0,nan,0,nan,0,nan,0,nan,0,nan,0
1597988292575752960,1597988292936000000,2020-08-21 13:38:12.936000,98.385,98.415,98.19,98.195,nan,98.298,29368,28868046600.0,71412,98.39,29,98.385,11,nan,0,nan,0,nan,0,nan,0,nan,0,nan,0,nan,0,nan,0
1597988293070574080,1597988293428000000,2020-08-21 13:38:13.428000,98.385,98.415,98.19,98.195,nan,98.298,29368,28868046600.0,71412,98.39,29,98.385,11,nan,0,nan,0,nan,0,nan,0,nan,0,nan,0,nan,0,nan,0
1597988294587578880,1597988294933000192,2020-08-21 13:38:14.933000,98.385,98.415,98.19,98.195,nan,98.298,29369,28869030450.0,71411,98.39,29,98.385,10,nan,0,nan,0,nan,0,nan,0,nan,0,nan,0,nan,0,nan,0
1597988295102568960,1597988295438999808,2020-08-21 13:38:15.439000,98.385,98.415,98.19,98.195,nan,98.298,29369,28869030450.0,71411,98.39,29,98.385,10,nan,0,nan,0,nan,0,nan,0,nan,0,nan,0,nan,0,nan,0
1597988295573848064,1597988295937999872,2020-08-21 13:38:15.938000,98.385,98.415,98.19,98.195,nan,98.298,29369,28869030450.0,71411,98.39,39,98.385,10,nan,0,nan,0,nan,0,nan,0,nan,0,nan,0,nan,0,nan,0
1597988296067279104,1597988296431000064,2020-08-21 13:38:16.431000,98.385,98.415,98.19,98.195,nan,98.298,29369,28869030450.0,71411,98.39,40,98.385,10,nan,0,nan,0,nan,0,nan,0,nan,0,nan,0,nan,0,nan,0
1597988296583076096,1597988296903000064,2020-08-21 13:38:16.903000,98.385,98.415,98.19,98.195,nan,98.298,29376,28875917400.0,71408,98.39,40,98.385,3,nan,0,nan,0,nan,0,nan,0,nan,0,nan,0,nan,0,nan,0
1597988297078042112,1597988297424999936,2020-08-21 13:38:17.425000,98.39,98.415,98.19,98.195,nan,98.298,29379,28878869100.0,71405,98.39,37,98.385,5,nan,0,nan,0,nan,0,nan,0,nan,0,nan,0,nan,0,nan,0
1597988297574381056,1597988297937999872,2020-08-21 13:38:17.938000,98.39,98.415,98.19,98.195,nan,98.298,29379,28878869100.0,71405,98.39,35,98.385,8,nan,0,nan,0,nan,0,nan,0,nan,0,nan,0,nan,0,nan,0
1597988298102533120,1597988298433000192,2020-08-21 13:38:18.433000,98.39,98.415,98.19,98.195,nan,98.298,29379,28878869100.0,71405,98.39,35,98.385,19,nan,0,nan,0,nan,0,nan,0,nan,0,nan,0,nan,0,nan,0
1597988298567996928,1597988298876000000,2020-08-21 13:38:18.876000,98.39,98.415,98.19,98.195,nan,98.298,29379,28878869100.0,71405,98.39,35,98.385,20,nan,0,nan,0,nan,0,nan,0,nan,0,nan,0,nan,0,nan,0
1597988299566291968,1597988299933000192,2020-08-21 13:38:19.933000,98.39,98.415,98.19,98.195,nan,98.298,29379,28878869100.0,71405,98.39,35,98.385,20,nan,0,nan,0,nan,0,nan,0,nan,0,nan,0,nan,0,nan,0
1597988300082727936,1597988300418999808,2020-08-21 13:38:20.419000,98.39,98.415,98.19,98.195,nan,98.298,29389,28888708100.0,71411,98.39,25,98.385,21,nan,0,nan,0,nan,0,nan,0,nan,0,nan,0,nan,0,nan,0
1597988300569679872,1597988300936999936,2020-08-21 13:38:20.937000,98.39,98.415,98.19,98.195,nan,98.298,29397,28896579300.0,71411,98.39,17,98.385,21,nan,0,nan,0,nan,0,nan,0,nan,0,nan,0,nan,0,nan,0
1597988301685035008,1597988301433000192,2020-08-21 13:38:21.433000,98.39,98.415,98.19,98.195,nan,98.298,29397,28896579300.0,71411,98.39,17,98.385,21,nan,0,nan,0,nan,0,nan,0,nan,0,nan,0,nan,0,nan,0
1597988302026479104,1597988301933000192,2020-08-21 13:38:21.933000,98.39,98.415,98.19,98.195,nan,98.298,29397,28896579300.0,71411,98.39,17,98.385,21,nan,0,nan,0,nan,0,nan,0,nan,0,nan,0,nan,0,nan,0
1597988302581676032,1597988302926000128,2020-08-21 13:38:22.926000,98.39,98.415,98.19,98.195,nan,98.298,29397,28896579300.0,71411,98.39,17,98.385,21,nan,0,nan,0,nan,0,nan,0,nan,0,nan,0,nan,0,nan,0
1597988304081769984,1597988304435000064,2020-08-21 13:38:24.435000,98.39,98.415,98.19,98.195,nan,98.298,29397,28896579300.0,71411,98.39,17,98.385,20,nan,0,nan,0,nan,0,nan,0,nan,0,nan,0,nan,0,nan,0
1597988304569112064,1597988304928999936,2020-08-21 13:38:24.929000,98.385,98.415,98.19,98.195,nan,98.298,29415,28914288600.0,71410,98.39,21,98.385,4,nan,0,nan,0,nan,0,nan,0,nan,0,nan,0,nan,0,nan,0
1597988305084480000,1597988305433000192,2020-08-21 13:38:25.433000,98.385,98.415,98.19,98.195,nan,98.298,29419,28918224000.0,71413,98.385,1,98.38,29,nan,0,nan,0,nan,0,nan,0,nan,0,nan,0,nan,0,nan,0
1597988305589250048,1597988305936999936,2020-08-21 13:38:25.937000,98.38,98.415,98.19,98.195,nan,98.298,29440,28938883950.0,71407,98.385,7,98.38,13,nan,0,nan,0,nan,0,nan,0,nan,0,nan,0,nan,0,nan,0
1597988306083859968,1597988306417999872,2020-08-21 13:38:26.418000,98.38,98.415,98.19,98.195,nan,98.298,29444,28942819150.0,71407,98.385,12,98.38,10,nan,0,nan,0,nan,0,nan,0,nan,0,nan,0,nan,0,nan,0
1597988306582363904,1597988306932000000,2020-08-21 13:38:26.932000,98.385,98.415,98.19,98.195,nan,98.298,29450,28948722250.0,71407,98.385,6,98.38,12,nan,0,nan,0,nan,0,nan,0,nan,0,nan,0,nan,0,nan,0
1597988307080076032,1597988307413000192,2020-08-21 13:38:27.413000,98.385,98.415,98.19,98.195,nan,98.298,29450,28948722250.0,71407,98.385,4,98.38,12,nan,0,nan,0,nan,0,nan,0,nan,0,nan,0,nan,0,nan,0
1597988307574882048,1597988307923000064,2020-08-21 13:38:27.923000,98.385,98.415,98.19,98.195,nan,98.298,29450,28948722250.0,71407,98.385,7,98.38,14,nan,0,nan,0,nan,0,nan,0,nan,0,nan,0,nan,0,nan,0
1597988310102718976,1597988310433000192,2020-08-21 13:38:30.433000,98.385,98.415,98.19,98.195,nan,98.298,29450,28948722250.0,71407,98.385,7,98.38,14,nan,0,nan,0,nan,0,nan,0,nan,0,nan,0,nan,0,nan,0
1597988310576220928,1597988310916000000,2020-08-21 13:38:30.916000,98.38,98.415,98.19,98.195,nan,98.298,29451,28949706050.0,71407,98.385,7,98.38,13,nan,0,nan,0,nan,0,nan,0,nan,0,nan,0,nan,0,nan,0
1597988311075990016,1597988311407000064,2020-08-21 13:38:31.407000,98.38,98.415,98.19,98.195,nan,98.298,29451,28949706050.0,71407,98.385,7,98.38,11,nan,0,nan,0,nan,0,nan,0,nan,0,nan,0,nan,0,nan,0
1597988311587513088,1597988311936000000,2020-08-21 13:38:31.936000,98.38,98.415,98.19,98.195,nan,98.298,29451,28949706050.0,71407,98.385,10,98.38,9,nan,0,nan,0,nan,0,nan,0,nan,0,nan,0,nan,0,nan,0
1597988313076169984,1597988313424000000,2020-08-21 13:38:33.424000,98.38,98.415,98.19,98.195,nan,98.298,29451,28949706050.0,71407,98.385,10,98.38,9,nan,0,nan,0,nan,0,nan,0,nan,0,nan,0,nan,0,nan,0
1597988313586216960,1597988313927000064,2020-08-21 13:38:33.927000,98.38,98.415,98.19,98.195,nan,98.298,29451,28949706050.0,71407,98.385,11,98.38,9,nan,0,nan,0,nan,0,nan,0,nan,0,nan,0,nan,0,nan,0
1597988314076157952,1597988314420999936,2020-08-21 13:38:34.421000,98.38,98.415,98.19,98.195,nan,98.298,29451,28949706050.0,71407,98.385,12,98.38,9,nan,0,nan,0,nan,0,nan,0,nan,0,nan,0,nan,0,nan,0
1597988314576805120,1597988314897000192,2020-08-21 13:38:34.897000,98.38,98.415,98.19,98.195,nan,98.298,29451,28949706050.0,71407,98.385,12,98.38,10,nan,0,nan,0,nan,0,nan,0,nan,0,nan,0,nan,0,nan,0
1597988315079591936,1597988315403000064,2020-08-21 13:38:35.403000,98.38,98.415,98.19,98.195,nan,98.298,29452,28950689850.0,71407,98.385,12,98.38,9,nan,0,nan,0,nan,0,nan,0,nan,0,nan,0,nan,0,nan,0
1597988315613516032,1597988315878000128,2020-08-21 13:38:35.878000,98.38,98.415,98.19,98.195,nan,98.298,29452,28950689850.0,71407,98.385,22,98.38,9,nan,0,nan,0,nan,0,nan,0,nan,0,nan,0,nan,0,nan,0
1597988316088114944,1597988316420000000,2020-08-21 13:38:36.420000,98.38,98.415,98.19,98.195,nan,98.298,29452,28950689850.0,71407,98.385,22,98.38,10,nan,0,nan,0,nan,0,nan,0,nan,0,nan,0,nan,0,nan,0
1597988316579558912,1597988316920999936,2020-08-21 13:38:36.921000,98.38,98.415,98.19,98.195,nan,98.298,29452,28950689850.0,71407,98.385,22,98.38,10,nan,0,nan,0,nan,0,nan,0,nan,0,nan,0,nan,0,nan,0
1597988317094313984,1597988317431000064,2020-08-21 13:38:37.431000,98.385,98.415,98.19,98.195,nan,98.298,29453,28951673700.0,71407,98.385,21,98.38,12,nan,0,nan,0,nan,0,nan,0,nan,0,nan,0,nan,0,nan,0
1597988317581630976,1597988317900999936,2020-08-21 13:38:37.901000,98.385,98.415,98.19,98.195,nan,98.298,29453,28951673700.0,71407,98.385,19,98.38,12,nan,0,nan,0,nan,0,nan,0,nan,0,nan,0,nan,0,nan,0
1597988318090078976,1597988318426000128,2020-08-21 13:38:38.426000,98.395,98.415,98.19,98.195,nan,98.298,29503,29000868000.0,71430,98.395,60,98.385,4,nan,0,nan,0,nan,0,nan,0,nan,0,nan,0,nan,0,nan,0
1597988318584077056,1597988318931000064,2020-08-21 13:38:38.931000,98.385,98.415,98.19,98.195,nan,98.298,29504,29001851850.0,71429,98.39,3,98.385,11,nan,0,nan,0,nan,0,nan,0,nan,0,nan,0,nan,0,nan,0
1597988319110136064,1597988319404000000,2020-08-21 13:38:39.404000,98.385,98.415,98.19,98.195,nan,98.298,29508,29005787250.0,71428,98.39,3,98.385,9,nan,0,nan,0,nan,0,nan,0,nan,0,nan,0,nan,0,nan,0
1597988319588933120,1597988319927000064,2020-08-21 13:38:39.927000,98.385,98.415,98.19,98.195,nan,98.298,29509,29006771100.0,71429,98.39,9,98.385,6,nan,0,nan,0,nan,0,nan,0,nan,0,nan,0,nan,0,nan,0
1597988320079514112,1597988320428999936,2020-08-21 13:38:40.429000,98.385,98.415,98.19,98.195,nan,98.298,29515,29012674200.0,71426,98.39,11,98.38,18,nan,0,nan,0,nan,0,nan,0,nan,0,nan,0,nan,0,nan,0
1597988320583397120,1597988320934000128,2020-08-21 13:38:40.934000,98.385,98.415,98.19,98.195,nan,98.298,29515,29012674200.0,71426,98.39,14,98.38,18,nan,0,nan,0,nan,0,nan,0,nan,0,nan,0,nan,0,nan,0
1597988321105224960,1597988321436999936,2020-08-21 13:38:41.437000,98.385,98.415,98.19,98.195,nan,98.298,29515,29012674200.0,71426,98.39,14,98.38,18,nan,0,nan,0,nan,0,nan,0,nan,0,nan,0,nan,0,nan,0
1597988321583130880,1597988321938999808,2020-08-21 13:38:41.939000,98.39,98.415,98.19,98.195,nan,98.298,29518,29015625800.0,71424,98.39,13,98.385,5,nan,0,nan,0,nan,0,nan,0,nan,0,nan,0,nan,0,nan,0
1597988322105878016,1597988322426000128,2020-08-21 13:38:42.426000,98.39,98.415,98.19,98.195,nan,98.298,29518,29015625800.0,71424,98.39,13,98.385,5,nan,0,nan,0,nan,0,nan,0,nan,0,nan,0,nan,0,nan,0
1597988322584347904,1597988322928999936,2020-08-21 13:38:42.929000,98.39,98.415,98.19,98.195,nan,98.298,29518,29015625800.0,71424,98.39,13,98.385,8,nan,0,nan,0,nan,0,nan,0,nan,0,nan,0,nan,0,nan,0
1597988323083751936,1597988323428999936,2020-08-21 13:38:43.429000,98.39,98.415,98.19,98.195,nan,98.298,29518,29015625800.0,71424,98.39,13,98.385,8,nan,0,nan,0,nan,0,nan,0,nan,0,nan,0,nan,0,nan,0
1597988324106696960,1597988324424999936,2020-08-21 13:38:44.425000,98.385,98.415,98.19,98.195,nan,98.298,29519,29016609650.0,71425,98.39,13,98.385,7,nan,0,nan,0,nan,0,nan,0,nan,0,nan,0,nan,0,nan,0
1597988324582600960,1597988324895000064,2020-08-21 13:38:44.895000,98.39,98.415,98.19,98.195,nan,98.298,29522,29019561350.0,71423,98.39,11,98.385,7,nan,0,nan,0,nan,0,nan,0,nan,0,nan,0,nan,0,nan,0
1597988325106854912,1597988325424000000,2020-08-21 13:38:45.424000,98.39,98.415,98.19,98.195,nan,98.298,29522,29019561350.0,71423,98.39,11,98.385,20,nan,0,nan,0,nan,0,nan,0,nan,0,nan,0,nan,0,nan,0
1597988326590728960,1597988326921999872,2020-08-21 13:38:46.922000,98.39,98.415,98.19,98.195,nan,98.298,29522,29019561350.0,71423,98.39,11,98.385,20,nan,0,nan,0,nan,0,nan,0,nan,0,nan,0,nan,0,nan,0
1597988327105284096,1597988327434000128,2020-08-21 13:38:47.434000,98.39,98.415,98.19,98.195,nan,98.298,29522,29019561350.0,71423,98.39,11,98.385,22,nan,0,nan,0,nan,0,nan,0,nan,0,nan,0,nan,0,nan,0
1597988327594968064,1597988327936999936,2020-08-21 13:38:47.937000,98.39,98.415,98.19,98.195,nan,98.298,29525,29022513050.0,71422,98.39,8,98.385,22,nan,0,nan,0,nan,0,nan,0,nan,0,nan,0,nan,0,nan,0
1597988328142135040,1597988328431000064,2020-08-21 13:38:48.431000,98.385,98.415,98.19,98.195,nan,98.298,29526,29023496900.0,71422,98.39,8,98.385,21,nan,0,nan,0,nan,0,nan,0,nan,0,nan,0,nan,0,nan,0
1597988328595620096,1597988328881999872,2020-08-21 13:38:48.882000,98.385,98.415,98.19,98.195,nan,98.298,29526,29023496900.0,71422,98.39,8,98.385,19,nan,0,nan,0,nan,0,nan,0,nan,0,nan,0,nan,0,nan,0
1597988329128765952,1597988329400000000,2020-08-21 13:38:49.400000,98.385,98.415,98.19,98.195,nan,98.298,29526,29023496900.0,71422,98.39,11,98.385,19,nan,0,nan,0,nan,0,nan,0,nan,0,nan,0,nan,0,nan,0
1597988329584449024,1597988329930000128,2020-08-21 13:38:49.930000,98.39,98.415,98.19,98.195,nan,98.298,29529,29026448600.0,71420,98.39,8,98.385,20,nan,0,nan,0,nan,0,nan,0,nan,0,nan,0,nan,0,nan,0
1597988330092638976,1597988330434000128,2020-08-21 13:38:50.434000,98.39,98.415,98.19,98.195,nan,98.298,29529,29026448600.0,71420,98.39,6,98.385,20,nan,0,nan,0,nan,0,nan,0,nan,0,nan,0,nan,0,nan,0
1597988330590861056,1597988330931000064,2020-08-21 13:38:50.931000,98.39,98.415,98.19,98.195,nan,98.298,29529,29026448600.0,71420,98.39,6,98.385,23,nan,0,nan,0,nan,0,nan,0,nan,0,nan,0,nan,0,nan,0
1597988331132164096,1597988331408000000,2020-08-21 13:38:51.408000,98.39,98.415,98.19,98.195,nan,98.298,29529,29026448600.0,71420,98.39,6,98.385,24,nan,0,nan,0,nan,0,nan,0,nan,0,nan,0,nan,0,nan,0
1597988333121017088,1597988333436000000,2020-08-21 13:38:53.436000,98.39,98.415,98.19,98.195,nan,98.298,29530,29027432500.0,71421,98.39,15,98.385,24,nan,0,nan,0,nan,0,nan,0,nan,0,nan,0,nan,0,nan,0
1597988333605050880,1597988333913000192,2020-08-21 13:38:53.913000,98.39,98.415,98.19,98.195,nan,98.298,29530,29027432500.0,71421,98.39,15,98.385,24,nan,0,nan,0,nan,0,nan,0,nan,0,nan,0,nan,0,nan,0
1597988334588376064,1597988334927000064,2020-08-21 13:38:54.927000,98.39,98.415,98.19,98.195,nan,98.298,29530,29027432500.0,71421,98.39,15,98.385,24,nan,0,nan,0,nan,0,nan,0,nan,0,nan,0,nan,0,nan,0
1597988335087532032,1597988335376000000,2020-08-21 13:38:55.376000,98.39,98.415,98.19,98.195,nan,98.298,29530,29027432500.0,71421,98.39,15,98.385,25,nan,0,nan,0,nan,0,nan,0,nan,0,nan,0,nan,0,nan,0
1597988336588527104,1597988336936999936,2020-08-21 13:38:56.937000,98.39,98.415,98.19,98.195,nan,98.298,29530,29027432500.0,71421,98.39,15,98.385,25,nan,0,nan,0,nan,0,nan,0,nan,0,nan,0,nan,0,nan,0
1597988337117353984,1597988337416999936,2020-08-21 13:38:57.417000,98.39,98.415,98.19,98.195,nan,98.298,29531,29028416400.0,71422,98.39,14,98.385,25,nan,0,nan,0,nan,0,nan,0,nan,0,nan,0,nan,0,nan,0
1597988337588320000,1597988337934000128,2020-08-21 13:38:57.934000,98.39,98.415,98.19,98.195,nan,98.298,29532,29029400300.0,71422,98.39,13,98.385,25,nan,0,nan,0,nan,0,nan,0,nan,0,nan,0,nan,0,nan,0
1597988338088142080,1597988338428000000,2020-08-21 13:38:58.428000,98.385,98.415,98.19,98.195,nan,98.298,29533,29030384150.0,71422,98.39,23,98.385,24,nan,0,nan,0,nan,0,nan,0,nan,0,nan,0,nan,0,nan,0
1597988338598836992,1597988338928999936,2020-08-21 13:38:58.929000,98.385,98.415,98.19,98.195,nan,98.298,29533,29030384150.0,71422,98.39,23,98.385,23,nan,0,nan,0,nan,0,nan,0,nan,0,nan,0,nan,0,nan,0
1597988339185178880,1597988339424000000,2020-08-21 13:38:59.424000,98.385,98.415,98.19,98.195,nan,98.298,29533,29030384150.0,71422,98.39,25,98.385,23,nan,0,nan,0,nan,0,nan,0,nan,0,nan,0,nan,0,nan,0
1597988339589903872,1597988339934000128,2020-08-21 13:38:59.934000,98.385,98.415,98.19,98.195,nan,98.298,29533,29030384150.0,71422,98.39,26,98.385,23,nan,0,nan,0,nan,0,nan,0,nan,0,nan,0,nan,0,nan,0
1597988340593041920,1597988340924000000,2020-08-21 13:39:00.924000,98.385,98.415,98.19,98.195,nan,98.298,29533,29030384150.0,71422,98.39,26,98.385,23,nan,0,nan,0,nan,0,nan,0,nan,0,nan,0,nan,0,nan,0
1597988341099698944,1597988341415000064,2020-08-21 13:39:01.415000,98.385,98.415,98.19,98.195,nan,98.298,29534,29031368000.0,71423,98.39,26,98.385,22,nan,0,nan,0,nan,0,nan,0,nan,0,nan,0,nan,0,nan,0
1597988342117506048,1597988342410000128,2020-08-21 13:39:02.410000,98.39,98.415,98.19,98.195,nan,98.298,29535,29032351900.0,71422,98.39,25,98.385,22,nan,0,nan,0,nan,0,nan,0,nan,0,nan,0,nan,0,nan,0
1597988342593782016,1597988342924999936,2020-08-21 13:39:02.925000,98.39,98.415,98.19,98.195,nan,98.298,29535,29032351900.0,71422,98.39,23,98.385,22,nan,0,nan,0,nan,0,nan,0,nan,0,nan,0,nan,0,nan,0
1597988343115471872,1597988343435000064,2020-08-21 13:39:03.435000,98.39,98.415,98.19,98.195,nan,98.298,29535,29032351900.0,71422,98.39,23,98.385,24,nan,0,nan,0,nan,0,nan,0,nan,0,nan,0,nan,0,nan,0
1597988344091302912,1597988344374000128,2020-08-21 13:39:04.374000,98.39,98.415,98.19,98.195,nan,98.298,29535,29032351900.0,71422,98.39,23,98.385,24,nan,0,nan,0,nan,0,nan,0,nan,0,nan,0,nan,0,nan,0
1597988345117772032,1597988345416999936,2020-08-21 13:39:05.417000,98.385,98.415,98.19,98.195,nan,98.298,29540,29037271150.0,71426,98.39,26,98.385,18,nan,0,nan,0,nan,0,nan,0,nan,0,nan,0,nan,0,nan,0
1597988345604547072,1597988345923000064,2020-08-21 13:39:05.923000,98.385,98.415,98.19,98.195,nan,98.298,29558,29054980450.0,71433,98.39,32,98.38,20,nan,0,nan,0,nan,0,nan,0,nan,0,nan,0,nan,0,nan,0
1597988346110406912,1597988346420999936,2020-08-21 13:39:06.421000,98.385,98.415,98.19,98.195,nan,98.298,29560,29056948150.0,71433,98.39,27,98.385,5,nan,0,nan,0,nan,0,nan,0,nan,0,nan,0,nan,0,nan,0
1597988346601917952,1597988346920000000,2020-08-21 13:39:06.920000,98.385,98.415,98.19,98.195,nan,98.298,29560,29056948150.0,71433,98.39,28,98.385,5,nan,0,nan,0,nan,0,nan,0,nan,0,nan,0,nan,0,nan,0
1597988347120983040,1597988347420999936,2020-08-21 13:39:07.421000,98.385,98.415,98.19,98.195,nan,98.298,29560,29056948150.0,71433,98.39,28,98.385,7,nan,0,nan,0,nan,0,nan,0,nan,0,nan,0,nan,0,nan,0
1597988347604528128,1597988347923000064,2020-08-21 13:39:07.923000,98.385,98.415,98.19,98.195,nan,98.298,29560,29056948150.0,71433,98.39,32,98.385,7,nan,0,nan,0,nan,0,nan,0,nan,0,nan,0,nan,0,nan,0
1597988348107180032,1597988348430000128,2020-08-21 13:39:08.430000,98.385,98.415,98.19,98.195,nan,98.298,29560,29056948150.0,71433,98.39,32,98.385,7,nan,0,nan,0,nan,0,nan,0,nan,0,nan,0,nan,0,nan,0
1597988348605758976,1597988348932000000,2020-08-21 13:39:08.932000,98.385,98.415,98.19,98.195,nan,98.298,29561,29057932000.0,71433,98.39,32,98.385,6,nan,0,nan,0,nan,0,nan,0,nan,0,nan,0,nan,0,nan,0
1597988349127508992,1597988349437999872,2020-08-21 13:39:09.438000,98.385,98.415,98.19,98.195,nan,98.298,29567,29063835100.0,71433,98.39,32,98.38,20,nan,0,nan,0,nan,0,nan,0,nan,0,nan,0,nan,0,nan,0
1597988349601852928,1597988349898000128,2020-08-21 13:39:09.898000,98.385,98.415,98.19,98.195,nan,98.298,29567,29063835100.0,71433,98.39,32,98.38,20,nan,0,nan,0,nan,0,nan,0,nan,0,nan,0,nan,0,nan,0
1597988350088250112,1597988350412000000,2020-08-21 13:39:10.412000,98.385,98.415,98.19,98.195,nan,98.298,29567,29063835100.0,71433,98.39,32,98.38,20,nan,0,nan,0,nan,0,nan,0,nan,0,nan,0,nan,0,nan,0
1597988350606254080,1597988350888000000,2020-08-21 13:39:10.888000,98.39,98.415,98.19,98.195,nan,98.298,29568,29064819000.0,71432,98.39,31,98.38,20,nan,0,nan,0,nan,0,nan,0,nan,0,nan,0,nan,0,nan,0
1597988351131730944,1597988351423000064,2020-08-21 13:39:11.423000,98.39,98.415,98.19,98.195,nan,98.298,29568,29064819000.0,71432,98.39,29,98.38,19,nan,0,nan,0,nan,0,nan,0,nan,0,nan,0,nan,0,nan,0
1597988351635143936,1597988351935000064,2020-08-21 13:39:11.935000,98.39,98.415,98.19,98.195,nan,98.298,29568,29064819000.0,71432,98.39,29,98.38,21,nan,0,nan,0,nan,0,nan,0,nan,0,nan,0,nan,0,nan,0
1597988352106006016,1597988352436999936,2020-08-21 13:39:12.437000,98.39,98.415,98.19,98.195,nan,98.298,29568,29064819000.0,71432,98.385,3,98.38,21,nan,0,nan,0,nan,0,nan,0,nan,0,nan,0,nan,0,nan,0
1597988352602757120,1597988352927000064,2020-08-21 13:39:12.927000,98.39,98.415,98.19,98.195,nan,98.298,29568,29064819000.0,71432,98.385,5,98.38,21,nan,0,nan,0,nan,0,nan,0,nan,0,nan,0,nan,0,nan,0
1597988353111311104,1597988353404999936,2020-08-21 13:39:13.405000,98.39,98.415,98.19,98.195,nan,98.298,29568,29064819000.0,71432,98.385,5,98.38,21,nan,0,nan,0,nan,0,nan,0,nan,0,nan,0,nan,0,nan,0
1597988353598842880,1597988353924999936,2020-08-21 13:39:13.925000,98.39,98.415,98.19,98.195,nan,98.298,29568,29064819000.0,71432,98.385,6,98.38,25,nan,0,nan,0,nan,0,nan,0,nan,0,nan,0,nan,0,nan,0
1597988354113294080,1597988354382999808,2020-08-21 13:39:14.383000,98.39,98.415,98.19,98.195,nan,98.298,29568,29064819000.0,71432,98.385,6,98.38,28,nan,0,nan,0,nan,0,nan,0,nan,0,nan,0,nan,0,nan,0
1597988354600083968,1597988354903000064,2020-08-21 13:39:14.903000,98.39,98.415,98.19,98.195,nan,98.298,29568,29064819000.0,71432,98.385,6,98.38,28,nan,0,nan,0,nan,0,nan,0,nan,0,nan,0,nan,0,nan,0
1597988355104942080,1597988355434000128,2020-08-21 13:39:15.434000,98.38,98.415,98.19,98.195,nan,98.298,29600,29096300800.0,71453,98.38,22,98.375,42,nan,0,nan,0,nan,0,nan,0,nan,0,nan,0,nan,0,nan,0
1597988355597536000,1597988355934000128,2020-08-21 13:39:15.934000,98.38,98.415,98.19,98.195,nan,98.298,29606,29102203600.0,71453,98.38,71,98.375,32,nan,0,nan,0,nan,0,nan,0,nan,0,nan,0,nan,0,nan,0
1597988356101969920,1597988356436000000,2020-08-21 13:39:16.436000,98.38,98.415,98.19,98.195,nan,98.298,29606,29102203600.0,71453,98.38,73,98.375,26,nan,0,nan,0,nan,0,nan,0,nan,0,nan,0,nan,0,nan,0
1597988356610981120,1597988356924999936,2020-08-21 13:39:16.925000,98.38,98.415,98.19,98.195,nan,98.298,29606,29102203600.0,71453,98.38,73,98.375,26,nan,0,nan,0,nan,0,nan,0,nan,0,nan,0,nan,0,nan,0
1597988357110834944,1597988357430000128,2020-08-21 13:39:17.430000,98.38,98.415,98.19,98.195,nan,98.298,29606,29102203600.0,71453,98.38,73,98.375,25,nan,0,nan,0,nan,0,nan,0,nan,0,nan,0,nan,0,nan,0
1597988357628769024,1597988357931000064,2020-08-21 13:39:17.931000,98.38,98.415,98.19,98.195,nan,98.298,29606,29102203600.0,71453,98.38,73,98.375,25,nan,0,nan,0,nan,0,nan,0,nan,0,nan,0,nan,0,nan,0
1597988358111096064,1597988358344000000,2020-08-21 13:39:18.344000,98.38,98.415,98.19,98.195,nan,98.298,29606,29102203600.0,71453,98.38,73,98.375,25,nan,0,nan,0,nan,0,nan,0,nan,0,nan,0,nan,0,nan,0
1597988358602769920,1597988358920000000,2020-08-21 13:39:18.920000,98.38,98.415,98.19,98.195,nan,98.298,29606,29102203600.0,71453,98.38,73,98.375,25,nan,0,nan,0,nan,0,nan,0,nan,0,nan,0,nan,0,nan,0
1597988359602050048,1597988359923000064,2020-08-21 13:39:19.923000,98.38,98.415,98.19,98.195,nan,98.298,29606,29102203600.0,71453,98.38,73,98.375,25,nan,0,nan,0,nan,0,nan,0,nan,0,nan,0,nan,0,nan,0
1597988361130242048,1597988361430000128,2020-08-21 13:39:21.430000,98.375,98.415,98.19,98.195,nan,98.298,29607,29103187350.0,71454,98.38,73,98.375,24,nan,0,nan,0,nan,0,nan,0,nan,0,nan,0,nan,0,nan,0
1597988361600058880,1597988361904000000,2020-08-21 13:39:21.904000,98.375,98.415,98.19,98.195,nan,98.298,29608,29104171100.0,71454,98.38,75,98.375,23,nan,0,nan,0,nan,0,nan,0,nan,0,nan,0,nan,0,nan,0
1597988362102435072,1597988362424999936,2020-08-21 13:39:22.425000,98.375,98.415,98.19,98.195,nan,98.298,29608,29104171100.0,71454,98.38,75,98.375,23,nan,0,nan,0,nan,0,nan,0,nan,0,nan,0,nan,0,nan,0
1597988363128295936,1597988363433000192,2020-08-21 13:39:23.433000,98.375,98.415,98.19,98.195,nan,98.298,29608,29104171100.0,71454,98.38,75,98.375,24,nan,0,nan,0,nan,0,nan,0,nan,0,nan,0,nan,0,nan,0
1597988363610790912,1597988363923000064,2020-08-21 13:39:23.923000,98.375,98.415,98.19,98.195,nan,98.298,29608,29104171100.0,71454,98.38,75,98.375,24,nan,0,nan,0,nan,0,nan,0,nan,0,nan,0,nan,0,nan,0
1597988364635981056,1597988364924999936,2020-08-21 13:39:24.925000,98.38,98.415,98.19,98.195,nan,98.298,29609,29105154900.0,71455,98.38,74,98.375,24,nan,0,nan,0,nan,0,nan,0,nan,0,nan,0,nan,0,nan,0
1597988365104203008,1597988365427000064,2020-08-21 13:39:25.427000,98.38,98.415,98.19,98.195,nan,98.298,29609,29105154900.0,71455,98.38,72,98.375,24,nan,0,nan,0,nan,0,nan,0,nan,0,nan,0,nan,0,nan,0
1597988365616271872,1597988365927000064,2020-08-21 13:39:25.927000,98.38,98.415,98.19,98.195,nan,98.298,29609,29105154900.0,71455,98.38,72,98.375,26,nan,0,nan,0,nan,0,nan,0,nan,0,nan,0,nan,0,nan,0
1597988366609209088,1597988366920000000,2020-08-21 13:39:26.920000,98.38,98.415,98.19,98.195,nan,98.298,29610,29106138700.0,71455,98.38,71,98.375,26,nan,0,nan,0,nan,0,nan,0,nan,0,nan,0,nan,0,nan,0
1597988367138434048,1597988367416000000,2020-08-21 13:39:27.416000,98.38,98.415,98.19,98.195,nan,98.298,29610,29106138700.0,71455,98.38,72,98.375,26,nan,0,nan,0,nan,0,nan,0,nan,0,nan,0,nan,0,nan,0
1597988368101124096,1597988368420999936,2020-08-21 13:39:28.421000,98.38,98.415,98.19,98.195,nan,98.298,29610,29106138700.0,71455,98.38,72,98.375,27,nan,0,nan,0,nan,0,nan,0,nan,0,nan,0,nan,0,nan,0
1597988369623408128,1597988369829999872,2020-08-21 13:39:29.830000,98.38,98.415,98.19,98.195,nan,98.298,29610,29106138700.0,71455,98.38,72,98.375,27,nan,0,nan,0,nan,0,nan,0,nan,0,nan,0,nan,0,nan,0
1597988370125966080,1597988370428999936,2020-08-21 13:39:30.429000,98.38,98.415,98.19,98.195,nan,98.298,29610,29106138700.0,71455,98.38,72,98.375,27,nan,0,nan,0,nan,0,nan,0,nan,0,nan,0,nan,0,nan,0
1597988370610746112,1597988370926000128,2020-08-21 13:39:30.926000,98.38,98.415,98.19,98.195,nan,98.298,29610,29106138700.0,71455,98.38,72,98.375,27,nan,0,nan,0,nan,0,nan,0,nan,0,nan,0,nan,0,nan,0
1597988372122305024,1597988372426000128,2020-08-21 13:39:32.426000,98.38,98.415,98.19,98.195,nan,98.298,29610,29106138700.0,71455,98.38,72,98.375,27,nan,0,nan,0,nan,0,nan,0,nan,0,nan,0,nan,0,nan,0
1597988372606419968,1597988372927000064,2020-08-21 13:39:32.927000,98.38,98.415,98.19,98.195,nan,98.298,29610,29106138700.0,71455,98.38,72,98.375,27,nan,0,nan,0,nan,0,nan,0,nan,0,nan,0,nan,0,nan,0
1597988373131777024,1597988373426000128,2020-08-21 13:39:33.426000,98.375,98.415,98.19,98.195,nan,98.298,29623,29118927450.0,71461,98.38,74,98.375,11,nan,0,nan,0,nan,0,nan,0,nan,0,nan,0,nan,0,nan,0
1597988373627417088,1597988373934000128,2020-08-21 13:39:33.934000,98.38,98.415,98.19,98.195,nan,98.298,29634,29129748950.0,71466,98.38,69,98.375,3,nan,0,nan,0,nan,0,nan,0,nan,0,nan,0,nan,0,nan,0
1597988374129852928,1597988374433000192,2020-08-21 13:39:34.433000,98.38,98.415,98.19,98.195,nan,98.298,29634,29129748950.0,71466,98.38,68,98.375,5,nan,0,nan,0,nan,0,nan,0,nan,0,nan,0,nan,0,nan,0
1597988374677602048,1597988374936999936,2020-08-21 13:39:34.937000,98.38,98.415,98.19,98.195,nan,98.298,29634,29129748950.0,71466,98.38,68,98.375,5,nan,0,nan,0,nan,0,nan,0,nan,0,nan,0,nan,0,nan,0
1597988375621629952,1597988375897000192,2020-08-21 13:39:35.897000,98.38,98.415,98.19,98.195,nan,98.298,29634,29129748950.0,71466,98.38,68,98.375,5,nan,0,nan,0,nan,0,nan,0,nan,0,nan,0,nan,0,nan,0
1597988376128754944,1597988376411000064,2020-08-21 13:39:36.411000,98.38,98.415,98.19,98.195,nan,98.298,29634,29129748950.0,71466,98.38,18,98.375,5,nan,0,nan,0,nan,0,nan,0,nan,0,nan,0,nan,0,nan,0
1597988376618445056,1597988376935000064,2020-08-21 13:39:36.935000,98.38,98.415,98.19,98.195,nan,98.298,29634,29129748950.0,71466,98.38,18,98.375,12,nan,0,nan,0,nan,0,nan,0,nan,0,nan,0,nan,0,nan,0
1597988377143170048,1597988377420999936,2020-08-21 13:39:37.421000,98.38,98.415,98.19,98.195,nan,98.298,29653,29148441150.0,71470,98.385,7,98.38,9,nan,0,nan,0,nan,0,nan,0,nan,0,nan,0,nan,0,nan,0
1597988377621494016,1597988377936000000,2020-08-21 13:39:37.936000,98.38,98.415,98.19,98.195,nan,98.298,29663,29158279150.0,71476,98.385,8,98.38,3,nan,0,nan,0,nan,0,nan,0,nan,0,nan,0,nan,0,nan,0
1597988378125366016,1597988378437999872,2020-08-21 13:39:38.438000,98.38,98.415,98.19,98.195,nan,98.298,29666,29161230550.0,71476,98.385,10,98.38,2,nan,0,nan,0,nan,0,nan,0,nan,0,nan,0,nan,0,nan,0
1597988378626086912,1597988378920999936,2020-08-21 13:39:38.921000,98.385,98.415,98.19,98.195,nan,98.299,29669,29164182000.0,71477,98.385,12,98.38,2,nan,0,nan,0,nan,0,nan,0,nan,0,nan,0,nan,0,nan,0
1597988379136940032,1597988379394000128,2020-08-21 13:39:39.394000,98.385,98.415,98.19,98.195,nan,98.299,29669,29164182000.0,71477,98.385,13,98.38,1,nan,0,nan,0,nan,0,nan,0,nan,0,nan,0,nan,0,nan,0
1597988379636012032,1597988379928000000,2020-08-21 13:39:39.928000,98.38,98.415,98.19,98.195,nan,98.299,29670,29165165800.0,71478,98.385,12,98.38,2,nan,0,nan,0,nan,0,nan,0,nan,0,nan,0,nan,0,nan,0
1597988380144711936,1597988380382999808,2020-08-21 13:39:40.383000,98.38,98.415,98.19,98.195,nan,98.299,29671,29166149600.0,71478,98.385,13,98.375,17,nan,0,nan,0,nan,0,nan,0,nan,0,nan,0,nan,0,nan,0
1597988380660790016,1597988380934000128,2020-08-21 13:39:40.934000,98.38,98.415,98.19,98.195,nan,98.299,29671,29166149600.0,71478,98.385,15,98.375,17,nan,0,nan,0,nan,0,nan,0,nan,0,nan,0,nan,0,nan,0
1597988381164028928,1597988381404000000,2020-08-21 13:39:41.404000,98.38,98.415,98.19,98.195,nan,98.299,29671,29166149600.0,71478,98.385,15,98.38,10,nan,0,nan,0,nan,0,nan,0,nan,0,nan,0,nan,0,nan,0
1597988381645645056,1597988382213999872,2020-08-21 13:39:42.214000,98.38,98.415,98.19,98.195,nan,98.299,29671,29166149600.0,71478,98.385,15,98.38,11,nan,0,nan,0,nan,0,nan,0,nan,0,nan,0,nan,0,nan,0
1597988382149894912,1597988382435000064,2020-08-21 13:39:42.435000,98.38,98.415,98.19,98.195,nan,98.299,29671,29166149600.0,71478,98.385,15,98.38,11,nan,0,nan,0,nan,0,nan,0,nan,0,nan,0,nan,0,nan,0
1597988382624176896,1597988382921999872,2020-08-21 13:39:42.922000,98.38,98.415,98.19,98.195,nan,98.299,29671,29166149600.0,71478,98.385,15,98.38,11,nan,0,nan,0,nan,0,nan,0,nan,0,nan,0,nan,0,nan,0
1597988383124809984,1597988383423000064,2020-08-21 13:39:43.423000,98.38,98.415,98.19,98.195,nan,98.299,29671,29166149600.0,71478,98.385,15,98.38,11,nan,0,nan,0,nan,0,nan,0,nan,0,nan,0,nan,0,nan,0
1597988383635185920,1597988383916000000,2020-08-21 13:39:43.916000,98.38,98.415,98.19,98.195,nan,98.299,29671,29166149600.0,71478,98.385,15,98.38,11,nan,0,nan,0,nan,0,nan,0,nan,0,nan,0,nan,0,nan,0
1597988384140549888,1597988384434000128,2020-08-21 13:39:44.434000,98.38,98.415,98.19,98.195,nan,98.299,29671,29166149600.0,71478,98.385,16,98.38,13,nan,0,nan,0,nan,0,nan,0,nan,0,nan,0,nan,0,nan,0
1597988384629940992,1597988384924000000,2020-08-21 13:39:44.924000,98.38,98.415,98.19,98.195,nan,98.299,29671,29166149600.0,71478,98.385,16,98.38,13,nan,0,nan,0,nan,0,nan,0,nan,0,nan,0,nan,0,nan,0
1597988385626942976,1597988385924000000,2020-08-21 13:39:45.924000,98.38,98.415,98.19,98.195,nan,98.299,29671,29166149600.0,71478,98.385,16,98.38,13,nan,0,nan,0,nan,0,nan,0,nan,0,nan,0,nan,0,nan,0
1597988386630012928,1597988386927000064,2020-08-21 13:39:46.927000,98.38,98.415,98.19,98.195,nan,98.299,29671,29166149600.0,71478,98.385,17,98.38,13,nan,0,nan,0,nan,0,nan,0,nan,0,nan,0,nan,0,nan,0
1597988387152395008,1597988387426000128,2020-08-21 13:39:47.426000,98.38,98.415,98.19,98.195,nan,98.299,29672,29167133400.0,71477,98.385,17,98.38,12,nan,0,nan,0,nan,0,nan,0,nan,0,nan,0,nan,0,nan,0
1597988387643001088,1597988388076000000,2020-08-21 13:39:48.076000,98.38,98.415,98.19,98.195,nan,98.299,29673,29168117200.0,71476,98.385,17,98.38,21,nan,0,nan,0,nan,0,nan,0,nan,0,nan,0,nan,0,nan,0
1597988388152925952,1597988388436999936,2020-08-21 13:39:48.437000,98.38,98.415,98.19,98.195,nan,98.299,29690,29184841800.0,71466,98.385,17,98.38,4,nan,0,nan,0,nan,0,nan,0,nan,0,nan,0,nan,0,nan,0
1597988388642007040,1597988389175000064,2020-08-21 13:39:49.175000,98.38,98.415,98.19,98.195,nan,98.299,29694,29188777000.0,71467,98.38,2,98.375,17,nan,0,nan,0,nan,0,nan,0,nan,0,nan,0,nan,0,nan,0
1597988389135224064,1597988389374000128,2020-08-21 13:39:49.374000,98.38,98.415,98.19,98.195,nan,98.299,29694,29188777000.0,71467,98.38,6,98.375,17,nan,0,nan,0,nan,0,nan,0,nan,0,nan,0,nan,0,nan,0
1597988389629549056,1597988389934000128,2020-08-21 13:39:49.934000,98.38,98.415,98.19,98.195,nan,98.299,29696,29190744600.0,71468,98.38,4,98.375,16,nan,0,nan,0,nan,0,nan,0,nan,0,nan,0,nan,0,nan,0
1597988390175311104,1597988390432000000,2020-08-21 13:39:50.432000,98.38,98.415,98.19,98.195,nan,98.299,29696,29190744600.0,71468,98.385,18,98.375,16,nan,0,nan,0,nan,0,nan,0,nan,0,nan,0,nan,0,nan,0
1597988390619066880,1597988390937999872,2020-08-21 13:39:50.938000,98.38,98.415,98.19,98.195,nan,98.299,29696,29190744600.0,71468,98.385,21,98.375,16,nan,0,nan,0,nan,0,nan,0,nan,0,nan,0,nan,0,nan,0
1597988391133664000,1597988391348000000,2020-08-21 13:39:51.348000,98.375,98.415,98.19,98.195,nan,98.299,29702,29196647100.0,71465,98.38,2,98.375,10,nan,0,nan,0,nan,0,nan,0,nan,0,nan,0,nan,0,nan,0
1597988391630799104,1597988391932000000,2020-08-21 13:39:51.932000,98.375,98.415,98.19,98.195,nan,98.299,29702,29196647100.0,71465,98.38,12,98.375,11,nan,0,nan,0,nan,0,nan,0,nan,0,nan,0,nan,0,nan,0
1597988392127791104,1597988392435000064,2020-08-21 13:39:52.435000,98.38,98.415,98.19,98.195,nan,98.299,29704,29198614700.0,71463,98.38,14,98.375,13,nan,0,nan,0,nan,0,nan,0,nan,0,nan,0,nan,0,nan,0
1597988392623102976,1597988392937999872,2020-08-21 13:39:52.938000,98.38,98.415,98.19,98.195,nan,98.299,29714,29208452700.0,71467,98.38,3,98.375,13,nan,0,nan,0,nan,0,nan,0,nan,0,nan,0,nan,0,nan,0
1597988393159417088,1597988393432000000,2020-08-21 13:39:53.432000,98.38,98.415,98.19,98.195,nan,98.299,29717,29211404100.0,71468,98.385,11,98.375,15,nan,0,nan,0,nan,0,nan,0,nan,0,nan,0,nan,0,nan,0
1597988393625264128,1597988393904999936,2020-08-21 13:39:53.905000,98.375,98.415,98.19,98.195,nan,98.299,29735,29229111800.0,71462,98.38,4,98.375,1,nan,0,nan,0,nan,0,nan,0,nan,0,nan,0,nan,0,nan,0
1597988394162888960,1597988394424999936,2020-08-21 13:39:54.425000,98.375,98.415,98.19,98.195,nan,98.299,29735,29229111800.0,71462,98.38,9,98.37,23,nan,0,nan,0,nan,0,nan,0,nan,0,nan,0,nan,0,nan,0
1597988394648907008,1597988394903000064,2020-08-21 13:39:54.903000,98.375,98.415,98.19,98.195,nan,98.299,29735,29229111800.0,71462,98.38,14,98.37,23,nan,0,nan,0,nan,0,nan,0,nan,0,nan,0,nan,0,nan,0
1597988395143756032,1597988395416000000,2020-08-21 13:39:55.416000,98.375,98.415,98.19,98.195,nan,98.299,29735,29229111800.0,71462,98.38,15,98.37,23,nan,0,nan,0,nan,0,nan,0,nan,0,nan,0,nan,0,nan,0
1597988395645761024,1597988395937999872,2020-08-21 13:39:55.938000,98.375,98.415,98.19,98.195,nan,98.299,29735,29229111800.0,71462,98.38,15,98.37,22,nan,0,nan,0,nan,0,nan,0,nan,0,nan,0,nan,0,nan,0
1597988396161534976,1597988396436000000,2020-08-21 13:39:56.436000,98.375,98.415,98.19,98.195,nan,98.299,29735,29229111800.0,71462,98.38,16,98.375,1,nan,0,nan,0,nan,0,nan,0,nan,0,nan,0,nan,0,nan,0
1597988396649241088,1597988396937999872,2020-08-21 13:39:56.938000,98.375,98.415,98.19,98.195,nan,98.299,29736,29230095550.0,71463,98.375,4,98.37,22,nan,0,nan,0,nan,0,nan,0,nan,0,nan,0,nan,0,nan,0
1597988397174919936,1597988397437999872,2020-08-21 13:39:57.438000,98.375,98.415,98.19,98.195,nan,98.299,29737,29231079300.0,71463,98.375,1,98.37,22,nan,0,nan,0,nan,0,nan,0,nan,0,nan,0,nan,0,nan,0
1597988397653867008,1597988397901999872,2020-08-21 13:39:57.902000,98.375,98.415,98.19,98.195,nan,98.299,29738,29232063050.0,71463,98.38,15,98.37,24,nan,0,nan,0,nan,0,nan,0,nan,0,nan,0,nan,0,nan,0
1597988398149196032,1597988398421999872,2020-08-21 13:39:58.422000,98.375,98.415,98.19,98.195,nan,98.299,29738,29232063050.0,71463,98.38,17,98.37,25,nan,0,nan,0,nan,0,nan,0,nan,0,nan,0,nan,0,nan,0
1597988398645615104,1597988398860999936,2020-08-21 13:39:58.861000,98.375,98.415,98.19,98.195,nan,98.299,29738,29232063050.0,71463,98.38,17,98.37,25,nan,0,nan,0,nan,0,nan,0,nan,0,nan,0,nan,0,nan,0
1597988399152553984,1597988399408999936,2020-08-21 13:39:59.409000,98.375,98.415,98.19,98.195,nan,98.299,29738,29232063050.0,71463,98.38,17,98.375,1,nan,0,nan,0,nan,0,nan,0,nan,0,nan,0,nan,0,nan,0
1597988399626944000,1597988399924999936,2020-08-21 13:39:59.925000,98.375,98.415,98.19,98.195,nan,98.299,29738,29232063050.0,71463,98.38,17,98.375,4,nan,0,nan,0,nan,0,nan,0,nan,0,nan,0,nan,0,nan,0
1597988400149451008,1597988400420999936,2020-08-21 13:40:00.421000,98.375,98.415,98.19,98.195,nan,98.299,29741,29235014300.0,71462,98.38,17,98.375,3,nan,0,nan,0,nan,0,nan,0,nan,0,nan,0,nan,0,nan,0
1597988400635862016,1597988400937999872,2020-08-21 13:40:00.938000,98.38,98.415,98.19,98.195,nan,98.299,29745,29238949500.0,71458,98.38,13,98.375,6,nan,0,nan,0,nan,0,nan,0,nan,0,nan,0,nan,0,nan,0
1597988401123937024,1597988401428999936,2020-08-21 13:40:01.429000,98.38,98.415,98.19,98.195,nan,98.299,29749,29242884700.0,71460,98.38,7,98.375,6,nan,0,nan,0,nan,0,nan,0,nan,0,nan,0,nan,0,nan,0
1597988401647420928,1597988402176000000,2020-08-21 13:40:02.176000,98.38,98.415,98.19,98.195,nan,98.299,29751,29244852300.0,71461,98.38,5,98.375,10,nan,0,nan,0,nan,0,nan,0,nan,0,nan,0,nan,0,nan,0
1597988402157143040,1597988402413000192,2020-08-21 13:40:02.413000,98.375,98.415,98.19,98.195,nan,98.299,29760,29253706100.0,71458,98.38,7,98.375,3,nan,0,nan,0,nan,0,nan,0,nan,0,nan,0,nan,0,nan,0
1597988402640155904,1597988403240999936,2020-08-21 13:40:03.241000,98.38,98.415,98.19,98.195,nan,98.299,29761,29254689900.0,71459,98.38,7,98.375,2,nan,0,nan,0,nan,0,nan,0,nan,0,nan,0,nan,0,nan,0
1597988403149508096,1597988403432000000,2020-08-21 13:40:03.432000,98.38,98.415,98.19,98.195,nan,98.299,29761,29254689900.0,71459,98.38,7,98.375,5,nan,0,nan,0,nan,0,nan,0,nan,0,nan,0,nan,0,nan,0
1597988403631836928,1597988403924000000,2020-08-21 13:40:03.924000,98.38,98.415,98.19,98.195,nan,98.299,29761,29254689900.0,71459,98.38,7,98.375,5,nan,0,nan,0,nan,0,nan,0,nan,0,nan,0,nan,0,nan,0
1597988404027213056,1597988404411000064,2020-08-21 13:40:04.411000,98.38,98.415,98.19,98.195,nan,98.299,29762,29255673700.0,71458,98.38,6,98.375,5,nan,0,nan,0,nan,0,nan,0,nan,0,nan,0,nan,0,nan,0
1597988404540663040,1597988404903000064,2020-08-21 13:40:04.903000,98.38,98.415,98.19,98.195,nan,98.299,29762,29255673700.0,71458,98.38,8,98.375,5,nan,0,nan,0,nan,0,nan,0,nan,0,nan,0,nan,0,nan,0
1597988405031222016,1597988405420000000,2020-08-21 13:40:05.420000,98.38,98.415,98.19,98.195,nan,98.299,29762,29255673700.0,71458,98.38,8,98.375,5,nan,0,nan,0,nan,0,nan,0,nan,0,nan,0,nan,0,nan,0
1597988405533776896,1597988405897000192,2020-08-21 13:40:05.897000,98.38,98.415,98.19,98.195,nan,98.299,29762,29255673700.0,71458,98.38,8,98.375,5,nan,0,nan,0,nan,0,nan,0,nan,0,nan,0,nan,0,nan,0
1597988406540180992,1597988406927000064,2020-08-21 13:40:06.927000,98.38,98.415,98.19,98.195,nan,98.299,29762,29255673700.0,71458,98.38,8,98.375,5,nan,0,nan,0,nan,0,nan,0,nan,0,nan,0,nan,0,nan,0
1597988407043440128,1597988407437999872,2020-08-21 13:40:07.438000,98.38,98.415,98.19,98.195,nan,98.299,29762,29255673700.0,71458,98.38,7,98.375,5,nan,0,nan,0,nan,0,nan,0,nan,0,nan,0,nan,0,nan,0
1597988408094339072,1597988408431000064,2020-08-21 13:40:08.431000,98.375,98.415,98.19,98.195,nan,98.299,29767,29260592450.0,71462,98.38,10,98.37,25,nan,0,nan,0,nan,0,nan,0,nan,0,nan,0,nan,0,nan,0
1597988408547352064,1597988408918999808,2020-08-21 13:40:08.919000,98.375,98.415,98.19,98.195,nan,98.299,29768,29261576200.0,71463,98.38,10,98.375,7,nan,0,nan,0,nan,0,nan,0,nan,0,nan,0,nan,0,nan,0
1597988409080779008,1597988409415000064,2020-08-21 13:40:09.415000,98.375,98.415,98.19,98.195,nan,98.299,29768,29261576200.0,71463,98.38,10,98.375,9,nan,0,nan,0,nan,0,nan,0,nan,0,nan,0,nan,0,nan,0
1597988409550470912,1597988409904999936,2020-08-21 13:40:09.905000,98.38,98.415,98.19,98.195,nan,98.299,29770,29263543800.0,71463,98.38,10,98.375,10,nan,0,nan,0,nan,0,nan,0,nan,0,nan,0,nan,0,nan,0
1597988410054140928,1597988410403000064,2020-08-21 13:40:10.403000,98.38,98.415,98.19,98.195,nan,98.299,29770,29263543800.0,71463,98.38,10,98.375,10,nan,0,nan,0,nan,0,nan,0,nan,0,nan,0,nan,0,nan,0
1597988410561551872,1597988410931000064,2020-08-21 13:40:10.931000,98.38,98.415,98.19,98.195,nan,98.299,29770,29263543800.0,71463,98.38,10,98.375,10,nan,0,nan,0,nan,0,nan,0,nan,0,nan,0,nan,0,nan,0
1597988411043973888,1597988411436000000,2020-08-21 13:40:11.436000,98.38,98.415,98.19,98.195,nan,98.299,29770,29263543800.0,71463,98.38,10,98.375,9,nan,0,nan,0,nan,0,nan,0,nan,0,nan,0,nan,0,nan,0
1597988411546328064,1597988411924999936,2020-08-21 13:40:11.925000,98.38,98.415,98.19,98.195,nan,98.299,29770,29263543800.0,71463,98.38,8,98.375,9,nan,0,nan,0,nan,0,nan,0,nan,0,nan,0,nan,0,nan,0
1597988412048058112,1597988412411000064,2020-08-21 13:40:12.411000,98.375,98.415,98.19,98.195,nan,98.299,29771,29264527550.0,71464,98.38,8,98.375,8,nan,0,nan,0,nan,0,nan,0,nan,0,nan,0,nan,0,nan,0
1597988412541771008,1597988412930000128,2020-08-21 13:40:12.930000,98.375,98.415,98.19,98.195,nan,98.299,29771,29264527550.0,71464,98.38,19,98.375,10,nan,0,nan,0,nan,0,nan,0,nan,0,nan,0,nan,0,nan,0
1597988413056121088,1597988413426000128,2020-08-21 13:40:13.426000,98.375,98.415,98.19,98.195,nan,98.299,29771,29264527550.0,71464,98.38,19,98.375,9,nan,0,nan,0,nan,0,nan,0,nan,0,nan,0,nan,0,nan,0
1597988414101344000,1597988414356000000,2020-08-21 13:40:14.356000,98.38,98.415,98.19,98.195,nan,98.299,29772,29265511350.0,71464,98.38,18,98.375,11,nan,0,nan,0,nan,0,nan,0,nan,0,nan,0,nan,0,nan,0
1597988414552186112,1597988414920999936,2020-08-21 13:40:14.921000,98.38,98.415,98.19,98.195,nan,98.299,29772,29265511350.0,71464,98.38,29,98.375,11,nan,0,nan,0,nan,0,nan,0,nan,0,nan,0,nan,0,nan,0
1597988415044033024,1597988415437999872,2020-08-21 13:40:15.438000,98.38,98.415,98.19,98.195,nan,98.299,29772,29265511350.0,71464,98.38,29,98.375,10,nan,0,nan,0,nan,0,nan,0,nan,0,nan,0,nan,0,nan,0
1597988415545414912,1597988415935000064,2020-08-21 13:40:15.935000,98.38,98.415,98.19,98.195,nan,98.299,29772,29265511350.0,71464,98.38,29,98.375,10,nan,0,nan,0,nan,0,nan,0,nan,0,nan,0,nan,0,nan,0
1597988417562238976,1597988417892999936,2020-08-21 13:40:17.893000,98.38,98.415,98.19,98.195,nan,98.299,29772,29265511350.0,71464,98.38,29,98.375,11,nan,0,nan,0,nan,0,nan,0,nan,0,nan,0,nan,0,nan,0
1597988418079695104,1597988418427000064,2020-08-21 13:40:18.427000,98.38,98.415,98.19,98.195,nan,98.299,29772,29265511350.0,71464,98.38,29,98.375,21,nan,0,nan,0,nan,0,nan,0,nan,0,nan,0,nan,0,nan,0
1597988418556567040,1597988418917999872,2020-08-21 13:40:18.918000,98.38,98.415,98.19,98.195,nan,98.299,29776,29269446400.0,71463,98.38,27,98.375,19,nan,0,nan,0,nan,0,nan,0,nan,0,nan,0,nan,0,nan,0
1597988419552838912,1597988419924999936,2020-08-21 13:40:19.925000,98.38,98.415,98.19,98.195,nan,98.299,29776,29269446400.0,71463,98.38,27,98.375,19,nan,0,nan,0,nan,0,nan,0,nan,0,nan,0,nan,0,nan,0
1597988420563688960,1597988420932000000,2020-08-21 13:40:20.932000,98.38,98.415,98.19,98.195,nan,98.299,29776,29269446400.0,71463,98.38,27,98.375,20,nan,0,nan,0,nan,0,nan,0,nan,0,nan,0,nan,0,nan,0
1597988421566076928,1597988421928000000,2020-08-21 13:40:21.928000,98.38,98.415,98.19,98.195,nan,98.299,29776,29269446400.0,71463,98.38,27,98.375,19,nan,0,nan,0,nan,0,nan,0,nan,0,nan,0,nan,0,nan,0
1597988422057144064,1597988422401999872,2020-08-21 13:40:22.402000,98.375,98.415,98.19,98.195,nan,98.299,29777,29270430150.0,71464,98.38,27,98.375,29,nan,0,nan,0,nan,0,nan,0,nan,0,nan,0,nan,0,nan,0
1597988422558594048,1597988422921999872,2020-08-21 13:40:22.922000,98.375,98.415,98.19,98.195,nan,98.299,29777,29270430150.0,71464,98.38,28,98.375,29,nan,0,nan,0,nan,0,nan,0,nan,0,nan,0,nan,0,nan,0
1597988423545635072,1597988423857000192,2020-08-21 13:40:23.857000,98.375,98.415,98.19,98.195,nan,98.299,29777,29270430150.0,71464,98.38,28,98.375,32,nan,0,nan,0,nan,0,nan,0,nan,0,nan,0,nan,0,nan,0
1597988424175719936,1597988424434000128,2020-08-21 13:40:24.434000,98.38,98.415,98.19,98.195,nan,98.299,29778,29271413950.0,71463,98.38,27,98.375,34,nan,0,nan,0,nan,0,nan,0,nan,0,nan,0,nan,0,nan,0
1597988424547374080,1597988424924000000,2020-08-21 13:40:24.924000,98.38,98.415,98.19,98.195,nan,98.299,29778,29271413950.0,71463,98.38,29,98.375,34,nan,0,nan,0,nan,0,nan,0,nan,0,nan,0,nan,0,nan,0
1597988425053861888,1597988425424999936,2020-08-21 13:40:25.425000,98.38,98.415,98.19,98.195,nan,98.299,29790,29283219550.0,71470,98.38,15,98.375,35,nan,0,nan,0,nan,0,nan,0,nan,0,nan,0,nan,0,nan,0
1597988425562947072,1597988425930000128,2020-08-21 13:40:25.930000,98.38,98.415,98.19,98.195,nan,98.299,29805,29297976550.0,71472,98.385,13,98.38,2,nan,0,nan,0,nan,0,nan,0,nan,0,nan,0,nan,0,nan,0
1597988426118448128,1597988426431000064,2020-08-21 13:40:26.431000,98.38,98.415,98.19,98.195,nan,98.299,29805,29297976550.0,71472,98.385,13,98.38,4,nan,0,nan,0,nan,0,nan,0,nan,0,nan,0,nan,0,nan,0
1597988426560481024,1597988426934000128,2020-08-21 13:40:26.934000,98.38,98.415,98.19,98.195,nan,98.299,29805,29297976550.0,71472,98.385,11,98.38,7,nan,0,nan,0,nan,0,nan,0,nan,0,nan,0,nan,0,nan,0
1597988427043153920,1597988427434000128,2020-08-21 13:40:27.434000,98.38,98.415,98.19,98.195,nan,98.299,29812,29304863150.0,71470,98.385,14,98.38,12,nan,0,nan,0,nan,0,nan,0,nan,0,nan,0,nan,0,nan,0
1597988427543676928,1597988427918999808,2020-08-21 13:40:27.919000,98.38,98.415,98.19,98.195,nan,98.299,29817,29309782150.0,71470,98.385,13,98.38,7,nan,0,nan,0,nan,0,nan,0,nan,0,nan,0,nan,0,nan,0
1597988428041907968,1597988428412000000,2020-08-21 13:40:28.412000,98.38,98.415,98.19,98.195,nan,98.299,29817,29309782150.0,71470,98.385,13,98.38,7,nan,0,nan,0,nan,0,nan,0,nan,0,nan,0,nan,0,nan,0
1597988428560684032,1597988428924999936,2020-08-21 13:40:28.925000,98.38,98.415,98.19,98.195,nan,98.299,29817,29309782150.0,71470,98.385,13,98.38,7,nan,0,nan,0,nan,0,nan,0,nan,0,nan,0,nan,0,nan,0
1597988429080174080,1597988429424999936,2020-08-21 13:40:29.425000,98.385,98.415,98.19,98.195,nan,98.299,29819,29311749850.0,71472,98.385,11,98.38,9,nan,0,nan,0,nan,0,nan,0,nan,0,nan,0,nan,0,nan,0
1597988429550600960,1597988429936999936,2020-08-21 13:40:29.937000,98.385,98.415,98.19,98.195,nan,98.299,29820,29312733700.0,71471,98.385,10,98.38,13,nan,0,nan,0,nan,0,nan,0,nan,0,nan,0,nan,0,nan,0
1597988430045145088,1597988430434000128,2020-08-21 13:40:30.434000,98.385,98.415,98.19,98.195,nan,98.299,29820,29312733700.0,71471,98.385,9,98.38,13,nan,0,nan,0,nan,0,nan,0,nan,0,nan,0,nan,0,nan,0
1597988430545042944,1597988430927000064,2020-08-21 13:40:30.927000,98.385,98.415,98.19,98.195,nan,98.299,29820,29312733700.0,71471,98.385,10,98.38,13,nan,0,nan,0,nan,0,nan,0,nan,0,nan,0,nan,0,nan,0
1597988431045545984,1597988431431000064,2020-08-21 13:40:31.431000,98.385,98.415,98.19,98.195,nan,98.299,29820,29312733700.0,71471,98.385,10,98.38,13,nan,0,nan,0,nan,0,nan,0,nan,0,nan,0,nan,0,nan,0
1597988431561193984,1597988431912000000,2020-08-21 13:40:31.912000,98.385,98.415,98.19,98.195,nan,98.299,29820,29312733700.0,71471,98.385,10,98.38,14,nan,0,nan,0,nan,0,nan,0,nan,0,nan,0,nan,0,nan,0
1597988432079013888,1597988432428000000,2020-08-21 13:40:32.428000,98.385,98.415,98.19,98.195,nan,98.299,29820,29312733700.0,71471,98.385,10,98.38,12,nan,0,nan,0,nan,0,nan,0,nan,0,nan,0,nan,0,nan,0
1597988432552002048,1597988432936999936,2020-08-21 13:40:32.937000,98.385,98.415,98.19,98.195,nan,98.299,29820,29312733700.0,71471,98.385,11,98.38,12,nan,0,nan,0,nan,0,nan,0,nan,0,nan,0,nan,0,nan,0
1597988433096175104,1597988433437999872,2020-08-21 13:40:33.438000,98.385,98.415,98.19,98.195,nan,98.299,29820,29312733700.0,71471,98.385,11,98.38,12,nan,0,nan,0,nan,0,nan,0,nan,0,nan,0,nan,0,nan,0
1597988434060104960,1597988434405999872,2020-08-21 13:40:34.406000,98.385,98.415,98.19,98.195,nan,98.299,29821,29313717550.0,71470,98.385,11,98.38,14,nan,0,nan,0,nan,0,nan,0,nan,0,nan,0,nan,0,nan,0
1597988435079243008,1597988435428999936,2020-08-21 13:40:35.429000,98.38,98.415,98.19,98.195,nan,98.299,29822,29314701350.0,71470,98.385,11,98.38,13,nan,0,nan,0,nan,0,nan,0,nan,0,nan,0,nan,0,nan,0
1597988435556582912,1597988435910000128,2020-08-21 13:40:35.910000,98.38,98.415,98.19,98.195,nan,98.299,29822,29314701350.0,71470,98.385,11,98.38,13,nan,0,nan,0,nan,0,nan,0,nan,0,nan,0,nan,0,nan,0
1597988436105612032,1597988436435000064,2020-08-21 13:40:36.435000,98.38,98.415,98.19,98.195,nan,98.299,29824,29316668950.0,71470,98.385,11,98.38,12,nan,0,nan,0,nan,0,nan,0,nan,0,nan,0,nan,0,nan,0
1597988436572717056,1597988436894000128,2020-08-21 13:40:36.894000,98.385,98.415,98.19,98.195,nan,98.299,29825,29317652800.0,71470,98.385,10,98.38,10,nan,0,nan,0,nan,0,nan,0,nan,0,nan,0,nan,0,nan,0
1597988437079066880,1597988437357000192,2020-08-21 13:40:37.357000,98.385,98.415,98.19,98.195,nan,98.299,29825,29317652800.0,71470,98.385,14,98.38,11,nan,0,nan,0,nan,0,nan,0,nan,0,nan,0,nan,0,nan,0
1597988437564961024,1597988437937999872,2020-08-21 13:40:37.938000,98.38,98.415,98.19,98.195,nan,98.299,29836,29328474600.0,71480,98.385,17,98.38,1,nan,0,nan,0,nan,0,nan,0,nan,0,nan,0,nan,0,nan,0
1597988438084596992,1597988438430000128,2020-08-21 13:40:38.430000,98.38,98.415,98.19,98.195,nan,98.299,29847,29339296400.0,71477,98.38,10,98.375,20,nan,0,nan,0,nan,0,nan,0,nan,0,nan,0,nan,0,nan,0
1597988438571940096,1597988438938999808,2020-08-21 13:40:38.939000,98.38,98.415,98.19,98.195,nan,98.299,29847,29339296400.0,71477,98.38,8,98.375,20,nan,0,nan,0,nan,0,nan,0,nan,0,nan,0,nan,0,nan,0
1597988439074233088,1597988439433000192,2020-08-21 13:40:39.433000,98.38,98.415,98.19,98.195,nan,98.299,29847,29339296400.0,71477,98.38,8,98.375,20,nan,0,nan,0,nan,0,nan,0,nan,0,nan,0,nan,0,nan,0
1597988439567896064,1597988439926000128,2020-08-21 13:40:39.926000,98.38,98.415,98.19,98.195,nan,98.299,29847,29339296400.0,71477,98.38,8,98.375,19,nan,0,nan,0,nan,0,nan,0,nan,0,nan,0,nan,0,nan,0
1597988440583852032,1597988440938999808,2020-08-21 13:40:40.939000,98.38,98.415,98.19,98.195,nan,98.299,29847,29339296400.0,71477,98.38,8,98.375,18,nan,0,nan,0,nan,0,nan,0,nan,0,nan,0,nan,0,nan,0
1597988441076442880,1597988441420999936,2020-08-21 13:40:41.421000,98.38,98.415,98.19,98.195,nan,98.299,29847,29339296400.0,71477,98.38,10,98.375,18,nan,0,nan,0,nan,0,nan,0,nan,0,nan,0,nan,0,nan,0
1597988441569496064,1597988441924000000,2020-08-21 13:40:41.924000,98.375,98.415,98.19,98.195,nan,98.299,29848,29340280150.0,71478,98.38,10,98.375,17,nan,0,nan,0,nan,0,nan,0,nan,0,nan,0,nan,0,nan,0
1597988442077396992,1597988442428000000,2020-08-21 13:40:42.428000,98.38,98.415,98.19,98.195,nan,98.299,29858,29350118150.0,71473,98.385,18,98.375,17,nan,0,nan,0,nan,0,nan,0,nan,0,nan,0,nan,0,nan,0
1597988442568146944,1597988442924000000,2020-08-21 13:40:42.924000,98.38,98.415,98.19,98.195,nan,98.299,29858,29350118150.0,71473,98.385,18,98.375,17,nan,0,nan,0,nan,0,nan,0,nan,0,nan,0,nan,0,nan,0
1597988443086407936,1597988443434000128,2020-08-21 13:40:43.434000,98.38,98.415,98.19,98.195,nan,98.299,29858,29350118150.0,71473,98.38,4,98.375,17,nan,0,nan,0,nan,0,nan,0,nan,0,nan,0,nan,0,nan,0
1597988443555254016,1597988443938999808,2020-08-21 13:40:43.939000,98.38,98.415,98.19,98.195,nan,98.299,29858,29350118150.0,71473,98.38,2,98.375,17,nan,0,nan,0,nan,0,nan,0,nan,0,nan,0,nan,0,nan,0
1597988444089992960,1597988444435000064,2020-08-21 13:40:44.435000,98.38,98.415,98.19,98.195,nan,98.299,29858,29350118150.0,71473,98.38,4,98.375,17,nan,0,nan,0,nan,0,nan,0,nan,0,nan,0,nan,0,nan,0
1597988444569931008,1597988444905999872,2020-08-21 13:40:44.906000,98.38,98.415,98.19,98.195,nan,98.299,29858,29350118150.0,71473,98.38,8,98.375,17,nan,0,nan,0,nan,0,nan,0,nan,0,nan,0,nan,0,nan,0
1597988445077255936,1597988445427000064,2020-08-21 13:40:45.427000,98.38,98.415,98.19,98.195,nan,98.299,29858,29350118150.0,71473,98.38,4,98.375,17,nan,0,nan,0,nan,0,nan,0,nan,0,nan,0,nan,0,nan,0
1597988445583757056,1597988445926000128,2020-08-21 13:40:45.926000,98.38,98.415,98.19,98.195,nan,98.299,29858,29350118150.0,71473,98.38,4,98.375,17,nan,0,nan,0,nan,0,nan,0,nan,0,nan,0,nan,0,nan,0
1597988446099663104,1597988446435000064,2020-08-21 13:40:46.435000,98.38,98.415,98.19,98.195,nan,98.299,29858,29350118150.0,71473,98.38,6,98.375,17,nan,0,nan,0,nan,0,nan,0,nan,0,nan,0,nan,0,nan,0
1597988446561133056,1597988446924999936,2020-08-21 13:40:46.925000,98.38,98.415,98.19,98.195,nan,98.299,29858,29350118150.0,71473,98.38,6,98.375,17,nan,0,nan,0,nan,0,nan,0,nan,0,nan,0,nan,0,nan,0
1597988447079609088,1597988447360999936,2020-08-21 13:40:47.361000,98.38,98.415,98.19,98.195,nan,98.299,29858,29350118150.0,71473,98.38,8,98.375,17,nan,0,nan,0,nan,0,nan,0,nan,0,nan,0,nan,0,nan,0
1597988447574345984,1597988447936999936,2020-08-21 13:40:47.937000,98.38,98.415,98.19,98.195,nan,98.299,29858,29350118150.0,71473,98.38,9,98.375,17,nan,0,nan,0,nan,0,nan,0,nan,0,nan,0,nan,0,nan,0
1597988448082514944,1597988448424999936,2020-08-21 13:40:48.425000,98.38,98.415,98.19,98.195,nan,98.299,29858,29350118150.0,71473,98.38,9,98.375,18,nan,0,nan,0,nan,0,nan,0,nan,0,nan,0,nan,0,nan,0
1597988448566714112,1597988448924999936,2020-08-21 13:40:48.925000,98.375,98.415,98.19,98.195,nan,98.299,29866,29357988150.0,71475,98.38,9,98.375,10,nan,0,nan,0,nan,0,nan,0,nan,0,nan,0,nan,0,nan,0
1597988449060156928,1597988449431000064,2020-08-21 13:40:49.431000,98.375,98.415,98.19,98.195,nan,98.299,29866,29357988150.0,71475,98.38,11,98.375,10,nan,0,nan,0,nan,0,nan,0,nan,0,nan,0,nan,0,nan,0
1597988449557071872,1597988449894000128,2020-08-21 13:40:49.894000,98.375,98.415,98.19,98.195,nan,98.299,29876,29367825650.0,71469,98.38,14,98.37,22,nan,0,nan,0,nan,0,nan,0,nan,0,nan,0,nan,0,nan,0
1597988450073357056,1597988450418999808,2020-08-21 13:40:50.419000,98.375,98.415,98.19,98.195,nan,98.299,29877,29368809400.0,71470,98.375,2,98.37,22,nan,0,nan,0,nan,0,nan,0,nan,0,nan,0,nan,0,nan,0
1597988450563170048,1597988450928000000,2020-08-21 13:40:50.928000,98.375,98.415,98.19,98.195,nan,98.299,29879,29370776900.0,71469,98.375,4,98.37,22,nan,0,nan,0,nan,0,nan,0,nan,0,nan,0,nan,0,nan,0
1597988451082065920,1597988451423000064,2020-08-21 13:40:51.423000,98.375,98.415,98.19,98.195,nan,98.299,29884,29375695650.0,71467,98.375,1,98.37,24,nan,0,nan,0,nan,0,nan,0,nan,0,nan,0,nan,0,nan,0
1597988451565931008,1597988451933000192,2020-08-21 13:40:51.933000,98.375,98.415,98.19,98.195,nan,98.299,29885,29376679400.0,71468,98.375,2,98.37,25,nan,0,nan,0,nan,0,nan,0,nan,0,nan,0,nan,0,nan,0
1597988452071536128,1597988452424999936,2020-08-21 13:40:52.425000,98.375,98.415,98.19,98.195,nan,98.299,29888,29379630650.0,71468,98.375,1,98.37,27,nan,0,nan,0,nan,0,nan,0,nan,0,nan,0,nan,0,nan,0
1597988452559845888,1597988452930000128,2020-08-21 13:40:52.930000,98.375,98.415,98.19,98.195,nan,98.299,29891,29382581900.0,71469,98.38,12,98.375,3,nan,0,nan,0,nan,0,nan,0,nan,0,nan,0,nan,0,nan,0
1597988453080037888,1597988453424999936,2020-08-21 13:40:53.425000,98.375,98.415,98.19,98.195,nan,98.299,29891,29382581900.0,71469,98.38,11,98.375,7,nan,0,nan,0,nan,0,nan,0,nan,0,nan,0,nan,0,nan,0
1597988453566326016,1597988453932000000,2020-08-21 13:40:53.932000,98.375,98.415,98.19,98.195,nan,98.299,29891,29382581900.0,71469,98.38,10,98.375,13,nan,0,nan,0,nan,0,nan,0,nan,0,nan,0,nan,0,nan,0
1597988454079563008,1597988454428000000,2020-08-21 13:40:54.428000,98.375,98.415,98.19,98.195,nan,98.299,29892,29383565650.0,71469,98.38,9,98.375,12,nan,0,nan,0,nan,0,nan,0,nan,0,nan,0,nan,0,nan,0
1597988454561287936,1597988454931000064,2020-08-21 13:40:54.931000,98.375,98.415,98.19,98.195,nan,98.299,29905,29396354400.0,71457,98.375,7,98.37,22,nan,0,nan,0,nan,0,nan,0,nan,0,nan,0,nan,0,nan,0
1597988455060968960,1597988455435000064,2020-08-21 13:40:55.435000,98.375,98.415,98.19,98.195,nan,98.299,29912,29403240650.0,71450,98.38,9,98.375,1,nan,0,nan,0,nan,0,nan,0,nan,0,nan,0,nan,0,nan,0
1597988455559140096,1597988455936999936,2020-08-21 13:40:55.937000,98.375,98.415,98.19,98.195,nan,98.299,29912,29403240650.0,71450,98.38,9,98.37,22,nan,0,nan,0,nan,0,nan,0,nan,0,nan,0,nan,0,nan,0
1597988456079819008,1597988456432000000,2020-08-21 13:40:56.432000,98.375,98.415,98.19,98.195,nan,98.299,29912,29403240650.0,71450,98.38,10,98.375,5,nan,0,nan,0,nan,0,nan,0,nan,0,nan,0,nan,0,nan,0
1597988456573577984,1597988456905999872,2020-08-21 13:40:56.906000,98.375,98.415,98.19,98.195,nan,98.299,29913,29404224400.0,71449,98.38,10,98.375,6,nan,0,nan,0,nan,0,nan,0,nan,0,nan,0,nan,0,nan,0
1597988457078074880,1597988457434000128,2020-08-21 13:40:57.434000,98.375,98.415,98.19,98.195,nan,98.299,29913,29404224400.0,71449,98.38,10,98.375,6,nan,0,nan,0,nan,0,nan,0,nan,0,nan,0,nan,0,nan,0
1597988457559171072,1597988457931000064,2020-08-21 13:40:57.931000,98.375,98.415,98.19,98.195,nan,98.299,29913,29404224400.0,71449,98.38,20,98.375,6,nan,0,nan,0,nan,0,nan,0,nan,0,nan,0,nan,0,nan,0
1597988458061488896,1597988458434000128,2020-08-21 13:40:58.434000,98.375,98.415,98.19,98.195,nan,98.299,29913,29404224400.0,71449,98.38,20,98.375,5,nan,0,nan,0,nan,0,nan,0,nan,0,nan,0,nan,0,nan,0
1597988458555493120,1597988458926000128,2020-08-21 13:40:58.926000,98.375,98.415,98.19,98.195,nan,98.299,29914,29405208150.0,71448,98.38,20,98.375,4,nan,0,nan,0,nan,0,nan,0,nan,0,nan,0,nan,0,nan,0
1597988459080360960,1597988459404000000,2020-08-21 13:40:59.404000,98.375,98.415,98.19,98.195,nan,98.299,29914,29405208150.0,71448,98.38,20,98.375,4,nan,0,nan,0,nan,0,nan,0,nan,0,nan,0,nan,0,nan,0
1597988459562554112,1597988459904000000,2020-08-21 13:40:59.904000,98.375,98.415,98.19,98.195,nan,98.299,29914,29405208150.0,71448,98.38,21,98.375,4,nan,0,nan,0,nan,0,nan,0,nan,0,nan,0,nan,0,nan,0
1597988460060538112,1597988460424999936,2020-08-21 13:41:00.425000,98.375,98.415,98.19,98.195,nan,98.299,29923,29414061900.0,71444,98.375,11,98.37,22,nan,0,nan,0,nan,0,nan,0,nan,0,nan,0,nan,0,nan,0
1597988460561608960,1597988460937999872,2020-08-21 13:41:00.938000,98.375,98.415,98.19,98.195,nan,98.299,29923,29414061900.0,71444,98.375,11,98.37,23,nan,0,nan,0,nan,0,nan,0,nan,0,nan,0,nan,0,nan,0
1597988461060284928,1597988461427000064,2020-08-21 13:41:01.427000,98.375,98.415,98.19,98.195,nan,98.299,29923,29414061900.0,71444,98.375,11,98.37,23,nan,0,nan,0,nan,0,nan,0,nan,0,nan,0,nan,0,nan,0
1597988461567588096,1597988461891000064,2020-08-21 13:41:01.891000,98.375,98.415,98.19,98.195,nan,98.299,29923,29414061900.0,71444,98.375,12,98.37,22,nan,0,nan,0,nan,0,nan,0,nan,0,nan,0,nan,0,nan,0
1597988463082105088,1597988463430000128,2020-08-21 13:41:03.430000,98.375,98.415,98.19,98.195,nan,98.299,29923,29414061900.0,71444,98.375,12,98.37,23,nan,0,nan,0,nan,0,nan,0,nan,0,nan,0,nan,0,nan,0
1597988463579464960,1597988463935000064,2020-08-21 13:41:03.935000,98.375,98.415,98.19,98.195,nan,98.299,29923,29414061900.0,71444,98.375,12,98.37,23,nan,0,nan,0,nan,0,nan,0,nan,0,nan,0,nan,0,nan,0
1597988464075493888,1597988464432000000,2020-08-21 13:41:04.432000,98.375,98.415,98.19,98.195,nan,98.299,29923,29414061900.0,71444,98.375,12,98.37,25,nan,0,nan,0,nan,0,nan,0,nan,0,nan,0,nan,0,nan,0
1597988464564243968,1597988464926000128,2020-08-21 13:41:04.926000,98.375,98.415,98.19,98.195,nan,98.299,29923,29414061900.0,71444,98.375,12,98.37,25,nan,0,nan,0,nan,0,nan,0,nan,0,nan,0,nan,0,nan,0
1597988465091012096,1597988465426000128,2020-08-21 13:41:05.426000,98.375,98.415,98.19,98.195,nan,98.299,29923,29414061900.0,71444,98.375,12,98.37,30,nan,0,nan,0,nan,0,nan,0,nan,0,nan,0,nan,0,nan,0
1597988465576230912,1597988465921999872,2020-08-21 13:41:05.922000,98.375,98.415,98.19,98.195,nan,98.299,29923,29414061900.0,71444,98.375,12,98.37,31,nan,0,nan,0,nan,0,nan,0,nan,0,nan,0,nan,0,nan,0
1597988466081782016,1597988466433000192,2020-08-21 13:41:06.433000,98.375,98.415,98.19,98.195,nan,98.299,29923,29414061900.0,71444,98.375,12,98.37,31,nan,0,nan,0,nan,0,nan,0,nan,0,nan,0,nan,0,nan,0
1597988466559769088,1597988466938999808,2020-08-21 13:41:06.939000,98.375,98.415,98.19,98.195,nan,98.299,29923,29414061900.0,71444,98.375,11,98.37,31,nan,0,nan,0,nan,0,nan,0,nan,0,nan,0,nan,0,nan,0
1597988467064259072,1597988467434000128,2020-08-21 13:41:07.434000,98.375,98.415,98.19,98.195,nan,98.299,29923,29414061900.0,71444,98.375,11,98.37,31,nan,0,nan,0,nan,0,nan,0,nan,0,nan,0,nan,0,nan,0
1597988467572324096,1597988467888999936,2020-08-21 13:41:07.889000,98.37,98.415,98.19,98.195,nan,98.299,29943,29433735900.0,71437,98.375,16,98.37,11,nan,0,nan,0,nan,0,nan,0,nan,0,nan,0,nan,0,nan,0
1597988468081421056,1597988468428000000,2020-08-21 13:41:08.428000,98.365,98.415,98.19,98.195,nan,98.299,29958,29448491200.0,71431,98.37,1,98.365,25,nan,0,nan,0,nan,0,nan,0,nan,0,nan,0,nan,0,nan,0
1597988468565048064,1597988468913000192,2020-08-21 13:41:08.913000,98.365,98.415,98.19,98.195,nan,98.299,29961,29451442200.0,71431,98.37,6,98.365,27,nan,0,nan,0,nan,0,nan,0,nan,0,nan,0,nan,0,nan,0
1597988469080695040,1597988469435000064,2020-08-21 13:41:09.435000,98.365,98.415,98.19,98.195,nan,98.299,29961,29451442200.0,71431,98.37,10,98.365,27,nan,0,nan,0,nan,0,nan,0,nan,0,nan,0,nan,0,nan,0
1597988469574337024,1597988469934000128,2020-08-21 13:41:09.934000,98.365,98.415,98.19,98.195,nan,98.299,29961,29451442200.0,71431,98.37,12,98.365,24,nan,0,nan,0,nan,0,nan,0,nan,0,nan,0,nan,0,nan,0
1597988470071702016,1597988470438999808,2020-08-21 13:41:10.439000,98.365,98.415,98.19,98.195,nan,98.299,29963,29453409500.0,71429,98.37,12,98.365,22,nan,0,nan,0,nan,0,nan,0,nan,0,nan,0,nan,0,nan,0
1597988470570161920,1597988470926000128,2020-08-21 13:41:10.926000,98.365,98.415,98.19,98.195,nan,98.299,29965,29455376800.0,71430,98.37,12,98.365,18,nan,0,nan,0,nan,0,nan,0,nan,0,nan,0,nan,0,nan,0
1597988471080759040,1597988471436000000,2020-08-21 13:41:11.436000,98.365,98.415,98.19,98.195,nan,98.299,29965,29455376800.0,71430,98.37,12,98.365,18,nan,0,nan,0,nan,0,nan,0,nan,0,nan,0,nan,0,nan,0
1597988471582246912,1597988471927000064,2020-08-21 13:41:11.927000,98.365,98.415,98.19,98.195,nan,98.299,29966,29456360450.0,71430,98.37,14,98.365,17,nan,0,nan,0,nan,0,nan,0,nan,0,nan,0,nan,0,nan,0
1597988472568087040,1597988472932000000,2020-08-21 13:41:12.932000,98.365,98.415,98.19,98.195,nan,98.299,29966,29456360450.0,71430,98.37,14,98.365,17,nan,0,nan,0,nan,0,nan,0,nan,0,nan,0,nan,0,nan,0
1597988473573201920,1597988473928999936,2020-08-21 13:41:13.929000,98.365,98.415,98.19,98.195,nan,98.299,29966,29456360450.0,71430,98.37,14,98.365,18,nan,0,nan,0,nan,0,nan,0,nan,0,nan,0,nan,0,nan,0
1597988474076993024,1597988474404000000,2020-08-21 13:41:14.404000,98.365,98.415,98.19,98.195,nan,98.299,29966,29456360450.0,71430,98.37,14,98.365,18,nan,0,nan,0,nan,0,nan,0,nan,0,nan,0,nan,0,nan,0
1597988474564519936,1597988474933000192,2020-08-21 13:41:14.933000,98.37,98.415,98.19,98.195,nan,98.299,29970,29460295250.0,71430,98.37,10,98.365,21,nan,0,nan,0,nan,0,nan,0,nan,0,nan,0,nan,0,nan,0
1597988475088712960,1597988475437999872,2020-08-21 13:41:15.438000,98.37,98.415,98.19,98.195,nan,98.299,29990,29479969250.0,71428,98.375,18,98.37,1,nan,0,nan,0,nan,0,nan,0,nan,0,nan,0,nan,0,nan,0
1597988475578057984,1597988475930000128,2020-08-21 13:41:15.930000,98.37,98.415,98.19,98.195,nan,98.299,29990,29479969250.0,71428,98.375,17,98.37,9,nan,0,nan,0,nan,0,nan,0,nan,0,nan,0,nan,0,nan,0
1597988476082838016,1597988476435000064,2020-08-21 13:41:16.435000,98.37,98.415,98.19,98.195,nan,98.299,29990,29479969250.0,71428,98.375,17,98.37,12,nan,0,nan,0,nan,0,nan,0,nan,0,nan,0,nan,0,nan,0
1597988476574960128,1597988476928000000,2020-08-21 13:41:16.928000,98.37,98.415,98.19,98.195,nan,98.299,29990,29479969250.0,71428,98.375,17,98.37,12,nan,0,nan,0,nan,0,nan,0,nan,0,nan,0,nan,0,nan,0
1597988477081850880,1597988477436000000,2020-08-21 13:41:17.436000,98.37,98.415,98.19,98.195,nan,98.299,29990,29479969250.0,71428,98.375,17,98.37,12,nan,0,nan,0,nan,0,nan,0,nan,0,nan,0,nan,0,nan,0
1597988477573830912,1597988477934000128,2020-08-21 13:41:17.934000,98.37,98.415,98.19,98.195,nan,98.299,29990,29479969250.0,71428,98.375,17,98.37,12,nan,0,nan,0,nan,0,nan,0,nan,0,nan,0,nan,0,nan,0
1597988478083002112,1597988478432000000,2020-08-21 13:41:18.432000,98.37,98.415,98.19,98.195,nan,98.299,29990,29479969250.0,71428,98.375,17,98.37,12,nan,0,nan,0,nan,0,nan,0,nan,0,nan,0,nan,0,nan,0
1597988479077534976,1597988479433000192,2020-08-21 13:41:19.433000,98.37,98.415,98.19,98.195,nan,98.299,29990,29479969250.0,71428,98.375,17,98.37,12,nan,0,nan,0,nan,0,nan,0,nan,0,nan,0,nan,0,nan,0
1597988480078846976,1597988480416999936,2020-08-21 13:41:20.417000,98.37,98.415,98.19,98.195,nan,98.299,29990,29479969250.0,71428,98.375,18,98.37,12,nan,0,nan,0,nan,0,nan,0,nan,0,nan,0,nan,0,nan,0
1597988480573083904,1597988480903000064,2020-08-21 13:41:20.903000,98.37,98.415,98.19,98.195,nan,98.299,30005,29494724750.0,71420,98.37,5,98.365,21,nan,0,nan,0,nan,0,nan,0,nan,0,nan,0,nan,0,nan,0
1597988481087376896,1597988481438999808,2020-08-21 13:41:21.439000,98.37,98.415,98.19,98.195,nan,98.299,30005,29494724750.0,71420,98.37,5,98.365,21,nan,0,nan,0,nan,0,nan,0,nan,0,nan,0,nan,0,nan,0
1597988481573820928,1597988481937999872,2020-08-21 13:41:21.938000,98.365,98.415,98.19,98.195,nan,98.299,30010,29499643000.0,71417,98.37,6,98.365,15,nan,0,nan,0,nan,0,nan,0,nan,0,nan,0,nan,0,nan,0
1597988482067534080,1597988482430000128,2020-08-21 13:41:22.430000,98.365,98.415,98.19,98.195,nan,98.299,30010,29499643000.0,71417,98.37,9,98.365,15,nan,0,nan,0,nan,0,nan,0,nan,0,nan,0,nan,0,nan,0
1597988482582473984,1597988482936000000,2020-08-21 13:41:22.936000,98.365,98.415,98.19,98.195,nan,98.299,30010,29499643000.0,71417,98.37,9,98.365,14,nan,0,nan,0,nan,0,nan,0,nan,0,nan,0,nan,0,nan,0
1597988483570223104,1597988483932000000,2020-08-21 13:41:23.932000,98.37,98.415,98.19,98.195,nan,98.299,30011,29500626700.0,71417,98.37,8,98.365,16,nan,0,nan,0,nan,0,nan,0,nan,0,nan,0,nan,0,nan,0
1597988484087339008,1597988484434000128,2020-08-21 13:41:24.434000,98.365,98.415,98.19,98.195,nan,98.299,30016,29505544950.0,71422,98.37,10,98.365,12,nan,0,nan,0,nan,0,nan,0,nan,0,nan,0,nan,0,nan,0
1597988484570912000,1597988484915000064,2020-08-21 13:41:24.915000,98.365,98.415,98.19,98.195,nan,98.299,30016,29505544950.0,71422,98.37,12,98.365,10,nan,0,nan,0,nan,0,nan,0,nan,0,nan,0,nan,0,nan,0
1597988485071956992,1597988485431000064,2020-08-21 13:41:25.431000,98.365,98.415,98.19,98.195,nan,98.299,30026,29515381450.0,71430,98.37,16,98.36,80,nan,0,nan,0,nan,0,nan,0,nan,0,nan,0,nan,0,nan,0
1597988485572773888,1597988485936000000,2020-08-21 13:41:25.936000,98.365,98.415,98.19,98.195,nan,98.299,30026,29515381450.0,71430,98.365,2,98.36,69,nan,0,nan,0,nan,0,nan,0,nan,0,nan,0,nan,0,nan,0
1597988486104668928,1597988486437999872,2020-08-21 13:41:26.438000,98.365,98.415,98.19,98.195,nan,98.299,30030,29519316050.0,71431,98.365,2,98.36,71,nan,0,nan,0,nan,0,nan,0,nan,0,nan,0,nan,0,nan,0
1597988486574810880,1597988486928000000,2020-08-21 13:41:26.928000,98.36,98.415,98.19,98.195,nan,98.299,30031,29520299650.0,71432,98.365,3,98.36,70,nan,0,nan,0,nan,0,nan,0,nan,0,nan,0,nan,0,nan,0
1597988487079540992,1597988487435000064,2020-08-21 13:41:27.435000,98.365,98.415,98.19,98.195,nan,98.299,30033,29522266950.0,71432,98.365,5,98.36,70,nan,0,nan,0,nan,0,nan,0,nan,0,nan,0,nan,0,nan,0
1597988487572709120,1597988487936999936,2020-08-21 13:41:27.937000,98.365,98.415,98.19,98.195,nan,98.299,30033,29522266950.0,71432,98.365,9,98.36,70,nan,0,nan,0,nan,0,nan,0,nan,0,nan,0,nan,0,nan,0
1597988488069670912,1597988488431000064,2020-08-21 13:41:28.431000,98.365,98.415,98.19,98.195,nan,98.299,30033,29522266950.0,71432,98.365,9,98.36,72,nan,0,nan,0,nan,0,nan,0,nan,0,nan,0,nan,0,nan,0
1597988488580965888,1597988488936999936,2020-08-21 13:41:28.937000,98.365,98.415,98.19,98.195,nan,98.299,30033,29522266950.0,71432,98.365,19,98.36,72,nan,0,nan,0,nan,0,nan,0,nan,0,nan,0,nan,0,nan,0
1597988489080642048,1597988489436000000,2020-08-21 13:41:29.436000,98.365,98.415,98.19,98.195,nan,98.299,30033,29522266950.0,71432,98.365,19,98.36,72,nan,0,nan,0,nan,0,nan,0,nan,0,nan,0,nan,0,nan,0
1597988489575030016,1597988489936999936,2020-08-21 13:41:29.937000,98.365,98.415,98.19,98.195,nan,98.299,30033,29522266950.0,71432,98.365,20,98.36,72,nan,0,nan,0,nan,0,nan,0,nan,0,nan,0,nan,0,nan,0
1597988490076942080,1597988490401999872,2020-08-21 13:41:30.402000,98.365,98.415,98.19,98.195,nan,98.299,30033,29522266950.0,71432,98.365,20,98.36,72,nan,0,nan,0,nan,0,nan,0,nan,0,nan,0,nan,0,nan,0
1597988490575756032,1597988490935000064,2020-08-21 13:41:30.935000,98.36,98.415,98.19,98.195,nan,98.299,30053,29541939850.0,71441,98.365,6,98.36,72,nan,0,nan,0,nan,0,nan,0,nan,0,nan,0,nan,0,nan,0
1597988491071742976,1597988491427000064,2020-08-21 13:41:31.427000,98.365,98.415,98.19,98.195,nan,98.299,30059,29547841750.0,71446,98.365,4,98.36,72,nan,0,nan,0,nan,0,nan,0,nan,0,nan,0,nan,0,nan,0
1597988491577868032,1597988491914000128,2020-08-21 13:41:31.914000,98.365,98.415,98.19,98.195,nan,98.299,30063,29551776350.0,71442,98.365,2,98.36,73,nan,0,nan,0,nan,0,nan,0,nan,0,nan,0,nan,0,nan,0
1597988492084765952,1597988492431000064,2020-08-21 13:41:32.431000,98.365,98.415,98.19,98.195,nan,98.3,30067,29555710950.0,71442,98.37,16,98.36,73,nan,0,nan,0,nan,0,nan,0,nan,0,nan,0,nan,0,nan,0
1597988492576154880,1597988492917999872,2020-08-21 13:41:32.918000,98.365,98.415,98.19,98.195,nan,98.3,30067,29555710950.0,71442,98.37,16,98.365,4,nan,0,nan,0,nan,0,nan,0,nan,0,nan,0,nan,0,nan,0
1597988493079168000,1597988493436999936,2020-08-21 13:41:33.437000,98.365,98.415,98.19,98.195,nan,98.3,30067,29555710950.0,71442,98.37,14,98.365,12,nan,0,nan,0,nan,0,nan,0,nan,0,nan,0,nan,0,nan,0
1597988493582875904,1597988493933000192,2020-08-21 13:41:33.933000,98.365,98.415,98.19,98.195,nan,98.3,30078,29566531100.0,71448,98.37,15,98.365,1,nan,0,nan,0,nan,0,nan,0,nan,0,nan,0,nan,0,nan,0
1597988494073359872,1597988494396000000,2020-08-21 13:41:34.396000,98.365,98.415,98.19,98.195,nan,98.3,30079,29567514750.0,71448,98.37,15,98.365,2,nan,0,nan,0,nan,0,nan,0,nan,0,nan,0,nan,0,nan,0
1597988494583948032,1597988494912000000,2020-08-21 13:41:34.912000,98.365,98.415,98.19,98.195,nan,98.3,30079,29567514750.0,71448,98.37,15,98.365,3,nan,0,nan,0,nan,0,nan,0,nan,0,nan,0,nan,0,nan,0
1597988495118377984,1597988495416000000,2020-08-21 13:41:35.416000,98.365,98.415,98.19,98.195,nan,98.3,30080,29568498400.0,71448,98.37,15,98.365,4,nan,0,nan,0,nan,0,nan,0,nan,0,nan,0,nan,0,nan,0
1597988495600378112,1597988495935000064,2020-08-21 13:41:35.935000,98.365,98.415,98.19,98.195,nan,98.3,30080,29568498400.0,71448,98.37,15,98.365,3,nan,0,nan,0,nan,0,nan,0,nan,0,nan,0,nan,0,nan,0
1597988496111563008,1597988496431000064,2020-08-21 13:41:36.431000,98.365,98.415,98.19,98.195,nan,98.3,30080,29568498400.0,71448,98.37,15,98.365,3,nan,0,nan,0,nan,0,nan,0,nan,0,nan,0,nan,0,nan,0
1597988496578778112,1597988496937999872,2020-08-21 13:41:36.938000,98.365,98.415,98.19,98.195,nan,98.3,30080,29568498400.0,71448,98.37,15,98.365,3,nan,0,nan,0,nan,0,nan,0,nan,0,nan,0,nan,0,nan,0
1597988497079261952,1597988497436000000,2020-08-21 13:41:37.436000,98.365,98.415,98.19,98.195,nan,98.3,30080,29568498400.0,71448,98.37,15,98.365,3,nan,0,nan,0,nan,0,nan,0,nan,0,nan,0,nan,0,nan,0
1597988497574822912,1597988497903000064,2020-08-21 13:41:37.903000,98.365,98.415,98.19,98.195,nan,98.3,30080,29568498400.0,71448,98.37,15,98.365,3,nan,0,nan,0,nan,0,nan,0,nan,0,nan,0,nan,0,nan,0
1597988499078988032,1597988499424000000,2020-08-21 13:41:39.424000,98.365,98.415,98.19,98.195,nan,98.3,30080,29568498400.0,71448,98.37,25,98.365,4,nan,0,nan,0,nan,0,nan,0,nan,0,nan,0,nan,0,nan,0
1597988499579593984,1597988499934000128,2020-08-21 13:41:39.934000,98.365,98.415,98.19,98.195,nan,98.3,30083,29571449350.0,71450,98.37,25,98.365,1,nan,0,nan,0,nan,0,nan,0,nan,0,nan,0,nan,0,nan,0
1597988500578307072,1597988500921999872,2020-08-21 13:41:40.922000,98.365,98.415,98.19,98.195,nan,98.3,30086,29574400300.0,71448,98.365,17,98.36,81,nan,0,nan,0,nan,0,nan,0,nan,0,nan,0,nan,0,nan,0
1597988501108795904,1597988501435000064,2020-08-21 13:41:41.435000,98.365,98.415,98.19,98.195,nan,98.3,30086,29574400300.0,71448,98.365,23,98.36,71,nan,0,nan,0,nan,0,nan,0,nan,0,nan,0,nan,0,nan,0
1597988501580623104,1597988501934000128,2020-08-21 13:41:41.934000,98.365,98.415,98.19,98.195,nan,98.3,30086,29574400300.0,71448,98.365,24,98.36,70,nan,0,nan,0,nan,0,nan,0,nan,0,nan,0,nan,0,nan,0
1597988502585852928,1597988502908999936,2020-08-21 13:41:42.909000,98.365,98.415,98.19,98.195,nan,98.3,30086,29574400300.0,71448,98.365,24,98.36,71,nan,0,nan,0,nan,0,nan,0,nan,0,nan,0,nan,0,nan,0
1597988504122514944,1597988504430000128,2020-08-21 13:41:44.430000,98.365,98.415,98.19,98.195,nan,98.3,30086,29574400300.0,71448,98.365,24,98.36,71,nan,0,nan,0,nan,0,nan,0,nan,0,nan,0,nan,0,nan,0
1597988505102529024,1597988505408999936,2020-08-21 13:41:45.409000,98.36,98.415,98.19,98.195,nan,98.3,30097,29585219900.0,71454,98.365,27,98.36,59,nan,0,nan,0,nan,0,nan,0,nan,0,nan,0,nan,0,nan,0
1597988505579398912,1597988505936999936,2020-08-21 13:41:45.937000,98.365,98.415,98.19,98.195,nan,98.3,30152,29639318000.0,71480,98.365,27,98.36,6,nan,0,nan,0,nan,0,nan,0,nan,0,nan,0,nan,0,nan,0
1597988506089477888,1597988506427000064,2020-08-21 13:41:46.427000,98.36,98.415,98.19,98.195,nan,98.3,30158,29645219600.0,71481,98.36,15,98.355,80,nan,0,nan,0,nan,0,nan,0,nan,0,nan,0,nan,0,nan,0
1597988506584578048,1597988506926000128,2020-08-21 13:41:46.926000,98.36,98.415,98.19,98.195,nan,98.3,30159,29646203200.0,71481,98.36,17,98.355,70,nan,0,nan,0,nan,0,nan,0,nan,0,nan,0,nan,0,nan,0
1597988507121762048,1597988507423000064,2020-08-21 13:41:47.423000,98.355,98.415,98.19,98.195,nan,98.3,30161,29648170300.0,71481,98.36,18,98.355,68,nan,0,nan,0,nan,0,nan,0,nan,0,nan,0,nan,0,nan,0
1597988507581957888,1597988507912000000,2020-08-21 13:41:47.912000,98.355,98.415,98.19,98.195,nan,98.3,30161,29648170300.0,71481,98.36,18,98.355,67,nan,0,nan,0,nan,0,nan,0,nan,0,nan,0,nan,0,nan,0
1597988508106939904,1597988508430000128,2020-08-21 13:41:48.430000,98.355,98.415,98.19,98.195,nan,98.3,30161,29648170300.0,71481,98.36,18,98.355,68,nan,0,nan,0,nan,0,nan,0,nan,0,nan,0,nan,0,nan,0
1597988508582309120,1597988508938999808,2020-08-21 13:41:48.939000,98.355,98.415,98.19,98.195,nan,98.3,30161,29648170300.0,71481,98.36,18,98.355,68,nan,0,nan,0,nan,0,nan,0,nan,0,nan,0,nan,0,nan,0
1597988509584378112,1597988509934000128,2020-08-21 13:41:49.934000,98.36,98.415,98.19,98.195,nan,98.3,30162,29649153900.0,71481,98.36,17,98.355,68,nan,0,nan,0,nan,0,nan,0,nan,0,nan,0,nan,0,nan,0
1597988510121458944,1597988510437999872,2020-08-21 13:41:50.438000,98.36,98.415,98.19,98.195,nan,98.3,30162,29649153900.0,71481,98.36,14,98.355,68,nan,0,nan,0,nan,0,nan,0,nan,0,nan,0,nan,0,nan,0
1597988510590475008,1597988510936999936,2020-08-21 13:41:50.937000,98.36,98.415,98.19,98.195,nan,98.3,30173,29659973500.0,71479,98.36,3,98.355,70,nan,0,nan,0,nan,0,nan,0,nan,0,nan,0,nan,0,nan,0
1597988511110711040,1597988511416999936,2020-08-21 13:41:51.417000,98.36,98.415,98.19,98.195,nan,98.3,30181,29667842300.0,71477,98.365,31,98.36,4,nan,0,nan,0,nan,0,nan,0,nan,0,nan,0,nan,0,nan,0
1597988511590336000,1597988511924999936,2020-08-21 13:41:51.925000,98.36,98.415,98.19,98.195,nan,98.3,30181,29667842300.0,71477,98.365,32,98.36,7,nan,0,nan,0,nan,0,nan,0,nan,0,nan,0,nan,0,nan,0
1597988512080497920,1597988512430000128,2020-08-21 13:41:52.430000,98.365,98.415,98.19,98.195,nan,98.3,30182,29668825950.0,71476,98.365,31,98.36,8,nan,0,nan,0,nan,0,nan,0,nan,0,nan,0,nan,0,nan,0
1597988512578908928,1597988512914000128,2020-08-21 13:41:52.914000,98.365,98.415,98.19,98.195,nan,98.3,30182,29668825950.0,71476,98.365,32,98.36,9,nan,0,nan,0,nan,0,nan,0,nan,0,nan,0,nan,0,nan,0
1597988513106285056,1597988513436999936,2020-08-21 13:41:53.437000,98.365,98.415,98.19,98.195,nan,98.3,30185,29671776900.0,71476,98.365,28,98.36,12,nan,0,nan,0,nan,0,nan,0,nan,0,nan,0,nan,0,nan,0
1597988513582329088,1597988513936000000,2020-08-21 13:41:53.936000,98.365,98.415,98.19,98.195,nan,98.3,30186,29672760550.0,71476,98.365,27,98.36,15,nan,0,nan,0,nan,0,nan,0,nan,0,nan,0,nan,0,nan,0
1597988514104930048,1597988514434000128,2020-08-21 13:41:54.434000,98.365,98.415,98.19,98.195,nan,98.3,30186,29672760550.0,71476,98.365,27,98.36,21,nan,0,nan,0,nan,0,nan,0,nan,0,nan,0,nan,0,nan,0
1597988514591855104,1597988514895000064,2020-08-21 13:41:54.895000,98.365,98.415,98.19,98.195,nan,98.3,30186,29672760550.0,71476,98.365,27,98.36,22,nan,0,nan,0,nan,0,nan,0,nan,0,nan,0,nan,0,nan,0
1597988515086512896,1597988515438999808,2020-08-21 13:41:55.439000,98.365,98.415,98.19,98.195,nan,98.3,30187,29673744200.0,71476,98.365,26,98.36,22,nan,0,nan,0,nan,0,nan,0,nan,0,nan,0,nan,0,nan,0
1597988515581360896,1597988515927000064,2020-08-21 13:41:55.927000,98.36,98.415,98.19,98.195,nan,98.3,30188,29674727800.0,71476,98.365,26,98.36,21,nan,0,nan,0,nan,0,nan,0,nan,0,nan,0,nan,0,nan,0
1597988516088761088,1597988516435000064,2020-08-21 13:41:56.435000,98.36,98.415,98.19,98.195,nan,98.3,30188,29674727800.0,71476,98.365,26,98.36,19,nan,0,nan,0,nan,0,nan,0,nan,0,nan,0,nan,0,nan,0
1597988516578476032,1597988516936000000,2020-08-21 13:41:56.936000,98.36,98.415,98.19,98.195,nan,98.3,30188,29674727800.0,71476,98.365,28,98.36,19,nan,0,nan,0,nan,0,nan,0,nan,0,nan,0,nan,0,nan,0
1597988517104878080,1597988517398999808,2020-08-21 13:41:57.399000,98.36,98.415,98.19,98.195,nan,98.3,30188,29674727800.0,71476,98.365,28,98.36,19,nan,0,nan,0,nan,0,nan,0,nan,0,nan,0,nan,0,nan,0
1597988518099021056,1597988518431000064,2020-08-21 13:41:58.431000,98.36,98.415,98.19,98.195,nan,98.3,30188,29674727800.0,71476,98.365,28,98.36,19,nan,0,nan,0,nan,0,nan,0,nan,0,nan,0,nan,0,nan,0
1597988518616231936,1597988518930000128,2020-08-21 13:41:58.930000,98.365,98.415,98.19,98.195,nan,98.3,30190,29676695100.0,71475,98.365,26,98.36,20,nan,0,nan,0,nan,0,nan,0,nan,0,nan,0,nan,0,nan,0
1597988519085539072,1597988519436000000,2020-08-21 13:41:59.436000,98.365,98.415,98.19,98.195,nan,98.3,30190,29676695100.0,71475,98.365,24,98.36,20,nan,0,nan,0,nan,0,nan,0,nan,0,nan,0,nan,0,nan,0
1597988519587687936,1597988519936999936,2020-08-21 13:41:59.937000,98.365,98.415,98.19,98.195,nan,98.3,30190,29676695100.0,71475,98.365,24,98.36,22,nan,0,nan,0,nan,0,nan,0,nan,0,nan,0,nan,0,nan,0
1597988520097922048,1597988520426000128,2020-08-21 13:42:00.426000,98.365,98.415,98.19,98.195,nan,98.3,30190,29676695100.0,71475,98.365,24,98.36,22,nan,0,nan,0,nan,0,nan,0,nan,0,nan,0,nan,0,nan,0
1597988520587706112,1597988520937999872,2020-08-21 13:42:00.938000,98.365,98.415,98.19,98.195,nan,98.3,30190,29676695100.0,71475,98.365,24,98.36,22,nan,0,nan,0,nan,0,nan,0,nan,0,nan,0,nan,0,nan,0
1597988521094437888,1597988521368000000,2020-08-21 13:42:01.368000,98.365,98.415,98.19,98.195,nan,98.3,30190,29676695100.0,71475,98.365,24,98.36,24,nan,0,nan,0,nan,0,nan,0,nan,0,nan,0,nan,0,nan,0
1597988522108566016,1597988522437999872,2020-08-21 13:42:02.438000,98.365,98.415,98.19,98.195,nan,98.3,30191,29677678750.0,71474,98.365,23,98.36,23,nan,0,nan,0,nan,0,nan,0,nan,0,nan,0,nan,0,nan,0
1597988522609735936,1597988522936000000,2020-08-21 13:42:02.936000,98.365,98.415,98.19,98.195,nan,98.3,30191,29677678750.0,71474,98.365,23,98.36,20,nan,0,nan,0,nan,0,nan,0,nan,0,nan,0,nan,0,nan,0
1597988523113673984,1597988523433000192,2020-08-21 13:42:03.433000,98.365,98.415,98.19,98.195,nan,98.3,30191,29677678750.0,71474,98.365,23,98.36,20,nan,0,nan,0,nan,0,nan,0,nan,0,nan,0,nan,0,nan,0
1597988523591872000,1597988523927000064,2020-08-21 13:42:03.927000,98.365,98.415,98.19,98.195,nan,98.3,30191,29677678750.0,71474,98.365,23,98.36,20,nan,0,nan,0,nan,0,nan,0,nan,0,nan,0,nan,0,nan,0
1597988524599092992,1597988524913000192,2020-08-21 13:42:04.913000,98.365,98.415,98.19,98.195,nan,98.3,30191,29677678750.0,71474,98.365,23,98.36,20,nan,0,nan,0,nan,0,nan,0,nan,0,nan,0,nan,0,nan,0
1597988525588922880,1597988525935000064,2020-08-21 13:42:05.935000,98.365,98.415,98.19,98.195,nan,98.3,30191,29677678750.0,71474,98.365,23,98.36,20,nan,0,nan,0,nan,0,nan,0,nan,0,nan,0,nan,0,nan,0
