local_nano_time,quote_nano_time,datetime,last_price,highest,lowest,open,close,average,volume,amount,open_interest,ask_price1,ask_volume1,bid_price1,bid_volume1,ask_price2,ask_volume2,bid_price2,bid_volume2,ask_price3,ask_volume3,bid_price3,bid_volume3,ask_price4,ask_volume4,bid_price4,bid_volume4,ask_price5,ask_volume5,bid_price5,bid_volume5
1597988229675709952,1597988230194000128,2020-08-21 13:37:10.194000,1941.5,1968.0,1929.5,1956.0,nan,1949.5,119593,23316062000.0,98051,1941.5,6,1941.0,15,nan,0,nan,0,nan,0,nan,0,nan,0,nan,0,nan,0,nan,0
1597988230633191936,1597988231226000128,2020-08-21 13:37:11.226000,1941.5,1968.0,1929.5,1956.0,nan,1949.5,119593,23316062000.0,98051,1941.5,7,1941.0,15,nan,0,nan,0,nan,0,nan,0,nan,0,nan,0,nan,0,nan,0
1597988232634178048,1597988233224999936,2020-08-21 13:37:13.225000,1941.5,1968.0,1929.5,1956.0,nan,1949.5,119595,23316450300.0,98053,1941.5,5,1941.0,15,nan,0,nan,0,nan,0,nan,0,nan,0,nan,0,nan,0,nan,0
1597988233130429952,1597988233696999936,2020-08-21 13:37:13.697000,1941.5,1968.0,1929.5,1956.0,nan,1949.5,119605,23318391800.0,98053,1942.0,9,1941.5,29,nan,0,nan,0,nan,0,nan,0,nan,0,nan,0,nan,0,nan,0
1597988233642729984,1597988234214999808,2020-08-21 13:37:14.215000,1942.0,1968.0,1929.5,1956.0,nan,1949.5,119613,23319945400.0,98055,1942.5,16,1942.0,9,nan,0,nan,0,nan,0,nan,0,nan,0,nan,0,nan,0,nan,0
1597988234167563008,1597988234667000064,2020-08-21 13:37:14.667000,1942.0,1968.0,1929.5,1956.0,nan,1949.5,119619,23321110600.0,98057,1942.5,12,1942.0,11,nan,0,nan,0,nan,0,nan,0,nan,0,nan,0,nan,0,nan,0
1597988234630526976,1597988235101999872,2020-08-21 13:37:15.102000,1942.5,1968.0,1929.5,1956.0,nan,1949.5,119620,23321304850.0,98058,1942.5,9,1942.0,20,nan,0,nan,0,nan,0,nan,0,nan,0,nan,0,nan,0,nan,0
1597988235158740992,1597988235579000064,2020-08-21 13:37:15.579000,1942.5,1968.0,1929.5,1956.0,nan,1949.5,119620,23321304850.0,98058,1942.5,16,1942.0,20,nan,0,nan,0,nan,0,nan,0,nan,0,nan,0,nan,0,nan,0
1597988236144506112,1597988236734999808,2020-08-21 13:37:16.735000,1942.0,1968.0,1929.5,1956.0,nan,1949.5,119623,23321887550.0,98059,1942.5,14,1942.0,20,nan,0,nan,0,nan,0,nan,0,nan,0,nan,0,nan,0,nan,0
1597988236635900928,1597988237232000000,2020-08-21 13:37:17.232000,1942.0,1968.0,1929.5,1956.0,nan,1949.5,119624,23322081750.0,98058,1942.5,14,1942.0,19,nan,0,nan,0,nan,0,nan,0,nan,0,nan,0,nan,0,nan,0
1597988237177504000,1597988237740000000,2020-08-21 13:37:17.740000,1942.5,1968.0,1929.5,1956.0,nan,1949.5,119626,23322470200.0,98058,1942.5,14,1942.0,18,nan,0,nan,0,nan,0,nan,0,nan,0,nan,0,nan,0,nan,0
1597988237635325952,1597988238211000064,2020-08-21 13:37:18.211000,1942.5,1968.0,1929.5,1956.0,nan,1949.5,119632,23323635700.0,98060,1943.0,25,1942.0,18,nan,0,nan,0,nan,0,nan,0,nan,0,nan,0,nan,0,nan,0
1597988238190088960,1597988238712000000,2020-08-21 13:37:18.712000,1942.5,1968.0,1929.5,1956.0,nan,1949.5,119641,23325383950.0,98060,1942.5,1,1942.0,9,nan,0,nan,0,nan,0,nan,0,nan,0,nan,0,nan,0,nan,0
1597988238634103040,1597988239240999936,2020-08-21 13:37:19.241000,1942.5,1968.0,1929.5,1956.0,nan,1949.5,119641,23325383950.0,98060,1942.5,12,1942.0,9,nan,0,nan,0,nan,0,nan,0,nan,0,nan,0,nan,0,nan,0
1597988239142062080,1597988239690000128,2020-08-21 13:37:19.690000,1942.5,1968.0,1929.5,1956.0,nan,1949.5,119641,23325383950.0,98060,1942.5,13,1942.0,9,nan,0,nan,0,nan,0,nan,0,nan,0,nan,0,nan,0,nan,0
1597988239641485056,1597988240232999936,2020-08-21 13:37:20.233000,1942.5,1968.0,1929.5,1956.0,nan,1949.5,119644,23325966700.0,98062,1942.5,10,1942.0,9,nan,0,nan,0,nan,0,nan,0,nan,0,nan,0,nan,0,nan,0
1597988240150671104,1597988240709000192,2020-08-21 13:37:20.709000,1942.0,1968.0,1929.5,1956.0,nan,1949.5,119650,23327132150.0,98068,1942.5,7,1942.0,8,nan,0,nan,0,nan,0,nan,0,nan,0,nan,0,nan,0,nan,0
1597988240643049984,1597988241204000000,2020-08-21 13:37:21.204000,1942.0,1968.0,1929.5,1956.0,nan,1949.5,119659,23328879950.0,98072,1942.5,17,1942.0,1,nan,0,nan,0,nan,0,nan,0,nan,0,nan,0,nan,0,nan,0
1597988241146055936,1597988241713999872,2020-08-21 13:37:21.714000,1942.0,1968.0,1929.5,1956.0,nan,1949.5,119664,23329850950.0,98074,1942.0,9,1941.5,163,nan,0,nan,0,nan,0,nan,0,nan,0,nan,0,nan,0,nan,0
1597988241645821952,1597988242228000000,2020-08-21 13:37:22.228000,1942.0,1968.0,1929.5,1956.0,nan,1949.5,119666,23330239350.0,98074,1942.0,9,1941.5,163,nan,0,nan,0,nan,0,nan,0,nan,0,nan,0,nan,0,nan,0
1597988242641666048,1597988243184000000,2020-08-21 13:37:23.184000,1942.0,1968.0,1929.5,1956.0,nan,1949.5,119666,23330239350.0,98074,1942.0,10,1941.5,163,nan,0,nan,0,nan,0,nan,0,nan,0,nan,0,nan,0,nan,0
1597988243161178112,1597988243736999936,2020-08-21 13:37:23.737000,1942.0,1968.0,1929.5,1956.0,nan,1949.5,119668,23330627750.0,98076,1942.0,10,1941.5,164,nan,0,nan,0,nan,0,nan,0,nan,0,nan,0,nan,0,nan,0
1597988243642939904,1597988244160000000,2020-08-21 13:37:24.160000,1942.0,1968.0,1929.5,1956.0,nan,1949.5,119670,23331016150.0,98078,1942.0,8,1941.5,164,nan,0,nan,0,nan,0,nan,0,nan,0,nan,0,nan,0,nan,0
1597988244139156992,1597988244698999808,2020-08-21 13:37:24.699000,1941.5,1968.0,1929.5,1956.0,nan,1949.5,119672,23331404450.0,98078,1942.0,8,1941.5,166,nan,0,nan,0,nan,0,nan,0,nan,0,nan,0,nan,0,nan,0
1597988244639473920,1597988245172000000,2020-08-21 13:37:25.172000,1942.0,1968.0,1929.5,1956.0,nan,1949.5,119678,23332569600.0,98082,1942.0,13,1941.5,165,nan,0,nan,0,nan,0,nan,0,nan,0,nan,0,nan,0,nan,0
1597988245636441088,1597988246232999936,2020-08-21 13:37:26.233000,1941.5,1968.0,1929.5,1956.0,nan,1949.5,119679,23332763750.0,98082,1942.0,13,1941.5,164,nan,0,nan,0,nan,0,nan,0,nan,0,nan,0,nan,0,nan,0
1597988246196140032,1597988246687000064,2020-08-21 13:37:26.687000,1941.5,1968.0,1929.5,1956.0,nan,1949.5,119679,23332763750.0,98082,1942.0,13,1941.5,165,nan,0,nan,0,nan,0,nan,0,nan,0,nan,0,nan,0,nan,0
1597988247635188992,1597988248221999872,2020-08-21 13:37:28.222000,1941.5,1968.0,1929.5,1956.0,nan,1949.5,119689,23334705250.0,98072,1942.0,13,1941.5,155,nan,0,nan,0,nan,0,nan,0,nan,0,nan,0,nan,0,nan,0
1597988248176814080,1597988248716000000,2020-08-21 13:37:28.716000,1942.0,1968.0,1929.5,1956.0,nan,1949.5,119690,23334899450.0,98073,1942.0,12,1941.5,156,nan,0,nan,0,nan,0,nan,0,nan,0,nan,0,nan,0,nan,0
1597988248644487936,1597988249240000000,2020-08-21 13:37:29.240000,1942.0,1968.0,1929.5,1956.0,nan,1949.5,119690,23334899450.0,98073,1942.0,12,1941.5,157,nan,0,nan,0,nan,0,nan,0,nan,0,nan,0,nan,0,nan,0
1597988249180783104,1597988249731000064,2020-08-21 13:37:29.731000,1942.0,1968.0,1929.5,1956.0,nan,1949.5,119703,23337424050.0,98083,1942.5,21,1942.0,6,nan,0,nan,0,nan,0,nan,0,nan,0,nan,0,nan,0,nan,0
1597988249628930048,1597988250240000000,2020-08-21 13:37:30.240000,1942.0,1968.0,1929.5,1956.0,nan,1949.5,119703,23337424050.0,98083,1942.5,22,1942.0,9,nan,0,nan,0,nan,0,nan,0,nan,0,nan,0,nan,0,nan,0
1597988250207851008,1597988250739000064,2020-08-21 13:37:30.739000,1942.0,1968.0,1929.5,1956.0,nan,1949.5,119703,23337424050.0,98083,1942.5,26,1942.0,9,nan,0,nan,0,nan,0,nan,0,nan,0,nan,0,nan,0,nan,0
1597988250650440960,1597988251240000000,2020-08-21 13:37:31.240000,1942.0,1968.0,1929.5,1956.0,nan,1949.5,119709,23338589250.0,98084,1942.5,26,1942.0,2,nan,0,nan,0,nan,0,nan,0,nan,0,nan,0,nan,0,nan,0
1597988251142244096,1597988251737999872,2020-08-21 13:37:31.738000,1942.0,1968.0,1929.5,1956.0,nan,1949.5,119710,23338783450.0,98084,1942.5,26,1942.0,1,nan,0,nan,0,nan,0,nan,0,nan,0,nan,0,nan,0,nan,0
1597988251658543104,1597988252190000128,2020-08-21 13:37:32.190000,1942.0,1968.0,1929.5,1956.0,nan,1949.5,119711,23338977650.0,98083,1942.5,26,1941.5,155,nan,0,nan,0,nan,0,nan,0,nan,0,nan,0,nan,0,nan,0
1597988252144727040,1597988252742000128,2020-08-21 13:37:32.742000,1942.0,1968.0,1929.5,1956.0,nan,1949.5,119711,23338977650.0,98083,1942.0,1,1941.5,155,nan,0,nan,0,nan,0,nan,0,nan,0,nan,0,nan,0,nan,0
1597988252665259008,1597988253234999808,2020-08-21 13:37:33.235000,1942.0,1968.0,1929.5,1956.0,nan,1949.5,119711,23338977650.0,98083,1942.0,5,1941.5,155,nan,0,nan,0,nan,0,nan,0,nan,0,nan,0,nan,0,nan,0
1597988253191376896,1597988253730000128,2020-08-21 13:37:33.730000,1942.0,1968.0,1929.5,1956.0,nan,1949.5,119716,23339948650.0,98084,1942.5,26,1941.5,155,nan,0,nan,0,nan,0,nan,0,nan,0,nan,0,nan,0,nan,0
1597988254135173888,1597988254739000064,2020-08-21 13:37:34.739000,1941.5,1968.0,1929.5,1956.0,nan,1949.5,119726,23341890150.0,98074,1942.5,26,1941.5,145,nan,0,nan,0,nan,0,nan,0,nan,0,nan,0,nan,0,nan,0
1597988254633691904,1597988255216000000,2020-08-21 13:37:35.216000,1942.0,1968.0,1929.5,1956.0,nan,1949.5,119727,23342084350.0,98075,1942.0,8,1941.5,144,nan,0,nan,0,nan,0,nan,0,nan,0,nan,0,nan,0,nan,0
1597988255138850048,1597988255736000000,2020-08-21 13:37:35.736000,1942.0,1968.0,1929.5,1956.0,nan,1949.5,119727,23342084350.0,98075,1942.0,8,1941.5,146,nan,0,nan,0,nan,0,nan,0,nan,0,nan,0,nan,0,nan,0
1597988255638877952,1597988256232999936,2020-08-21 13:37:36.233000,1942.0,1968.0,1929.5,1956.0,nan,1949.5,119735,23343637950.0,98083,1942.5,26,1942.0,4,nan,0,nan,0,nan,0,nan,0,nan,0,nan,0,nan,0,nan,0
1597988256175896064,1597988256673000192,2020-08-21 13:37:36.673000,1942.0,1968.0,1929.5,1956.0,nan,1949.5,119735,23343637950.0,98083,1942.5,27,1942.0,4,nan,0,nan,0,nan,0,nan,0,nan,0,nan,0,nan,0,nan,0
1597988258164020992,1597988258733999872,2020-08-21 13:37:38.734000,1942.5,1968.0,1929.5,1956.0,nan,1949.5,119742,23344997600.0,98090,1942.5,24,1942.0,4,nan,0,nan,0,nan,0,nan,0,nan,0,nan,0,nan,0,nan,0
1597988258633312000,1597988259209000192,2020-08-21 13:37:39.209000,1942.0,1968.0,1929.5,1956.0,nan,1949.5,119743,23345191800.0,98091,1942.5,24,1942.0,5,nan,0,nan,0,nan,0,nan,0,nan,0,nan,0,nan,0,nan,0
1597988261180566016,1597988261723000064,2020-08-21 13:37:41.723000,1942.5,1968.0,1929.5,1956.0,nan,1949.5,119744,23345386050.0,98092,1942.5,26,1942.0,8,nan,0,nan,0,nan,0,nan,0,nan,0,nan,0,nan,0,nan,0
1597988261634801920,1597988262239000064,2020-08-21 13:37:42.239000,1942.0,1968.0,1929.5,1956.0,nan,1949.5,119751,23346745450.0,98088,1942.5,33,1942.0,2,nan,0,nan,0,nan,0,nan,0,nan,0,nan,0,nan,0,nan,0
1597988262179849984,1597988262742000128,2020-08-21 13:37:42.742000,1942.0,1968.0,1929.5,1956.0,nan,1949.5,119755,23347522250.0,98092,1942.0,5,1941.5,150,nan,0,nan,0,nan,0,nan,0,nan,0,nan,0,nan,0,nan,0
1597988262633485056,1597988263232999936,2020-08-21 13:37:43.233000,1942.0,1968.0,1929.5,1956.0,nan,1949.5,119758,23348104850.0,98094,1942.0,2,1941.5,150,nan,0,nan,0,nan,0,nan,0,nan,0,nan,0,nan,0,nan,0
1597988263127337984,1597988263686000128,2020-08-21 13:37:43.686000,1942.0,1968.0,1929.5,1956.0,nan,1949.5,119760,23348493250.0,98095,1942.5,33,1942.0,1,nan,0,nan,0,nan,0,nan,0,nan,0,nan,0,nan,0,nan,0
1597988263629392896,1597988264236999936,2020-08-21 13:37:44.237000,1942.0,1968.0,1929.5,1956.0,nan,1949.5,119760,23348493250.0,98095,1942.5,26,1942.0,12,nan,0,nan,0,nan,0,nan,0,nan,0,nan,0,nan,0,nan,0
1597988264154554112,1597988264730000128,2020-08-21 13:37:44.730000,1942.5,1968.0,1929.5,1956.0,nan,1949.5,119762,23348881750.0,98094,1942.5,9,1942.0,13,nan,0,nan,0,nan,0,nan,0,nan,0,nan,0,nan,0,nan,0
1597988264631217920,1597988265232000000,2020-08-21 13:37:45.232000,1942.5,1968.0,1929.5,1956.0,nan,1949.5,119762,23348881750.0,98094,1942.5,8,1942.0,14,nan,0,nan,0,nan,0,nan,0,nan,0,nan,0,nan,0,nan,0
1597988265179005952,1597988265709000192,2020-08-21 13:37:45.709000,1942.5,1968.0,1929.5,1956.0,nan,1949.5,119764,23349270250.0,98092,1942.5,6,1942.0,14,nan,0,nan,0,nan,0,nan,0,nan,0,nan,0,nan,0,nan,0
1597988266630043904,1597988267224000000,2020-08-21 13:37:47.224000,1942.5,1968.0,1929.5,1956.0,nan,1949.5,119764,23349270250.0,98092,1942.5,6,1942.0,15,nan,0,nan,0,nan,0,nan,0,nan,0,nan,0,nan,0,nan,0
1597988267168506112,1597988267736999936,2020-08-21 13:37:47.737000,1942.5,1968.0,1929.5,1956.0,nan,1949.5,119764,23349270250.0,98092,1942.5,7,1942.0,15,nan,0,nan,0,nan,0,nan,0,nan,0,nan,0,nan,0,nan,0
1597988267627405056,1597988268177999872,2020-08-21 13:37:48.178000,1942.0,1968.0,1929.5,1956.0,nan,1949.5,119765,23349464450.0,98092,1942.5,7,1942.0,14,nan,0,nan,0,nan,0,nan,0,nan,0,nan,0,nan,0,nan,0
1597988268147933952,1597988268732999936,2020-08-21 13:37:48.733000,1942.0,1968.0,1929.5,1956.0,nan,1949.5,119769,23350241250.0,98093,1942.5,7,1942.0,11,nan,0,nan,0,nan,0,nan,0,nan,0,nan,0,nan,0,nan,0
1597988268635653888,1597988269240000000,2020-08-21 13:37:49.240000,1942.0,1968.0,1929.5,1956.0,nan,1949.5,119769,23350241250.0,98093,1942.5,12,1942.0,11,nan,0,nan,0,nan,0,nan,0,nan,0,nan,0,nan,0,nan,0
1597988269129819904,1597988269736000000,2020-08-21 13:37:49.736000,1942.0,1968.0,1929.5,1956.0,nan,1949.5,119770,23350435450.0,98092,1942.5,12,1942.0,10,nan,0,nan,0,nan,0,nan,0,nan,0,nan,0,nan,0,nan,0
1597988269649321984,1597988270220000000,2020-08-21 13:37:50.220000,1942.0,1968.0,1929.5,1956.0,nan,1949.5,119770,23350435450.0,98092,1942.5,16,1942.0,10,nan,0,nan,0,nan,0,nan,0,nan,0,nan,0,nan,0,nan,0
1597988270146162944,1597988270728000000,2020-08-21 13:37:50.728000,1942.0,1968.0,1929.5,1956.0,nan,1949.5,119770,23350435450.0,98092,1942.5,16,1942.0,11,nan,0,nan,0,nan,0,nan,0,nan,0,nan,0,nan,0,nan,0
1597988270632827904,1597988271228000000,2020-08-21 13:37:51.228000,1942.5,1968.0,1929.5,1956.0,nan,1949.5,119787,23353737700.0,98102,1943.0,25,1942.5,5,nan,0,nan,0,nan,0,nan,0,nan,0,nan,0,nan,0,nan,0
1597988271144603904,1597988271693000192,2020-08-21 13:37:51.693000,1942.5,1968.0,1929.5,1956.0,nan,1949.5,119788,23353931950.0,98103,1943.0,26,1942.5,9,nan,0,nan,0,nan,0,nan,0,nan,0,nan,0,nan,0,nan,0
1597988273141251072,1597988273728000000,2020-08-21 13:37:53.728000,1942.5,1968.0,1929.5,1956.0,nan,1949.5,119789,23354126200.0,98104,1943.0,26,1942.5,8,nan,0,nan,0,nan,0,nan,0,nan,0,nan,0,nan,0,nan,0
1597988273626980096,1597988274236000000,2020-08-21 13:37:54.236000,1942.5,1968.0,1929.5,1956.0,nan,1949.5,119791,23354514700.0,98106,1943.0,26,1942.5,5,nan,0,nan,0,nan,0,nan,0,nan,0,nan,0,nan,0,nan,0
1597988274634484992,1597988275239000064,2020-08-21 13:37:55.239000,1943.0,1968.0,1929.5,1956.0,nan,1949.5,119796,23355486200.0,98109,1943.0,24,1942.5,6,nan,0,nan,0,nan,0,nan,0,nan,0,nan,0,nan,0,nan,0
1597988275133275904,1597988275624000000,2020-08-21 13:37:55.624000,1943.0,1968.0,1929.5,1956.0,nan,1949.5,119796,23355486200.0,98109,1943.0,24,1942.5,26,nan,0,nan,0,nan,0,nan,0,nan,0,nan,0,nan,0,nan,0
1597988275710818048,1597988276240999936,2020-08-21 13:37:56.241000,1943.0,1968.0,1929.5,1956.0,nan,1949.5,119796,23355486200.0,98109,1943.0,24,1942.5,25,nan,0,nan,0,nan,0,nan,0,nan,0,nan,0,nan,0,nan,0
1597988276141833984,1597988276736999936,2020-08-21 13:37:56.737000,1942.5,1968.0,1929.5,1956.0,nan,1949.5,119797,23355680450.0,98109,1943.0,24,1942.5,26,nan,0,nan,0,nan,0,nan,0,nan,0,nan,0,nan,0,nan,0
1597988278144999936,1597988278713999872,2020-08-21 13:37:58.714000,1943.0,1968.0,1929.5,1956.0,nan,1949.5,119802,23356651950.0,98109,1943.0,19,1942.5,39,nan,0,nan,0,nan,0,nan,0,nan,0,nan,0,nan,0,nan,0
1597988278632397056,1597988279236000000,2020-08-21 13:37:59.236000,1943.0,1968.0,1929.5,1956.0,nan,1949.5,119802,23356651950.0,98109,1943.0,18,1942.5,39,nan,0,nan,0,nan,0,nan,0,nan,0,nan,0,nan,0,nan,0
1597988279151237120,1597988279697999872,2020-08-21 13:37:59.698000,1943.0,1968.0,1929.5,1956.0,nan,1949.5,119803,23356846250.0,98108,1943.0,18,1942.5,39,nan,0,nan,0,nan,0,nan,0,nan,0,nan,0,nan,0,nan,0
1597988280164402944,1597988280742000128,2020-08-21 13:38:00.742000,1943.0,1968.0,1929.5,1956.0,nan,1949.5,119805,23357234800.0,98107,1943.0,17,1942.5,38,nan,0,nan,0,nan,0,nan,0,nan,0,nan,0,nan,0,nan,0
1597988280632007936,1597988281236999936,2020-08-21 13:38:01.237000,1942.5,1968.0,1929.5,1956.0,nan,1949.5,119809,23358011800.0,98104,1943.0,18,1942.5,35,nan,0,nan,0,nan,0,nan,0,nan,0,nan,0,nan,0,nan,0
1597988281145489920,1597988281648000000,2020-08-21 13:38:01.648000,1942.5,1968.0,1929.5,1956.0,nan,1949.5,119809,23358011800.0,98104,1943.0,17,1942.5,43,nan,0,nan,0,nan,0,nan,0,nan,0,nan,0,nan,0,nan,0
1597988281631294976,1597988282180999936,2020-08-21 13:38:02.181000,1942.5,1968.0,1929.5,1956.0,nan,1949.5,119809,23358011800.0,98104,1943.0,17,1942.5,44,nan,0,nan,0,nan,0,nan,0,nan,0,nan,0,nan,0,nan,0
1597988282148260096,1597988282688000000,2020-08-21 13:38:02.688000,1943.0,1968.0,1929.5,1956.0,nan,1949.5,119810,23358206100.0,98104,1943.0,19,1942.5,48,nan,0,nan,0,nan,0,nan,0,nan,0,nan,0,nan,0,nan,0
1597988282639347968,1597988283207000064,2020-08-21 13:38:03.207000,1942.5,1968.0,1929.5,1956.0,nan,1949.5,119812,23358594650.0,98105,1943.0,18,1942.5,48,nan,0,nan,0,nan,0,nan,0,nan,0,nan,0,nan,0,nan,0
1597988283631628032,1597988284236000000,2020-08-21 13:38:04.236000,1942.5,1968.0,1929.5,1956.0,nan,1949.5,119813,23358788900.0,98105,1943.0,18,1942.5,47,nan,0,nan,0,nan,0,nan,0,nan,0,nan,0,nan,0,nan,0
1597988284143323904,1597988284694999808,2020-08-21 13:38:04.695000,1943.0,1968.0,1929.5,1956.0,nan,1949.5,119817,23359566050.0,98107,1943.0,15,1942.5,47,nan,0,nan,0,nan,0,nan,0,nan,0,nan,0,nan,0,nan,0
1597988284631792896,1597988285211000064,2020-08-21 13:38:05.211000,1942.5,1968.0,1929.5,1956.0,nan,1949.5,119818,23359760300.0,98107,1943.0,16,1942.5,46,nan,0,nan,0,nan,0,nan,0,nan,0,nan,0,nan,0,nan,0
1597988285157297920,1597988285628999936,2020-08-21 13:38:05.629000,1943.0,1968.0,1929.5,1956.0,nan,1949.5,119819,23359954600.0,98107,1943.0,15,1942.5,46,nan,0,nan,0,nan,0,nan,0,nan,0,nan,0,nan,0,nan,0
1597988285635618048,1597988286236999936,2020-08-21 13:38:06.237000,1942.5,1968.0,1929.5,1956.0,nan,1949.5,119820,23360148850.0,98108,1943.0,15,1942.5,45,nan,0,nan,0,nan,0,nan,0,nan,0,nan,0,nan,0,nan,0
1597988286145060096,1597988286732999936,2020-08-21 13:38:06.733000,1942.5,1968.0,1929.5,1956.0,nan,1949.5,119820,23360148850.0,98108,1943.0,19,1942.5,45,nan,0,nan,0,nan,0,nan,0,nan,0,nan,0,nan,0,nan,0
1597988287141346048,1597988287739000064,2020-08-21 13:38:07.739000,1942.5,1968.0,1929.5,1956.0,nan,1949.5,119821,23360343100.0,98108,1943.0,19,1942.5,44,nan,0,nan,0,nan,0,nan,0,nan,0,nan,0,nan,0,nan,0
1597988288629671936,1597988289240999936,2020-08-21 13:38:09.241000,1942.5,1968.0,1929.5,1956.0,nan,1949.5,119822,23360537350.0,98109,1943.0,19,1942.5,43,nan,0,nan,0,nan,0,nan,0,nan,0,nan,0,nan,0,nan,0
1597988289170885888,1597988289724999936,2020-08-21 13:38:09.725000,1943.0,1968.0,1929.5,1956.0,nan,1949.5,119828,23361703150.0,98109,1943.0,13,1942.5,43,nan,0,nan,0,nan,0,nan,0,nan,0,nan,0,nan,0,nan,0
1597988289646145024,1597988290228000000,2020-08-21 13:38:10.228000,1942.5,1968.0,1929.5,1956.0,nan,1949.5,119843,23364617400.0,98108,1943.5,34,1942.5,39,nan,0,nan,0,nan,0,nan,0,nan,0,nan,0,nan,0,nan,0
1597988290140783104,1597988290602999808,2020-08-21 13:38:10.603000,1943.0,1968.0,1929.5,1956.0,nan,1949.5,119850,23365977700.0,98105,1943.5,30,1942.5,33,nan,0,nan,0,nan,0,nan,0,nan,0,nan,0,nan,0,nan,0
1597988290636691968,1597988291226000128,2020-08-21 13:38:11.226000,1943.0,1968.0,1929.5,1956.0,nan,1949.5,119850,23365977700.0,98105,1943.5,29,1942.5,33,nan,0,nan,0,nan,0,nan,0,nan,0,nan,0,nan,0,nan,0
1597988291160386048,1597988291740999936,2020-08-21 13:38:11.741000,1943.0,1968.0,1929.5,1956.0,nan,1949.5,119850,23365977700.0,98105,1943.5,29,1943.0,2,nan,0,nan,0,nan,0,nan,0,nan,0,nan,0,nan,0,nan,0
1597988291637782016,1597988292220000000,2020-08-21 13:38:12.220000,1943.0,1968.0,1929.5,1956.0,nan,1949.5,119851,23366172000.0,98105,1943.5,18,1943.0,13,nan,0,nan,0,nan,0,nan,0,nan,0,nan,0,nan,0,nan,0
1597988292155226112,1597988292713999872,2020-08-21 13:38:12.714000,1943.0,1968.0,1929.5,1956.0,nan,1949.5,119859,23367726400.0,98112,1943.5,18,1943.0,14,nan,0,nan,0,nan,0,nan,0,nan,0,nan,0,nan,0,nan,0
1597988292637506048,1597988293220999936,2020-08-21 13:38:13.221000,1943.0,1968.0,1929.5,1956.0,nan,1949.5,119859,23367726400.0,98112,1943.5,19,1943.0,14,nan,0,nan,0,nan,0,nan,0,nan,0,nan,0,nan,0,nan,0
1597988293138925056,1597988293712000000,2020-08-21 13:38:13.712000,1943.0,1968.0,1929.5,1956.0,nan,1949.5,119859,23367726400.0,98112,1943.5,19,1943.0,15,nan,0,nan,0,nan,0,nan,0,nan,0,nan,0,nan,0,nan,0
1597988293667855104,1597988294209000192,2020-08-21 13:38:14.209000,1943.5,1968.0,1929.5,1956.0,nan,1949.5,119860,23367920750.0,98111,1943.5,18,1943.0,16,nan,0,nan,0,nan,0,nan,0,nan,0,nan,0,nan,0,nan,0
1597988294143787008,1597988294740000000,2020-08-21 13:38:14.740000,1943.0,1968.0,1929.5,1956.0,nan,1949.5,119862,23368309350.0,98112,1943.5,18,1943.0,15,nan,0,nan,0,nan,0,nan,0,nan,0,nan,0,nan,0,nan,0
1597988294633337088,1597988295227000064,2020-08-21 13:38:15.227000,1943.0,1968.0,1929.5,1956.0,nan,1949.5,119863,23368503650.0,98113,1943.5,18,1943.0,15,nan,0,nan,0,nan,0,nan,0,nan,0,nan,0,nan,0,nan,0
1597988295200763904,1597988295708000000,2020-08-21 13:38:15.708000,1943.0,1968.0,1929.5,1956.0,nan,1949.5,119866,23369086550.0,98111,1943.5,22,1943.0,16,nan,0,nan,0,nan,0,nan,0,nan,0,nan,0,nan,0,nan,0
1597988295633031936,1597988296236999936,2020-08-21 13:38:16.237000,1943.0,1968.0,1929.5,1956.0,nan,1949.5,119867,23369280850.0,98110,1943.5,22,1943.0,15,nan,0,nan,0,nan,0,nan,0,nan,0,nan,0,nan,0,nan,0
1597988296128337920,1597988296729000192,2020-08-21 13:38:16.729000,1943.0,1968.0,1929.5,1956.0,nan,1949.5,119873,23370446650.0,98110,1943.5,22,1943.0,12,nan,0,nan,0,nan,0,nan,0,nan,0,nan,0,nan,0,nan,0
1597988297153053952,1597988297716000000,2020-08-21 13:38:17.716000,1943.0,1968.0,1929.5,1956.0,nan,1949.5,119893,23374333150.0,98116,1943.5,11,1943.0,5,nan,0,nan,0,nan,0,nan,0,nan,0,nan,0,nan,0,nan,0
1597988297638530048,1597988298234999808,2020-08-21 13:38:18.235000,1943.0,1968.0,1929.5,1956.0,nan,1949.5,119894,23374527450.0,98116,1943.5,25,1943.0,3,nan,0,nan,0,nan,0,nan,0,nan,0,nan,0,nan,0,nan,0
1597988298638458880,1597988299223000064,2020-08-21 13:38:19.223000,1943.0,1968.0,1929.5,1956.0,nan,1949.5,119894,23374527450.0,98116,1943.5,25,1943.0,4,nan,0,nan,0,nan,0,nan,0,nan,0,nan,0,nan,0,nan,0
1597988299146298880,1597988299731000064,2020-08-21 13:38:19.731000,1943.0,1968.0,1929.5,1956.0,nan,1949.5,119895,23374721750.0,98116,1943.5,25,1943.0,3,nan,0,nan,0,nan,0,nan,0,nan,0,nan,0,nan,0,nan,0
1597988300148869888,1597988300708000000,2020-08-21 13:38:20.708000,1943.0,1968.0,1929.5,1956.0,nan,1949.5,119895,23374721750.0,98116,1943.5,25,1943.0,7,nan,0,nan,0,nan,0,nan,0,nan,0,nan,0,nan,0,nan,0
1597988300688366080,1597988301226000128,2020-08-21 13:38:21.226000,1943.0,1968.0,1929.5,1956.0,nan,1949.5,119897,23375110350.0,98116,1943.5,25,1943.0,5,nan,0,nan,0,nan,0,nan,0,nan,0,nan,0,nan,0,nan,0
1597988301455457024,1597988301716999936,2020-08-21 13:38:21.717000,1943.0,1968.0,1929.5,1956.0,nan,1949.5,119898,23375304650.0,98117,1943.5,25,1943.0,4,nan,0,nan,0,nan,0,nan,0,nan,0,nan,0,nan,0,nan,0
1597988301831815936,1597988302231000064,2020-08-21 13:38:22.231000,1943.0,1968.0,1929.5,1956.0,nan,1949.5,119899,23375498950.0,98116,1943.5,25,1943.0,3,nan,0,nan,0,nan,0,nan,0,nan,0,nan,0,nan,0,nan,0
1597988302194508032,1597988302732000000,2020-08-21 13:38:22.732000,1943.0,1968.0,1929.5,1956.0,nan,1949.5,119905,23376665000.0,98115,1943.5,21,1943.0,3,nan,0,nan,0,nan,0,nan,0,nan,0,nan,0,nan,0,nan,0
1597988302660762112,1597988303228000000,2020-08-21 13:38:23.228000,1943.0,1968.0,1929.5,1956.0,nan,1949.5,119911,23377830800.0,98118,1943.0,6,1942.5,18,nan,0,nan,0,nan,0,nan,0,nan,0,nan,0,nan,0,nan,0
1597988303148652032,1597988303732000000,2020-08-21 13:38:23.732000,1943.0,1968.0,1929.5,1956.0,nan,1949.5,119913,23378219400.0,98120,1943.0,6,1942.5,19,nan,0,nan,0,nan,0,nan,0,nan,0,nan,0,nan,0,nan,0
1597988303647675904,1597988304216999936,2020-08-21 13:38:24.217000,1943.0,1968.0,1929.5,1956.0,nan,1949.5,119913,23378219400.0,98120,1943.0,7,1942.5,18,nan,0,nan,0,nan,0,nan,0,nan,0,nan,0,nan,0,nan,0
1597988304157148928,1597988304743000064,2020-08-21 13:38:24.743000,1943.0,1968.0,1929.5,1956.0,nan,1949.5,119923,23380162500.0,98125,1943.0,3,1942.5,19,nan,0,nan,0,nan,0,nan,0,nan,0,nan,0,nan,0,nan,0
1597988304653381888,1597988305243000064,2020-08-21 13:38:25.243000,1943.0,1968.0,1929.5,1956.0,nan,1949.5,119927,23380939700.0,98122,1943.5,20,1943.0,32,nan,0,nan,0,nan,0,nan,0,nan,0,nan,0,nan,0,nan,0
1597988305128795904,1597988305742000128,2020-08-21 13:38:25.742000,1943.5,1968.0,1929.5,1956.0,nan,1949.5,119934,23382300150.0,98129,1943.5,5,1943.0,136,nan,0,nan,0,nan,0,nan,0,nan,0,nan,0,nan,0,nan,0
1597988305634481920,1597988306220000000,2020-08-21 13:38:26.220000,1943.5,1968.0,1929.5,1956.0,nan,1949.5,119940,23383466250.0,98130,1944.0,86,1943.5,1,nan,0,nan,0,nan,0,nan,0,nan,0,nan,0,nan,0,nan,0
1597988306146103040,1597988306742000128,2020-08-21 13:38:26.742000,1943.5,1968.0,1929.5,1956.0,nan,1949.5,119943,23384049300.0,98130,1944.0,87,1943.5,5,nan,0,nan,0,nan,0,nan,0,nan,0,nan,0,nan,0,nan,0
1597988306628748032,1597988307188999936,2020-08-21 13:38:27.189000,1943.5,1968.0,1929.5,1956.0,nan,1949.5,119944,23384243650.0,98130,1944.0,82,1943.5,10,nan,0,nan,0,nan,0,nan,0,nan,0,nan,0,nan,0,nan,0
1597988307192786944,1597988307742000128,2020-08-21 13:38:27.742000,1943.5,1968.0,1929.5,1956.0,nan,1949.5,119946,23384632350.0,98132,1944.0,77,1943.5,12,nan,0,nan,0,nan,0,nan,0,nan,0,nan,0,nan,0,nan,0
1597988307677591040,1597988308243000064,2020-08-21 13:38:28.243000,1943.5,1968.0,1929.5,1956.0,nan,1949.5,119946,23384632350.0,98132,1944.0,77,1943.5,20,nan,0,nan,0,nan,0,nan,0,nan,0,nan,0,nan,0,nan,0
1597988308137555968,1597988308734999808,2020-08-21 13:38:28.735000,1944.0,1968.0,1929.5,1956.0,nan,1949.5,119957,23386770250.0,98138,1944.0,80,1943.5,23,nan,0,nan,0,nan,0,nan,0,nan,0,nan,0,nan,0,nan,0
1597988308651730944,1597988309229000192,2020-08-21 13:38:29.229000,1943.5,1968.0,1929.5,1956.0,nan,1949.5,119961,23387547650.0,98141,1944.0,80,1943.5,18,nan,0,nan,0,nan,0,nan,0,nan,0,nan,0,nan,0,nan,0
1597988309159215104,1597988309736000000,2020-08-21 13:38:29.736000,1943.5,1968.0,1929.5,1956.0,nan,1949.5,119963,23387936350.0,98141,1944.0,80,1943.5,15,nan,0,nan,0,nan,0,nan,0,nan,0,nan,0,nan,0,nan,0
1597988309699990016,1597988310226000128,2020-08-21 13:38:30.226000,1944.0,1968.0,1929.5,1956.0,nan,1949.5,119964,23388130750.0,98142,1944.0,79,1943.5,15,nan,0,nan,0,nan,0,nan,0,nan,0,nan,0,nan,0,nan,0
1597988310648133120,1597988311227000064,2020-08-21 13:38:31.227000,1943.5,1968.0,1929.5,1956.0,nan,1949.5,119967,23388713800.0,98142,1944.0,79,1943.5,12,nan,0,nan,0,nan,0,nan,0,nan,0,nan,0,nan,0,nan,0
1597988311148718080,1597988311724000000,2020-08-21 13:38:31.724000,1943.5,1968.0,1929.5,1956.0,nan,1949.5,119969,23389102500.0,98144,1944.0,79,1943.5,10,nan,0,nan,0,nan,0,nan,0,nan,0,nan,0,nan,0,nan,0
1597988311632644096,1597988312216000000,2020-08-21 13:38:32.216000,1944.0,1968.0,1929.5,1956.0,nan,1949.5,119973,23389880050.0,98147,1944.0,76,1943.5,9,nan,0,nan,0,nan,0,nan,0,nan,0,nan,0,nan,0,nan,0
1597988312145879040,1597988312696000000,2020-08-21 13:38:32.696000,1943.5,1968.0,1929.5,1956.0,nan,1949.5,119974,23390074400.0,98148,1944.0,76,1943.5,16,nan,0,nan,0,nan,0,nan,0,nan,0,nan,0,nan,0,nan,0
1597988312647777024,1597988313239000064,2020-08-21 13:38:33.239000,1943.5,1968.0,1929.5,1956.0,nan,1949.5,119975,23390268750.0,98149,1944.0,76,1943.5,15,nan,0,nan,0,nan,0,nan,0,nan,0,nan,0,nan,0,nan,0
1597988313164919040,1597988313737999872,2020-08-21 13:38:33.738000,1944.0,1968.0,1929.5,1956.0,nan,1949.5,119998,23394739850.0,98136,1944.0,55,1943.5,13,nan,0,nan,0,nan,0,nan,0,nan,0,nan,0,nan,0,nan,0
1597988313640114944,1597988314214999808,2020-08-21 13:38:34.215000,1944.0,1968.0,1929.5,1956.0,nan,1949.5,120000,23395128650.0,98134,1944.0,53,1943.5,23,nan,0,nan,0,nan,0,nan,0,nan,0,nan,0,nan,0,nan,0
1597988314136620032,1597988314733999872,2020-08-21 13:38:34.734000,1943.5,1968.0,1929.5,1956.0,nan,1949.5,120001,23395323000.0,98134,1944.0,53,1943.5,27,nan,0,nan,0,nan,0,nan,0,nan,0,nan,0,nan,0,nan,0
1597988315159913984,1597988315729000192,2020-08-21 13:38:35.729000,1943.5,1968.0,1929.5,1956.0,nan,1949.5,120011,23397266750.0,98136,1944.0,48,1943.5,22,nan,0,nan,0,nan,0,nan,0,nan,0,nan,0,nan,0,nan,0
1597988315693885952,1597988316223000064,2020-08-21 13:38:36.223000,1943.5,1968.0,1929.5,1956.0,nan,1949.5,120020,23399015900.0,98134,1944.0,48,1943.5,13,nan,0,nan,0,nan,0,nan,0,nan,0,nan,0,nan,0,nan,0
1597988316635821056,1597988317240999936,2020-08-21 13:38:37.241000,1943.5,1968.0,1929.5,1956.0,nan,1949.5,120021,23399210250.0,98135,1944.0,48,1943.5,12,nan,0,nan,0,nan,0,nan,0,nan,0,nan,0,nan,0,nan,0
1597988317142237952,1597988317700999936,2020-08-21 13:38:37.701000,1943.5,1968.0,1929.5,1956.0,nan,1949.5,120021,23399210250.0,98135,1944.0,47,1943.5,12,nan,0,nan,0,nan,0,nan,0,nan,0,nan,0,nan,0,nan,0
1597988318150850048,1597988318714999808,2020-08-21 13:38:38.715000,1944.0,1968.0,1929.5,1956.0,nan,1949.5,120029,23400765450.0,98142,1944.0,39,1943.5,12,nan,0,nan,0,nan,0,nan,0,nan,0,nan,0,nan,0,nan,0
1597988318634536960,1597988319216999936,2020-08-21 13:38:39.217000,1944.0,1968.0,1929.5,1956.0,nan,1949.5,120040,23402903800.0,98146,1944.0,28,1943.5,12,nan,0,nan,0,nan,0,nan,0,nan,0,nan,0,nan,0,nan,0
1597988319178075904,1597988319726000128,2020-08-21 13:38:39.726000,1944.0,1968.0,1929.5,1956.0,nan,1949.5,120040,23402903800.0,98146,1944.0,28,1943.5,13,nan,0,nan,0,nan,0,nan,0,nan,0,nan,0,nan,0,nan,0
1597988319640344064,1597988320240999936,2020-08-21 13:38:40.241000,1943.5,1968.0,1929.5,1956.0,nan,1949.5,120041,23403098150.0,98147,1944.0,28,1943.5,12,nan,0,nan,0,nan,0,nan,0,nan,0,nan,0,nan,0,nan,0
1597988320135515904,1597988320728000000,2020-08-21 13:38:40.728000,1943.5,1968.0,1929.5,1956.0,nan,1949.5,120048,23404458600.0,98149,1944.0,28,1943.5,3,nan,0,nan,0,nan,0,nan,0,nan,0,nan,0,nan,0,nan,0
1597988320640578048,1597988321224999936,2020-08-21 13:38:41.225000,1944.0,1968.0,1929.5,1956.0,nan,1949.5,120049,23404653000.0,98150,1944.0,27,1943.5,10,nan,0,nan,0,nan,0,nan,0,nan,0,nan,0,nan,0,nan,0
1597988321178546944,1597988321740999936,2020-08-21 13:38:41.741000,1944.0,1968.0,1929.5,1956.0,nan,1949.5,120049,23404653000.0,98150,1944.0,28,1943.5,10,nan,0,nan,0,nan,0,nan,0,nan,0,nan,0,nan,0,nan,0
1597988321635191040,1597988322224000000,2020-08-21 13:38:42.224000,1944.0,1968.0,1929.5,1956.0,nan,1949.5,120049,23404653000.0,98150,1944.0,29,1943.5,10,nan,0,nan,0,nan,0,nan,0,nan,0,nan,0,nan,0,nan,0
1597988322631292928,1597988323213999872,2020-08-21 13:38:43.214000,1943.5,1968.0,1929.5,1956.0,nan,1949.5,120050,23404847350.0,98150,1944.0,29,1943.5,9,nan,0,nan,0,nan,0,nan,0,nan,0,nan,0,nan,0,nan,0
1597988323136829952,1597988323716999936,2020-08-21 13:38:43.717000,1943.5,1968.0,1929.5,1956.0,nan,1949.5,120050,23404847350.0,98150,1944.0,33,1943.5,14,nan,0,nan,0,nan,0,nan,0,nan,0,nan,0,nan,0,nan,0
1597988323639017984,1597988324236999936,2020-08-21 13:38:44.237000,1943.5,1968.0,1929.5,1956.0,nan,1949.5,120050,23404847350.0,98150,1944.0,35,1943.5,14,nan,0,nan,0,nan,0,nan,0,nan,0,nan,0,nan,0,nan,0
1597988324642430976,1597988325237999872,2020-08-21 13:38:45.238000,1943.5,1968.0,1929.5,1956.0,nan,1949.5,120052,23405236050.0,98150,1944.0,35,1943.5,13,nan,0,nan,0,nan,0,nan,0,nan,0,nan,0,nan,0,nan,0
1597988325178021120,1597988325742000128,2020-08-21 13:38:45.742000,1943.5,1968.0,1929.5,1956.0,nan,1949.5,120057,23406207800.0,98148,1944.0,35,1943.5,8,nan,0,nan,0,nan,0,nan,0,nan,0,nan,0,nan,0,nan,0
1597988325678209024,1597988326224000000,2020-08-21 13:38:46.224000,1943.5,1968.0,1929.5,1956.0,nan,1949.5,120057,23406207800.0,98148,1944.0,36,1943.5,8,nan,0,nan,0,nan,0,nan,0,nan,0,nan,0,nan,0,nan,0
1597988326149573120,1597988326737999872,2020-08-21 13:38:46.738000,1944.0,1968.0,1929.5,1956.0,nan,1949.5,120058,23406402200.0,98149,1944.0,36,1943.5,8,nan,0,nan,0,nan,0,nan,0,nan,0,nan,0,nan,0,nan,0
1597988326780510976,1597988327224999936,2020-08-21 13:38:47.225000,1944.0,1968.0,1929.5,1956.0,nan,1949.5,120058,23406402200.0,98149,1944.0,36,1943.5,10,nan,0,nan,0,nan,0,nan,0,nan,0,nan,0,nan,0,nan,0
1597988328184113920,1597988328732000000,2020-08-21 13:38:48.732000,1943.5,1968.0,1929.5,1956.0,nan,1949.5,120061,23406985250.0,98148,1944.0,36,1943.5,8,nan,0,nan,0,nan,0,nan,0,nan,0,nan,0,nan,0,nan,0
1597988329638564096,1597988330108999936,2020-08-21 13:38:50.109000,1943.5,1968.0,1929.5,1956.0,nan,1949.5,120061,23406985250.0,98148,1944.0,37,1943.5,9,nan,0,nan,0,nan,0,nan,0,nan,0,nan,0,nan,0,nan,0
1597988330206251008,1597988330712000000,2020-08-21 13:38:50.712000,1943.5,1968.0,1929.5,1956.0,nan,1949.5,120068,23408346000.0,98148,1944.0,30,1943.5,23,nan,0,nan,0,nan,0,nan,0,nan,0,nan,0,nan,0,nan,0
1597988331677509120,1597988332230000128,2020-08-21 13:38:52.230000,1943.5,1968.0,1929.5,1956.0,nan,1949.5,120069,23408540350.0,98147,1944.0,30,1943.5,26,nan,0,nan,0,nan,0,nan,0,nan,0,nan,0,nan,0,nan,0
1597988332219140096,1597988332719000064,2020-08-21 13:38:52.719000,1943.5,1968.0,1929.5,1956.0,nan,1949.5,120069,23408540350.0,98147,1944.0,30,1943.5,27,nan,0,nan,0,nan,0,nan,0,nan,0,nan,0,nan,0,nan,0
1597988332689545984,1597988333239000064,2020-08-21 13:38:53.239000,1943.5,1968.0,1929.5,1956.0,nan,1949.5,120077,23410095150.0,98144,1944.0,30,1943.5,4,nan,0,nan,0,nan,0,nan,0,nan,0,nan,0,nan,0,nan,0
1597988333159363072,1597988333742000128,2020-08-21 13:38:53.742000,1944.0,1968.0,1929.5,1956.0,nan,1949.5,120079,23410483950.0,98144,1944.0,28,1943.5,3,nan,0,nan,0,nan,0,nan,0,nan,0,nan,0,nan,0,nan,0
1597988333701285888,1597988334203000064,2020-08-21 13:38:54.203000,1944.0,1968.0,1929.5,1956.0,nan,1949.5,120079,23410483950.0,98144,1944.0,28,1943.5,8,nan,0,nan,0,nan,0,nan,0,nan,0,nan,0,nan,0,nan,0
1597988334201624064,1597988334690000128,2020-08-21 13:38:54.690000,1944.0,1968.0,1929.5,1956.0,nan,1949.5,120084,23411455950.0,98140,1944.0,23,1943.5,10,nan,0,nan,0,nan,0,nan,0,nan,0,nan,0,nan,0,nan,0
1597988334630811904,1597988335161999872,2020-08-21 13:38:55.162000,1943.5,1968.0,1929.5,1956.0,nan,1949.5,120088,23412233450.0,98136,1944.0,21,1943.5,9,nan,0,nan,0,nan,0,nan,0,nan,0,nan,0,nan,0,nan,0
1597988335178930944,1597988335736999936,2020-08-21 13:38:55.737000,1943.5,1968.0,1929.5,1956.0,nan,1949.5,120089,23412427800.0,98136,1944.0,24,1943.5,8,nan,0,nan,0,nan,0,nan,0,nan,0,nan,0,nan,0,nan,0
1597988336250473984,1597988336742000128,2020-08-21 13:38:56.742000,1943.5,1968.0,1929.5,1956.0,nan,1949.5,120089,23412427800.0,98136,1944.0,25,1943.5,10,nan,0,nan,0,nan,0,nan,0,nan,0,nan,0,nan,0,nan,0
1597988336678201088,1597988337233999872,2020-08-21 13:38:57.234000,1943.5,1968.0,1929.5,1956.0,nan,1949.5,120095,23413593900.0,98136,1944.0,25,1943.5,3,nan,0,nan,0,nan,0,nan,0,nan,0,nan,0,nan,0,nan,0
1597988337190670080,1597988337703000064,2020-08-21 13:38:57.703000,1944.0,1968.0,1929.5,1956.0,nan,1949.5,120104,23415343350.0,98138,1944.0,26,1943.5,29,nan,0,nan,0,nan,0,nan,0,nan,0,nan,0,nan,0,nan,0
1597988337649675008,1597988338216999936,2020-08-21 13:38:58.217000,1944.0,1968.0,1929.5,1956.0,nan,1949.5,120106,23415732150.0,98137,1944.0,22,1943.5,30,nan,0,nan,0,nan,0,nan,0,nan,0,nan,0,nan,0,nan,0
1597988338151257088,1597988338732000000,2020-08-21 13:38:58.732000,1944.0,1968.0,1929.5,1956.0,nan,1949.5,120107,23415926550.0,98137,1944.0,15,1943.5,33,nan,0,nan,0,nan,0,nan,0,nan,0,nan,0,nan,0,nan,0
1597988338681035008,1597988339234999808,2020-08-21 13:38:59.235000,1944.0,1968.0,1929.5,1956.0,nan,1949.5,120107,23415926550.0,98137,1944.0,16,1943.5,33,nan,0,nan,0,nan,0,nan,0,nan,0,nan,0,nan,0,nan,0
1597988339251802112,1597988339720000000,2020-08-21 13:38:59.720000,1943.5,1968.0,1929.5,1956.0,nan,1949.5,120109,23416315250.0,98138,1944.0,16,1943.5,32,nan,0,nan,0,nan,0,nan,0,nan,0,nan,0,nan,0,nan,0
1597988339672026112,1597988340240999936,2020-08-21 13:39:00.241000,1944.0,1968.0,1929.5,1956.0,nan,1949.5,120129,23420203250.0,98133,1944.5,50,1944.0,66,nan,0,nan,0,nan,0,nan,0,nan,0,nan,0,nan,0,nan,0
1597988340175340032,1597988340736999936,2020-08-21 13:39:00.737000,1944.5,1968.0,1929.5,1956.0,nan,1949.5,120138,23421953300.0,98137,1944.5,42,1944.0,95,nan,0,nan,0,nan,0,nan,0,nan,0,nan,0,nan,0,nan,0
1597988340706199040,1597988341220999936,2020-08-21 13:39:01.221000,1944.5,1968.0,1929.5,1956.0,nan,1949.5,120182,23430509000.0,98154,1944.5,1,1944.0,102,nan,0,nan,0,nan,0,nan,0,nan,0,nan,0,nan,0,nan,0
1597988341145755904,1597988341724000000,2020-08-21 13:39:01.724000,1944.5,1968.0,1929.5,1956.0,nan,1949.5,120186,23431286850.0,98154,1945.0,236,1944.5,10,nan,0,nan,0,nan,0,nan,0,nan,0,nan,0,nan,0,nan,0
1597988341673547008,1597988342244000000,2020-08-21 13:39:02.244000,1944.5,1968.0,1929.5,1956.0,nan,1949.5,120190,23432064650.0,98154,1945.0,236,1944.5,13,nan,0,nan,0,nan,0,nan,0,nan,0,nan,0,nan,0,nan,0
1597988342186594048,1597988342734999808,2020-08-21 13:39:02.735000,1944.5,1968.0,1929.5,1956.0,nan,1949.5,120193,23432648050.0,98151,1945.0,235,1944.5,15,nan,0,nan,0,nan,0,nan,0,nan,0,nan,0,nan,0,nan,0
1597988342707059968,1597988343236999936,2020-08-21 13:39:03.237000,1945.0,1968.0,1929.5,1956.0,nan,1949.5,120199,23433815000.0,98151,1945.0,230,1944.5,20,nan,0,nan,0,nan,0,nan,0,nan,0,nan,0,nan,0,nan,0
1597988343155046912,1597988343740000000,2020-08-21 13:39:03.740000,1944.5,1968.0,1929.5,1956.0,nan,1949.5,120310,23455401000.0,98078,1945.0,183,1944.5,8,nan,0,nan,0,nan,0,nan,0,nan,0,nan,0,nan,0,nan,0
1597988343653274112,1597988344221999872,2020-08-21 13:39:04.222000,1944.5,1968.0,1929.5,1956.0,nan,1949.5,120314,23456178850.0,98077,1945.0,182,1944.5,8,nan,0,nan,0,nan,0,nan,0,nan,0,nan,0,nan,0,nan,0
1597988344149662976,1597988344737999872,2020-08-21 13:39:04.738000,1945.0,1968.0,1929.5,1956.0,nan,1949.5,120315,23456373350.0,98077,1945.0,181,1944.5,18,nan,0,nan,0,nan,0,nan,0,nan,0,nan,0,nan,0,nan,0
1597988344631144960,1597988345196999936,2020-08-21 13:39:05.197000,1944.5,1968.0,1929.5,1956.0,nan,1949.5,120317,23456762250.0,98077,1945.0,181,1944.5,27,nan,0,nan,0,nan,0,nan,0,nan,0,nan,0,nan,0,nan,0
1597988345168707072,1597988345742000128,2020-08-21 13:39:05.742000,1944.5,1968.0,1929.5,1956.0,nan,1949.5,120321,23457540050.0,98076,1945.0,181,1944.5,26,nan,0,nan,0,nan,0,nan,0,nan,0,nan,0,nan,0,nan,0
1597988345656484096,1597988346233999872,2020-08-21 13:39:06.234000,1944.5,1968.0,1929.5,1956.0,nan,1949.5,120325,23458317900.0,98076,1945.0,186,1944.5,23,nan,0,nan,0,nan,0,nan,0,nan,0,nan,0,nan,0,nan,0
1597988346183601920,1597988346724999936,2020-08-21 13:39:06.725000,1944.5,1968.0,1929.5,1956.0,nan,1949.5,120325,23458317900.0,98076,1945.0,185,1944.5,24,nan,0,nan,0,nan,0,nan,0,nan,0,nan,0,nan,0,nan,0
1597988346667296000,1597988347239000064,2020-08-21 13:39:07.239000,1944.5,1968.0,1929.5,1956.0,nan,1949.5,120326,23458512350.0,98076,1945.0,188,1944.5,23,nan,0,nan,0,nan,0,nan,0,nan,0,nan,0,nan,0,nan,0
1597988347187798016,1597988347711000064,2020-08-21 13:39:07.711000,1944.5,1968.0,1929.5,1956.0,nan,1949.5,120340,23461234750.0,98075,1945.0,188,1944.5,10,nan,0,nan,0,nan,0,nan,0,nan,0,nan,0,nan,0,nan,0
1597988347656743936,1597988348233999872,2020-08-21 13:39:08.234000,1945.0,1968.0,1929.5,1956.0,nan,1949.5,120388,23470570250.0,98060,1945.0,152,1944.0,116,nan,0,nan,0,nan,0,nan,0,nan,0,nan,0,nan,0,nan,0
1597988348158167040,1597988348707000064,2020-08-21 13:39:08.707000,1945.0,1968.0,1929.5,1956.0,nan,1949.5,120394,23471737200.0,98059,1945.0,147,1944.5,10,nan,0,nan,0,nan,0,nan,0,nan,0,nan,0,nan,0,nan,0
1597988348648160000,1597988349219000064,2020-08-21 13:39:09.219000,1944.5,1968.0,1929.5,1956.0,nan,1949.5,120397,23472320650.0,98057,1945.0,144,1944.5,34,nan,0,nan,0,nan,0,nan,0,nan,0,nan,0,nan,0,nan,0
1597988349172921088,1597988349736000000,2020-08-21 13:39:09.736000,1944.5,1968.0,1929.5,1956.0,nan,1949.5,120400,23472904000.0,98057,1945.0,145,1944.5,32,nan,0,nan,0,nan,0,nan,0,nan,0,nan,0,nan,0,nan,0
1597988349635084032,1597988350224000000,2020-08-21 13:39:10.224000,1945.0,1968.0,1929.5,1956.0,nan,1949.5,120401,23473098500.0,98057,1945.0,143,1944.5,34,nan,0,nan,0,nan,0,nan,0,nan,0,nan,0,nan,0,nan,0
1597988350134545920,1597988350742000128,2020-08-21 13:39:10.742000,1945.0,1968.0,1929.5,1956.0,nan,1949.5,120403,23473487450.0,98056,1945.0,143,1944.5,33,nan,0,nan,0,nan,0,nan,0,nan,0,nan,0,nan,0,nan,0
1597988350700164096,1597988351186000128,2020-08-21 13:39:11.186000,1944.5,1968.0,1929.5,1956.0,nan,1949.5,120405,23473876350.0,98058,1945.0,143,1944.5,31,nan,0,nan,0,nan,0,nan,0,nan,0,nan,0,nan,0,nan,0
1597988351165008896,1597988351736999936,2020-08-21 13:39:11.737000,1944.5,1968.0,1929.5,1956.0,nan,1949.5,120408,23474459700.0,98058,1945.0,145,1944.5,28,nan,0,nan,0,nan,0,nan,0,nan,0,nan,0,nan,0,nan,0
1597988351678372096,1597988352243000064,2020-08-21 13:39:12.243000,1944.5,1968.0,1929.5,1956.0,nan,1949.5,120408,23474459700.0,98058,1945.0,144,1944.5,28,nan,0,nan,0,nan,0,nan,0,nan,0,nan,0,nan,0,nan,0
1597988352155075072,1597988352734999808,2020-08-21 13:39:12.735000,1944.5,1968.0,1929.5,1956.0,nan,1949.5,120409,23474654150.0,98059,1945.0,144,1944.5,27,nan,0,nan,0,nan,0,nan,0,nan,0,nan,0,nan,0,nan,0
1597988352724398080,1597988353220999936,2020-08-21 13:39:13.221000,1944.5,1968.0,1929.5,1956.0,nan,1949.5,120411,23475043050.0,98060,1945.0,144,1944.5,25,nan,0,nan,0,nan,0,nan,0,nan,0,nan,0,nan,0,nan,0
1597988353181116928,1597988353730000128,2020-08-21 13:39:13.730000,1945.0,1968.0,1929.5,1956.0,nan,1949.5,120412,23475237550.0,98060,1945.0,144,1944.5,25,nan,0,nan,0,nan,0,nan,0,nan,0,nan,0,nan,0,nan,0
1597988353637509120,1597988354242000128,2020-08-21 13:39:14.242000,1945.0,1968.0,1929.5,1956.0,nan,1949.5,120418,23476404450.0,98060,1945.0,140,1944.5,22,nan,0,nan,0,nan,0,nan,0,nan,0,nan,0,nan,0,nan,0
1597988354181253888,1597988354724999936,2020-08-21 13:39:14.725000,1944.5,1968.0,1929.5,1956.0,nan,1949.5,120446,23481849050.0,98087,1944.5,1,1944.0,117,nan,0,nan,0,nan,0,nan,0,nan,0,nan,0,nan,0,nan,0
1597988354640318976,1597988355237999872,2020-08-21 13:39:15.238000,1944.5,1968.0,1929.5,1956.0,nan,1949.5,120447,23482043500.0,98087,1944.5,13,1944.0,117,nan,0,nan,0,nan,0,nan,0,nan,0,nan,0,nan,0,nan,0
1597988355152179968,1597988355742000128,2020-08-21 13:39:15.742000,1944.5,1968.0,1929.5,1956.0,nan,1949.5,120447,23482043500.0,98087,1944.5,38,1944.0,117,nan,0,nan,0,nan,0,nan,0,nan,0,nan,0,nan,0,nan,0
1597988355632069120,1597988356221999872,2020-08-21 13:39:16.222000,1944.5,1968.0,1929.5,1956.0,nan,1949.5,120486,23489627050.0,98094,1944.5,5,1944.0,117,nan,0,nan,0,nan,0,nan,0,nan,0,nan,0,nan,0,nan,0
1597988356138718976,1597988356732999936,2020-08-21 13:39:16.733000,1944.5,1968.0,1929.5,1956.0,nan,1949.5,120486,23489627050.0,98094,1944.5,6,1944.0,117,nan,0,nan,0,nan,0,nan,0,nan,0,nan,0,nan,0,nan,0
1597988356634487040,1597988357214999808,2020-08-21 13:39:17.215000,1944.5,1968.0,1929.5,1956.0,nan,1949.5,120486,23489627050.0,98094,1944.5,10,1944.0,117,nan,0,nan,0,nan,0,nan,0,nan,0,nan,0,nan,0,nan,0
1597988357158482944,1597988357663000064,2020-08-21 13:39:17.663000,1944.5,1968.0,1929.5,1956.0,nan,1949.5,120486,23489627050.0,98094,1944.5,10,1944.0,118,nan,0,nan,0,nan,0,nan,0,nan,0,nan,0,nan,0,nan,0
1597988357638429952,1597988358234999808,2020-08-21 13:39:18.235000,1944.5,1968.0,1929.5,1956.0,nan,1949.5,120486,23489627050.0,98094,1944.5,13,1944.0,121,nan,0,nan,0,nan,0,nan,0,nan,0,nan,0,nan,0,nan,0
1597988358143363072,1597988358742000128,2020-08-21 13:39:18.742000,1944.5,1968.0,1929.5,1956.0,nan,1949.5,120486,23489627050.0,98094,1944.5,20,1944.0,121,nan,0,nan,0,nan,0,nan,0,nan,0,nan,0,nan,0,nan,0
1597988358631621120,1597988359230000128,2020-08-21 13:39:19.230000,1944.5,1968.0,1929.5,1956.0,nan,1949.5,120486,23489627050.0,98094,1944.5,25,1944.0,123,nan,0,nan,0,nan,0,nan,0,nan,0,nan,0,nan,0,nan,0
1597988359146377984,1597988359720999936,2020-08-21 13:39:19.721000,1944.5,1968.0,1929.5,1956.0,nan,1949.5,120495,23491377100.0,98102,1944.5,18,1944.0,123,nan,0,nan,0,nan,0,nan,0,nan,0,nan,0,nan,0,nan,0
1597988359632615936,1597988360240000000,2020-08-21 13:39:20.240000,1944.0,1968.0,1929.5,1956.0,nan,1949.5,120499,23492154750.0,98100,1944.5,14,1944.0,122,nan,0,nan,0,nan,0,nan,0,nan,0,nan,0,nan,0,nan,0
1597988360143329024,1597988360740999936,2020-08-21 13:39:20.741000,1944.0,1968.0,1929.5,1956.0,nan,1949.5,120499,23492154750.0,98100,1944.5,15,1944.0,122,nan,0,nan,0,nan,0,nan,0,nan,0,nan,0,nan,0,nan,0
1597988361168100096,1597988361737999872,2020-08-21 13:39:21.738000,1944.0,1968.0,1929.5,1956.0,nan,1949.5,120538,23499737400.0,98080,1945.0,133,1944.5,10,nan,0,nan,0,nan,0,nan,0,nan,0,nan,0,nan,0,nan,0
1597988361627511040,1597988362220999936,2020-08-21 13:39:22.221000,1944.5,1968.0,1929.5,1956.0,nan,1949.5,120542,23500515200.0,98081,1945.0,144,1944.5,39,nan,0,nan,0,nan,0,nan,0,nan,0,nan,0,nan,0,nan,0
1597988362145904128,1597988362736000000,2020-08-21 13:39:22.736000,1944.5,1968.0,1929.5,1956.0,nan,1949.5,120545,23501098600.0,98081,1945.0,143,1944.5,43,nan,0,nan,0,nan,0,nan,0,nan,0,nan,0,nan,0,nan,0
1597988362635365120,1597988363230000128,2020-08-21 13:39:23.230000,1944.5,1968.0,1929.5,1956.0,nan,1949.5,120549,23501876400.0,98081,1945.0,143,1944.5,39,nan,0,nan,0,nan,0,nan,0,nan,0,nan,0,nan,0,nan,0
1597988363156827904,1597988363696000000,2020-08-21 13:39:23.696000,1945.0,1968.0,1929.5,1956.0,nan,1949.5,120550,23502070900.0,98080,1945.0,142,1944.5,39,nan,0,nan,0,nan,0,nan,0,nan,0,nan,0,nan,0,nan,0
1597988363641960960,1597988364230000128,2020-08-21 13:39:24.230000,1944.5,1968.0,1929.5,1956.0,nan,1949.5,120555,23503043150.0,98080,1945.0,142,1944.5,33,nan,0,nan,0,nan,0,nan,0,nan,0,nan,0,nan,0,nan,0
1597988364179037952,1597988364740000000,2020-08-21 13:39:24.740000,1944.5,1968.0,1929.5,1956.0,nan,1949.5,120556,23503237600.0,98080,1945.0,143,1944.5,32,nan,0,nan,0,nan,0,nan,0,nan,0,nan,0,nan,0,nan,0
1597988364632177920,1597988365228000000,2020-08-21 13:39:25.228000,1944.5,1968.0,1929.5,1956.0,nan,1949.5,120558,23503626500.0,98081,1945.0,144,1944.5,35,nan,0,nan,0,nan,0,nan,0,nan,0,nan,0,nan,0,nan,0
1597988365129467904,1597988365728000000,2020-08-21 13:39:25.728000,1944.5,1968.0,1929.5,1956.0,nan,1949.5,120559,23503820950.0,98081,1945.0,144,1944.5,62,nan,0,nan,0,nan,0,nan,0,nan,0,nan,0,nan,0,nan,0
1597988365629222912,1597988366243000064,2020-08-21 13:39:26.243000,1945.0,1968.0,1929.5,1956.0,nan,1949.5,120565,23504987900.0,98077,1945.0,138,1944.5,69,nan,0,nan,0,nan,0,nan,0,nan,0,nan,0,nan,0,nan,0
1597988366209487104,1597988366731000064,2020-08-21 13:39:26.731000,1945.0,1968.0,1929.5,1956.0,nan,1949.5,120580,23507905400.0,98063,1945.0,123,1944.5,74,nan,0,nan,0,nan,0,nan,0,nan,0,nan,0,nan,0,nan,0
1597988367170455040,1597988367731000064,2020-08-21 13:39:27.731000,1944.5,1968.0,1929.5,1956.0,nan,1949.5,120582,23508294300.0,98063,1945.0,124,1944.5,76,nan,0,nan,0,nan,0,nan,0,nan,0,nan,0,nan,0,nan,0
1597988367660666112,1597988368209000192,2020-08-21 13:39:28.209000,1944.5,1968.0,1929.5,1956.0,nan,1949.5,120583,23508488750.0,98063,1945.0,124,1944.5,76,nan,0,nan,0,nan,0,nan,0,nan,0,nan,0,nan,0,nan,0
1597988368137528064,1597988368736999936,2020-08-21 13:39:28.737000,1944.5,1968.0,1929.5,1956.0,nan,1949.5,120589,23509655700.0,98063,1945.0,110,1944.5,81,nan,0,nan,0,nan,0,nan,0,nan,0,nan,0,nan,0,nan,0
1597988368635723008,1597988369236999936,2020-08-21 13:39:29.237000,1944.5,1968.0,1929.5,1956.0,nan,1949.5,120599,23511600200.0,98063,1945.0,110,1944.5,71,nan,0,nan,0,nan,0,nan,0,nan,0,nan,0,nan,0,nan,0
1597988369194168064,1597988369727000064,2020-08-21 13:39:29.727000,1944.5,1968.0,1929.5,1956.0,nan,1949.5,120610,23513739200.0,98070,1945.0,109,1944.5,61,nan,0,nan,0,nan,0,nan,0,nan,0,nan,0,nan,0,nan,0
1597988369632237056,1597988370196000000,2020-08-21 13:39:30.196000,1944.5,1968.0,1929.5,1956.0,nan,1949.5,120621,23515878200.0,98077,1945.0,107,1944.5,53,nan,0,nan,0,nan,0,nan,0,nan,0,nan,0,nan,0,nan,0
1597988370161017088,1597988370739000064,2020-08-21 13:39:30.739000,1944.5,1968.0,1929.5,1956.0,nan,1949.5,120621,23515878200.0,98077,1945.0,108,1944.5,55,nan,0,nan,0,nan,0,nan,0,nan,0,nan,0,nan,0,nan,0
1597988370639556096,1597988371223000064,2020-08-21 13:39:31.223000,1945.0,1968.0,1929.5,1956.0,nan,1949.5,120623,23516267200.0,98078,1945.0,107,1944.5,55,nan,0,nan,0,nan,0,nan,0,nan,0,nan,0,nan,0,nan,0
1597988371132550912,1597988371739000064,2020-08-21 13:39:31.739000,1945.0,1968.0,1929.5,1956.0,nan,1949.5,120623,23516267200.0,98078,1945.0,112,1944.5,55,nan,0,nan,0,nan,0,nan,0,nan,0,nan,0,nan,0,nan,0
1597988371662326016,1597988372240999936,2020-08-21 13:39:32.241000,1945.0,1968.0,1929.5,1956.0,nan,1949.5,120624,23516461700.0,98078,1945.0,112,1944.5,55,nan,0,nan,0,nan,0,nan,0,nan,0,nan,0,nan,0,nan,0
1597988372152873984,1597988372739000064,2020-08-21 13:39:32.739000,1944.5,1968.0,1929.5,1956.0,nan,1949.5,120625,23516656150.0,98078,1945.0,114,1944.5,54,nan,0,nan,0,nan,0,nan,0,nan,0,nan,0,nan,0,nan,0
1597988372643905024,1597988373240999936,2020-08-21 13:39:33.241000,1945.0,1968.0,1929.5,1956.0,nan,1949.5,120630,23517628650.0,98083,1945.0,109,1944.5,54,nan,0,nan,0,nan,0,nan,0,nan,0,nan,0,nan,0,nan,0
1597988373201648128,1597988373724999936,2020-08-21 13:39:33.725000,1944.5,1968.0,1929.5,1956.0,nan,1949.5,120640,23519573150.0,98083,1945.0,109,1944.5,42,nan,0,nan,0,nan,0,nan,0,nan,0,nan,0,nan,0,nan,0
1597988373674152960,1597988374216999936,2020-08-21 13:39:34.217000,1944.5,1968.0,1929.5,1956.0,nan,1949.5,120684,23528128950.0,98121,1944.5,18,1944.0,104,nan,0,nan,0,nan,0,nan,0,nan,0,nan,0,nan,0,nan,0
1597988374140310016,1597988374736999936,2020-08-21 13:39:34.737000,1944.5,1968.0,1929.5,1956.0,nan,1949.5,120684,23528128950.0,98121,1944.5,27,1944.0,102,nan,0,nan,0,nan,0,nan,0,nan,0,nan,0,nan,0,nan,0
1597988374674130944,1597988375237999872,2020-08-21 13:39:35.238000,1944.5,1968.0,1929.5,1956.0,nan,1949.5,120686,23528517850.0,98121,1944.5,26,1944.0,102,nan,0,nan,0,nan,0,nan,0,nan,0,nan,0,nan,0,nan,0
1597988375149391104,1597988375732000000,2020-08-21 13:39:35.732000,1944.5,1968.0,1929.5,1956.0,nan,1949.5,120687,23528712300.0,98121,1944.5,26,1944.0,102,nan,0,nan,0,nan,0,nan,0,nan,0,nan,0,nan,0,nan,0
1597988375634694912,1597988376240000000,2020-08-21 13:39:36.240000,1944.0,1968.0,1929.5,1956.0,nan,1949.5,120688,23528906700.0,98120,1944.5,26,1944.0,101,nan,0,nan,0,nan,0,nan,0,nan,0,nan,0,nan,0,nan,0
1597988376169523968,1597988376744000000,2020-08-21 13:39:36.744000,1944.5,1968.0,1929.5,1956.0,nan,1949.5,120692,23529684500.0,98121,1944.5,23,1944.0,102,nan,0,nan,0,nan,0,nan,0,nan,0,nan,0,nan,0,nan,0
1597988376645977088,1597988377236999936,2020-08-21 13:39:37.237000,1944.5,1968.0,1929.5,1956.0,nan,1949.5,120699,23531045650.0,98128,1944.5,4,1944.0,102,nan,0,nan,0,nan,0,nan,0,nan,0,nan,0,nan,0,nan,0
1597988377141106944,1597988377743000064,2020-08-21 13:39:37.743000,1944.5,1968.0,1929.5,1956.0,nan,1949.5,120703,23531823450.0,98127,1945.0,113,1944.5,4,nan,0,nan,0,nan,0,nan,0,nan,0,nan,0,nan,0,nan,0
1597988377636470016,1597988378224999936,2020-08-21 13:39:38.225000,1944.5,1968.0,1929.5,1956.0,nan,1949.5,120703,23531823450.0,98127,1945.0,143,1944.5,10,nan,0,nan,0,nan,0,nan,0,nan,0,nan,0,nan,0,nan,0
1597988378156677120,1597988378743000064,2020-08-21 13:39:38.743000,1944.5,1968.0,1929.5,1956.0,nan,1949.5,120703,23531823450.0,98127,1945.0,142,1944.5,11,nan,0,nan,0,nan,0,nan,0,nan,0,nan,0,nan,0,nan,0
1597988378634338048,1597988379204999936,2020-08-21 13:39:39.205000,1944.5,1968.0,1929.5,1956.0,nan,1949.5,120705,23532212350.0,98127,1945.0,142,1944.5,9,nan,0,nan,0,nan,0,nan,0,nan,0,nan,0,nan,0,nan,0
1597988379178622976,1597988379720999936,2020-08-21 13:39:39.721000,1944.5,1968.0,1929.5,1956.0,nan,1949.5,120706,23532406800.0,98128,1945.0,143,1944.5,13,nan,0,nan,0,nan,0,nan,0,nan,0,nan,0,nan,0,nan,0
1597988379632950016,1597988380210000128,2020-08-21 13:39:40.210000,1945.0,1968.0,1929.5,1956.0,nan,1949.5,120711,23533379100.0,98127,1945.0,148,1944.5,9,nan,0,nan,0,nan,0,nan,0,nan,0,nan,0,nan,0,nan,0
1597988380141199872,1597988380729000192,2020-08-21 13:39:40.729000,1945.0,1968.0,1929.5,1956.0,nan,1949.5,120714,23533962500.0,98128,1945.0,147,1944.5,8,nan,0,nan,0,nan,0,nan,0,nan,0,nan,0,nan,0,nan,0
1597988380655194880,1597988381234999808,2020-08-21 13:39:41.235000,1945.0,1968.0,1929.5,1956.0,nan,1949.5,120717,23534545900.0,98130,1945.0,146,1944.5,6,nan,0,nan,0,nan,0,nan,0,nan,0,nan,0,nan,0,nan,0
1597988381159033088,1597988381719000064,2020-08-21 13:39:41.719000,1944.5,1968.0,1929.5,1956.0,nan,1949.5,120720,23535129350.0,98130,1945.0,144,1944.5,5,nan,0,nan,0,nan,0,nan,0,nan,0,nan,0,nan,0,nan,0
1597988382637715968,1597988383157999872,2020-08-21 13:39:43.158000,1944.5,1968.0,1929.5,1956.0,nan,1949.5,120725,23536101600.0,98128,1945.0,144,1944.0,150,nan,0,nan,0,nan,0,nan,0,nan,0,nan,0,nan,0,nan,0
1597988383134163968,1597988383714999808,2020-08-21 13:39:43.715000,1944.5,1968.0,1929.5,1956.0,nan,1949.5,120725,23536101600.0,98128,1944.5,2,1944.0,154,nan,0,nan,0,nan,0,nan,0,nan,0,nan,0,nan,0,nan,0
1597988383632875008,1597988384208000000,2020-08-21 13:39:44.208000,1944.5,1968.0,1929.5,1956.0,nan,1949.5,120725,23536101600.0,98128,1944.5,8,1944.0,156,nan,0,nan,0,nan,0,nan,0,nan,0,nan,0,nan,0,nan,0
1597988384188729088,1597988384744000000,2020-08-21 13:39:44.744000,1944.5,1968.0,1929.5,1956.0,nan,1949.5,120727,23536490500.0,98128,1944.5,7,1944.0,157,nan,0,nan,0,nan,0,nan,0,nan,0,nan,0,nan,0,nan,0
1597988384639738112,1597988385221999872,2020-08-21 13:39:45.222000,1944.5,1968.0,1929.5,1956.0,nan,1949.5,120728,23536684950.0,98127,1944.5,6,1944.0,160,nan,0,nan,0,nan,0,nan,0,nan,0,nan,0,nan,0,nan,0
1597988385176466944,1597988385733999872,2020-08-21 13:39:45.734000,1944.5,1968.0,1929.5,1956.0,nan,1949.5,120736,23538240550.0,98133,1944.5,2,1944.0,160,nan,0,nan,0,nan,0,nan,0,nan,0,nan,0,nan,0,nan,0
1597988386144471040,1597988386704999936,2020-08-21 13:39:46.705000,1944.5,1968.0,1929.5,1956.0,nan,1949.5,120736,23538240550.0,98133,1944.5,4,1944.0,160,nan,0,nan,0,nan,0,nan,0,nan,0,nan,0,nan,0,nan,0
1597988386637929984,1597988387200999936,2020-08-21 13:39:47.201000,1944.5,1968.0,1929.5,1956.0,nan,1949.5,120737,23538435000.0,98134,1944.5,3,1944.0,160,nan,0,nan,0,nan,0,nan,0,nan,0,nan,0,nan,0,nan,0
1597988387149166080,1597988387728000000,2020-08-21 13:39:47.728000,1944.5,1968.0,1929.5,1956.0,nan,1949.5,120737,23538435000.0,98134,1944.5,4,1944.0,160,nan,0,nan,0,nan,0,nan,0,nan,0,nan,0,nan,0,nan,0
1597988387639621120,1597988388223000064,2020-08-21 13:39:48.223000,1944.5,1968.0,1929.5,1956.0,nan,1949.5,120743,23539601700.0,98135,1945.0,147,1944.0,160,nan,0,nan,0,nan,0,nan,0,nan,0,nan,0,nan,0,nan,0
1597988388148728064,1597988388739000064,2020-08-21 13:39:48.739000,1944.0,1968.0,1929.5,1956.0,nan,1949.5,120744,23539796100.0,98134,1945.0,146,1944.0,160,nan,0,nan,0,nan,0,nan,0,nan,0,nan,0,nan,0,nan,0
1597988388640070912,1597988389175000064,2020-08-21 13:39:49.175000,1944.5,1968.0,1929.5,1956.0,nan,1949.5,120746,23540184950.0,98134,1945.0,147,1944.5,5,nan,0,nan,0,nan,0,nan,0,nan,0,nan,0,nan,0,nan,0
1597988389146467072,1597988389684999936,2020-08-21 13:39:49.685000,1944.5,1968.0,1929.5,1956.0,nan,1949.5,120752,23541351650.0,98133,1945.0,147,1944.5,6,nan,0,nan,0,nan,0,nan,0,nan,0,nan,0,nan,0,nan,0
1597988389639017984,1597988390240000000,2020-08-21 13:39:50.240000,1944.5,1968.0,1929.5,1956.0,nan,1949.5,120753,23541546100.0,98132,1945.0,147,1944.5,5,nan,0,nan,0,nan,0,nan,0,nan,0,nan,0,nan,0,nan,0
1597988390166662912,1597988390744000000,2020-08-21 13:39:50.744000,1944.5,1968.0,1929.5,1956.0,nan,1949.5,120754,23541740550.0,98131,1945.0,147,1944.5,4,nan,0,nan,0,nan,0,nan,0,nan,0,nan,0,nan,0,nan,0
1597988390645107968,1597988391177999872,2020-08-21 13:39:51.178000,1945.0,1968.0,1929.5,1956.0,nan,1949.5,120756,23542129500.0,98132,1945.0,146,1944.5,3,nan,0,nan,0,nan,0,nan,0,nan,0,nan,0,nan,0,nan,0
1597988391167155968,1597988391742000128,2020-08-21 13:39:51.742000,1945.0,1968.0,1929.5,1956.0,nan,1949.5,120758,23542518450.0,98131,1945.0,145,1944.5,5,nan,0,nan,0,nan,0,nan,0,nan,0,nan,0,nan,0,nan,0
1597988391627943936,1597988392242000128,2020-08-21 13:39:52.242000,1944.5,1968.0,1929.5,1956.0,nan,1949.5,120760,23542907350.0,98130,1945.0,145,1944.5,3,nan,0,nan,0,nan,0,nan,0,nan,0,nan,0,nan,0,nan,0
1597988392138052096,1597988392736999936,2020-08-21 13:39:52.737000,1944.5,1968.0,1929.5,1956.0,nan,1949.5,120764,23543685200.0,98132,1945.0,148,1944.0,156,nan,0,nan,0,nan,0,nan,0,nan,0,nan,0,nan,0,nan,0
1597988392632564992,1597988393233999872,2020-08-21 13:39:53.234000,1944.0,1968.0,1929.5,1956.0,nan,1949.5,120765,23543879600.0,98131,1944.5,1,1944.0,154,nan,0,nan,0,nan,0,nan,0,nan,0,nan,0,nan,0,nan,0
1597988393155905024,1597988393729000192,2020-08-21 13:39:53.729000,1944.0,1968.0,1929.5,1956.0,nan,1949.5,120765,23543879600.0,98131,1944.5,3,1944.0,154,nan,0,nan,0,nan,0,nan,0,nan,0,nan,0,nan,0,nan,0
1597988395139931904,1597988395739000064,2020-08-21 13:39:55.739000,1944.0,1968.0,1929.5,1956.0,nan,1949.5,120765,23543879600.0,98131,1944.5,8,1944.0,155,nan,0,nan,0,nan,0,nan,0,nan,0,nan,0,nan,0,nan,0
1597988395640801024,1597988396236000000,2020-08-21 13:39:56.236000,1944.0,1968.0,1929.5,1956.0,nan,1949.5,120766,23544074000.0,98130,1944.5,11,1944.0,155,nan,0,nan,0,nan,0,nan,0,nan,0,nan,0,nan,0,nan,0
1597988396154985984,1597988396729000192,2020-08-21 13:39:56.729000,1944.0,1968.0,1929.5,1956.0,nan,1949.5,120766,23544074000.0,98130,1944.5,15,1944.0,156,nan,0,nan,0,nan,0,nan,0,nan,0,nan,0,nan,0,nan,0
1597988396645826048,1597988397231000064,2020-08-21 13:39:57.231000,1944.5,1968.0,1929.5,1956.0,nan,1949.5,120768,23544462900.0,98129,1944.5,21,1944.0,156,nan,0,nan,0,nan,0,nan,0,nan,0,nan,0,nan,0,nan,0
1597988397172225024,1597988397727000064,2020-08-21 13:39:57.727000,1944.5,1968.0,1929.5,1956.0,nan,1949.5,120777,23546212950.0,98129,1944.5,13,1944.0,159,nan,0,nan,0,nan,0,nan,0,nan,0,nan,0,nan,0,nan,0
1597988397651536896,1597988398239000064,2020-08-21 13:39:58.239000,1944.5,1968.0,1929.5,1956.0,nan,1949.5,120780,23546796300.0,98128,1944.5,8,1944.0,159,nan,0,nan,0,nan,0,nan,0,nan,0,nan,0,nan,0,nan,0
1597988398168416000,1597988398740999936,2020-08-21 13:39:58.741000,1944.5,1968.0,1929.5,1956.0,nan,1949.5,120780,23546796300.0,98128,1944.5,9,1944.0,162,nan,0,nan,0,nan,0,nan,0,nan,0,nan,0,nan,0,nan,0
1597988399149253120,1597988399645999872,2020-08-21 13:39:59.646000,1944.5,1968.0,1929.5,1956.0,nan,1949.5,120780,23546796300.0,98128,1944.5,10,1944.0,162,nan,0,nan,0,nan,0,nan,0,nan,0,nan,0,nan,0,nan,0
1597988399635356928,1597988400201999872,2020-08-21 13:40:00.202000,1944.0,1968.0,1929.5,1956.0,nan,1949.5,120784,23547573900.0,98125,1944.5,12,1944.0,159,nan,0,nan,0,nan,0,nan,0,nan,0,nan,0,nan,0,nan,0
1597988400178213120,1597988400744000000,2020-08-21 13:40:00.744000,1944.5,1968.0,1929.5,1956.0,nan,1949.5,120787,23548157150.0,98126,1944.5,11,1944.0,157,nan,0,nan,0,nan,0,nan,0,nan,0,nan,0,nan,0,nan,0
1597988400632988928,1597988401193000192,2020-08-21 13:40:01.193000,1944.5,1968.0,1929.5,1956.0,nan,1949.5,120790,23548740500.0,98126,1944.5,11,1944.0,157,nan,0,nan,0,nan,0,nan,0,nan,0,nan,0,nan,0,nan,0
1597988401151756032,1597988401694000128,2020-08-21 13:40:01.694000,1944.5,1968.0,1929.5,1956.0,nan,1949.5,120800,23550685000.0,98131,1944.5,1,1944.0,157,nan,0,nan,0,nan,0,nan,0,nan,0,nan,0,nan,0,nan,0
1597988401629900032,1597988402216999936,2020-08-21 13:40:02.217000,1944.5,1968.0,1929.5,1956.0,nan,1949.5,120800,23550685000.0,98131,1944.5,11,1944.0,157,nan,0,nan,0,nan,0,nan,0,nan,0,nan,0,nan,0,nan,0
1597988402209702912,1597988402729000192,2020-08-21 13:40:02.729000,1944.5,1968.0,1929.5,1956.0,nan,1949.5,120800,23550685000.0,98131,1944.5,12,1944.0,162,nan,0,nan,0,nan,0,nan,0,nan,0,nan,0,nan,0,nan,0
1597988403182289920,1597988403719000064,2020-08-21 13:40:03.719000,1944.0,1968.0,1929.5,1956.0,nan,1949.5,120801,23550879400.0,98130,1944.5,14,1944.0,161,nan,0,nan,0,nan,0,nan,0,nan,0,nan,0,nan,0,nan,0
1597988403645028096,1597988404188999936,2020-08-21 13:40:04.189000,1944.0,1968.0,1929.5,1956.0,nan,1949.5,120802,23551073800.0,98129,1944.5,17,1944.0,163,nan,0,nan,0,nan,0,nan,0,nan,0,nan,0,nan,0,nan,0
1597988404139835904,1597988404724000000,2020-08-21 13:40:04.724000,1944.0,1968.0,1929.5,1956.0,nan,1949.5,120807,23552045900.0,98126,1944.5,15,1944.0,160,nan,0,nan,0,nan,0,nan,0,nan,0,nan,0,nan,0,nan,0
1597988404650414080,1597988405188000000,2020-08-21 13:40:05.188000,1944.0,1968.0,1929.5,1956.0,nan,1949.5,120813,23553212300.0,98121,1944.5,15,1944.0,154,nan,0,nan,0,nan,0,nan,0,nan,0,nan,0,nan,0,nan,0
1597988405155750912,1597988405729000192,2020-08-21 13:40:05.729000,1944.0,1968.0,1929.5,1956.0,nan,1949.5,120814,23553406700.0,98120,1944.5,15,1944.0,154,nan,0,nan,0,nan,0,nan,0,nan,0,nan,0,nan,0,nan,0
1597988405648769024,1597988406188000000,2020-08-21 13:40:06.188000,1944.0,1968.0,1929.5,1956.0,nan,1949.5,120817,23553989900.0,98117,1944.5,26,1944.0,152,nan,0,nan,0,nan,0,nan,0,nan,0,nan,0,nan,0,nan,0
1597988406152399872,1597988406729000192,2020-08-21 13:40:06.729000,1944.0,1968.0,1929.5,1956.0,nan,1949.5,120817,23553989900.0,98117,1944.5,28,1944.0,153,nan,0,nan,0,nan,0,nan,0,nan,0,nan,0,nan,0,nan,0
1597988406636929024,1597988407236999936,2020-08-21 13:40:07.237000,1944.5,1968.0,1929.5,1956.0,nan,1949.5,120826,23555739750.0,98118,1944.5,24,1944.0,147,nan,0,nan,0,nan,0,nan,0,nan,0,nan,0,nan,0,nan,0
1597988407177306880,1597988407719000064,2020-08-21 13:40:07.719000,1944.0,1968.0,1929.5,1956.0,nan,1949.5,120830,23556517500.0,98121,1944.5,21,1944.0,147,nan,0,nan,0,nan,0,nan,0,nan,0,nan,0,nan,0,nan,0
1597988407646737920,1597988408194999808,2020-08-21 13:40:08.195000,1944.0,1968.0,1929.5,1956.0,nan,1949.5,120831,23556711900.0,98120,1944.5,21,1944.0,146,nan,0,nan,0,nan,0,nan,0,nan,0,nan,0,nan,0,nan,0
1597988408630448128,1597988409176000000,2020-08-21 13:40:09.176000,1944.0,1968.0,1929.5,1956.0,nan,1949.5,120833,23557100700.0,98119,1944.5,25,1944.0,144,nan,0,nan,0,nan,0,nan,0,nan,0,nan,0,nan,0,nan,0
1597988409180290048,1597988409727000064,2020-08-21 13:40:09.727000,1944.0,1968.0,1929.5,1956.0,nan,1949.5,120834,23557295100.0,98119,1944.5,25,1944.0,143,nan,0,nan,0,nan,0,nan,0,nan,0,nan,0,nan,0,nan,0
1597988409632249088,1597988410096000000,2020-08-21 13:40:10.096000,1944.0,1968.0,1929.5,1956.0,nan,1949.5,120835,23557489500.0,98119,1944.5,26,1944.0,142,nan,0,nan,0,nan,0,nan,0,nan,0,nan,0,nan,0,nan,0
1597988410650571008,1597988411239000064,2020-08-21 13:40:11.239000,1944.0,1968.0,1929.5,1956.0,nan,1949.5,120835,23557489500.0,98119,1944.5,30,1944.0,146,nan,0,nan,0,nan,0,nan,0,nan,0,nan,0,nan,0,nan,0
1597988411646059008,1597988412224999936,2020-08-21 13:40:12.225000,1944.5,1968.0,1929.5,1956.0,nan,1949.5,120836,23557683950.0,98120,1944.5,29,1944.0,146,nan,0,nan,0,nan,0,nan,0,nan,0,nan,0,nan,0,nan,0
1597988412182546944,1597988412708000000,2020-08-21 13:40:12.708000,1944.0,1968.0,1929.5,1956.0,nan,1949.5,120980,23585677550.0,98152,1944.0,33,1943.5,8,nan,0,nan,0,nan,0,nan,0,nan,0,nan,0,nan,0,nan,0
1597988412664322048,1597988413220999936,2020-08-21 13:40:13.221000,1944.0,1968.0,1929.5,1956.0,nan,1949.5,120981,23585871950.0,98152,1944.0,17,1943.5,4,nan,0,nan,0,nan,0,nan,0,nan,0,nan,0,nan,0,nan,0
1597988413143322880,1597988413709000192,2020-08-21 13:40:13.709000,1944.0,1968.0,1929.5,1956.0,nan,1949.5,120981,23585871950.0,98152,1944.0,34,1943.5,10,nan,0,nan,0,nan,0,nan,0,nan,0,nan,0,nan,0,nan,0
1597988413671759872,1597988414230000128,2020-08-21 13:40:14.230000,1943.5,1968.0,1929.5,1956.0,nan,1949.5,120983,23586260700.0,98151,1944.0,33,1943.5,19,nan,0,nan,0,nan,0,nan,0,nan,0,nan,0,nan,0,nan,0
1597988414152997120,1597988414704000000,2020-08-21 13:40:14.704000,1943.5,1968.0,1929.5,1956.0,nan,1949.5,120987,23587038200.0,98151,1944.0,31,1943.5,18,nan,0,nan,0,nan,0,nan,0,nan,0,nan,0,nan,0,nan,0
1597988414642194944,1597988415145999872,2020-08-21 13:40:15.146000,1943.5,1968.0,1929.5,1956.0,nan,1949.5,120987,23587038200.0,98151,1944.0,31,1943.5,19,nan,0,nan,0,nan,0,nan,0,nan,0,nan,0,nan,0,nan,0
1597988415138400000,1597988415716999936,2020-08-21 13:40:15.717000,1943.5,1968.0,1929.5,1956.0,nan,1949.5,120988,23587232550.0,98151,1944.0,32,1943.5,18,nan,0,nan,0,nan,0,nan,0,nan,0,nan,0,nan,0,nan,0
1597988415696676096,1597988416180999936,2020-08-21 13:40:16.181000,1943.5,1968.0,1929.5,1956.0,nan,1949.5,120988,23587232550.0,98151,1944.0,20,1943.5,18,nan,0,nan,0,nan,0,nan,0,nan,0,nan,0,nan,0,nan,0
1597988416187552000,1597988416733999872,2020-08-21 13:40:16.734000,1944.0,1968.0,1929.5,1956.0,nan,1949.5,120989,23587426950.0,98152,1944.0,20,1943.5,18,nan,0,nan,0,nan,0,nan,0,nan,0,nan,0,nan,0,nan,0
1597988416638830080,1597988417236000000,2020-08-21 13:40:17.236000,1943.5,1968.0,1929.5,1956.0,nan,1949.5,120991,23587815700.0,98153,1944.0,19,1943.5,17,nan,0,nan,0,nan,0,nan,0,nan,0,nan,0,nan,0,nan,0
1597988417641541888,1597988418243000064,2020-08-21 13:40:18.243000,1943.5,1968.0,1929.5,1956.0,nan,1949.5,120997,23588981800.0,98151,1944.0,19,1943.5,11,nan,0,nan,0,nan,0,nan,0,nan,0,nan,0,nan,0,nan,0
1597988418146179072,1597988418734999808,2020-08-21 13:40:18.735000,1943.5,1968.0,1929.5,1956.0,nan,1949.5,121007,23590925300.0,98150,1943.5,5,1943.0,16,nan,0,nan,0,nan,0,nan,0,nan,0,nan,0,nan,0,nan,0
1597988418645861120,1597988419226000128,2020-08-21 13:40:19.226000,1943.5,1968.0,1929.5,1956.0,nan,1949.5,121008,23591119650.0,98151,1943.5,27,1943.0,13,nan,0,nan,0,nan,0,nan,0,nan,0,nan,0,nan,0,nan,0
1597988419140524032,1597988419665999872,2020-08-21 13:40:19.666000,1943.5,1968.0,1929.5,1956.0,nan,1949.5,121009,23591314000.0,98151,1943.5,27,1943.0,13,nan,0,nan,0,nan,0,nan,0,nan,0,nan,0,nan,0,nan,0
1597988419645789952,1597988420226000128,2020-08-21 13:40:20.226000,1943.5,1968.0,1929.5,1956.0,nan,1949.5,121011,23591702700.0,98152,1943.5,25,1943.0,16,nan,0,nan,0,nan,0,nan,0,nan,0,nan,0,nan,0,nan,0
1597988420178582016,1597988420739000064,2020-08-21 13:40:20.739000,1943.5,1968.0,1929.5,1956.0,nan,1949.5,121012,23591897050.0,98153,1943.5,24,1943.0,16,nan,0,nan,0,nan,0,nan,0,nan,0,nan,0,nan,0,nan,0
1597988420630319104,1597988421170000128,2020-08-21 13:40:21.170000,1943.0,1968.0,1929.5,1956.0,nan,1949.5,121014,23592285650.0,98155,1943.5,25,1943.0,16,nan,0,nan,0,nan,0,nan,0,nan,0,nan,0,nan,0,nan,0
1597988421149936128,1597988421688000000,2020-08-21 13:40:21.688000,1943.0,1968.0,1929.5,1956.0,nan,1949.5,121016,23592674250.0,98155,1943.5,26,1943.0,13,nan,0,nan,0,nan,0,nan,0,nan,0,nan,0,nan,0,nan,0
1597988422665284096,1597988423237999872,2020-08-21 13:40:23.238000,1943.0,1968.0,1929.5,1956.0,nan,1949.5,121018,23593062850.0,98154,1943.5,26,1943.0,12,nan,0,nan,0,nan,0,nan,0,nan,0,nan,0,nan,0,nan,0
1597988423178705920,1597988423736999936,2020-08-21 13:40:23.737000,1943.0,1968.0,1929.5,1956.0,nan,1949.5,121018,23593062850.0,98154,1943.5,26,1943.0,13,nan,0,nan,0,nan,0,nan,0,nan,0,nan,0,nan,0,nan,0
1597988423641146112,1597988424240000000,2020-08-21 13:40:24.240000,1943.0,1968.0,1929.5,1956.0,nan,1949.5,121018,23593062850.0,98154,1943.5,33,1943.0,13,nan,0,nan,0,nan,0,nan,0,nan,0,nan,0,nan,0,nan,0
1597988424211169024,1597988424730000128,2020-08-21 13:40:24.730000,1943.0,1968.0,1929.5,1956.0,nan,1949.5,121031,23595588750.0,98156,1943.0,8,1942.5,16,nan,0,nan,0,nan,0,nan,0,nan,0,nan,0,nan,0,nan,0
1597988424637764096,1597988425211000064,2020-08-21 13:40:25.211000,1942.5,1968.0,1929.5,1956.0,nan,1949.5,121033,23595977300.0,98158,1943.0,8,1942.5,14,nan,0,nan,0,nan,0,nan,0,nan,0,nan,0,nan,0,nan,0
1597988425139550976,1597988425713999872,2020-08-21 13:40:25.714000,1943.0,1968.0,1929.5,1956.0,nan,1949.5,121043,23597920300.0,98165,1943.0,3,1942.5,20,nan,0,nan,0,nan,0,nan,0,nan,0,nan,0,nan,0,nan,0
1597988425641431040,1597988426151000064,2020-08-21 13:40:26.151000,1943.0,1968.0,1929.5,1956.0,nan,1949.5,121049,23599086100.0,98167,1943.5,38,1943.0,4,nan,0,nan,0,nan,0,nan,0,nan,0,nan,0,nan,0,nan,0
1597988426187055104,1597988426627000064,2020-08-21 13:40:26.627000,1943.5,1968.0,1929.5,1956.0,nan,1949.5,121052,23599669150.0,98168,1943.5,35,1943.0,26,nan,0,nan,0,nan,0,nan,0,nan,0,nan,0,nan,0,nan,0
1597988426838752000,1597988427206000128,2020-08-21 13:40:27.206000,1943.5,1968.0,1929.5,1956.0,nan,1949.5,121052,23599669150.0,98168,1943.5,26,1943.0,31,nan,0,nan,0,nan,0,nan,0,nan,0,nan,0,nan,0,nan,0
1597988427160941056,1597988427740000000,2020-08-21 13:40:27.740000,1943.5,1968.0,1929.5,1956.0,nan,1949.5,121052,23599669150.0,98168,1943.5,26,1943.0,41,nan,0,nan,0,nan,0,nan,0,nan,0,nan,0,nan,0,nan,0
1597988427644215040,1597988428221999872,2020-08-21 13:40:28.222000,1943.0,1968.0,1929.5,1956.0,nan,1949.5,121053,23599863450.0,98168,1943.5,26,1943.0,41,nan,0,nan,0,nan,0,nan,0,nan,0,nan,0,nan,0,nan,0
1597988428138174976,1597988428703000064,2020-08-21 13:40:28.703000,1943.0,1968.0,1929.5,1956.0,nan,1949.5,121054,23600057750.0,98168,1943.5,27,1943.0,47,nan,0,nan,0,nan,0,nan,0,nan,0,nan,0,nan,0,nan,0
1597988428631286016,1597988429244999936,2020-08-21 13:40:29.245000,1943.5,1968.0,1929.5,1956.0,nan,1949.5,121085,23606082600.0,98186,1944.0,26,1943.5,1,nan,0,nan,0,nan,0,nan,0,nan,0,nan,0,nan,0,nan,0
1597988429175449088,1597988429728000000,2020-08-21 13:40:29.728000,1943.5,1968.0,1929.5,1956.0,nan,1949.5,121085,23606082600.0,98186,1944.0,26,1943.5,10,nan,0,nan,0,nan,0,nan,0,nan,0,nan,0,nan,0,nan,0
1597988429631833088,1597988430226000128,2020-08-21 13:40:30.226000,1944.0,1968.0,1929.5,1956.0,nan,1949.5,121116,23612108750.0,98179,1944.5,30,1944.0,3,nan,0,nan,0,nan,0,nan,0,nan,0,nan,0,nan,0,nan,0
1597988430155457024,1597988430742000128,2020-08-21 13:40:30.742000,1944.0,1968.0,1929.5,1956.0,nan,1949.5,121129,23614636250.0,98183,1944.5,21,1944.0,101,nan,0,nan,0,nan,0,nan,0,nan,0,nan,0,nan,0,nan,0
1597988430641250048,1597988431200999936,2020-08-21 13:40:31.201000,1944.5,1968.0,1929.5,1956.0,nan,1949.5,121150,23618719700.0,98177,1945.0,184,1944.0,145,nan,0,nan,0,nan,0,nan,0,nan,0,nan,0,nan,0,nan,0
1597988431133946880,1597988431625999872,2020-08-21 13:40:31.626000,1944.5,1968.0,1929.5,1956.0,nan,1949.5,121151,23618914150.0,98177,1945.0,183,1944.0,145,nan,0,nan,0,nan,0,nan,0,nan,0,nan,0,nan,0,nan,0
1597988432157018112,1597988432740999936,2020-08-21 13:40:32.741000,1944.0,1968.0,1929.5,1956.0,nan,1949.5,121152,23619108550.0,98177,1945.0,182,1944.0,145,nan,0,nan,0,nan,0,nan,0,nan,0,nan,0,nan,0,nan,0
1597988432633275904,1597988433243000064,2020-08-21 13:40:33.243000,1944.0,1968.0,1929.5,1956.0,nan,1949.5,121155,23619691750.0,98178,1945.0,182,1944.0,144,nan,0,nan,0,nan,0,nan,0,nan,0,nan,0,nan,0,nan,0
1597988433160998912,1597988433697999872,2020-08-21 13:40:33.698000,1944.0,1968.0,1929.5,1956.0,nan,1949.5,121156,23619886150.0,98177,1945.0,182,1944.0,143,nan,0,nan,0,nan,0,nan,0,nan,0,nan,0,nan,0,nan,0
1597988433638962944,1597988434242000128,2020-08-21 13:40:34.242000,1944.0,1968.0,1929.5,1956.0,nan,1949.5,121156,23619886150.0,98177,1945.0,182,1944.0,144,nan,0,nan,0,nan,0,nan,0,nan,0,nan,0,nan,0,nan,0
1597988434135713024,1597988434720999936,2020-08-21 13:40:34.721000,1944.5,1968.0,1929.5,1956.0,nan,1949.5,121158,23620275050.0,98177,1945.0,182,1944.0,146,nan,0,nan,0,nan,0,nan,0,nan,0,nan,0,nan,0,nan,0
1597988434646496000,1597988435239000064,2020-08-21 13:40:35.239000,1944.0,1968.0,1929.5,1956.0,nan,1949.5,121159,23620469450.0,98176,1945.0,182,1944.0,145,nan,0,nan,0,nan,0,nan,0,nan,0,nan,0,nan,0,nan,0
1597988435156528128,1597988435726000128,2020-08-21 13:40:35.726000,1944.0,1968.0,1929.5,1956.0,nan,1949.5,121159,23620469450.0,98176,1944.5,1,1944.0,145,nan,0,nan,0,nan,0,nan,0,nan,0,nan,0,nan,0,nan,0
1597988435631549952,1597988436236999936,2020-08-21 13:40:36.237000,1944.5,1968.0,1929.5,1956.0,nan,1949.5,121160,23620663900.0,98176,1945.0,181,1944.0,150,nan,0,nan,0,nan,0,nan,0,nan,0,nan,0,nan,0,nan,0
1597988436167863040,1597988436740000000,2020-08-21 13:40:36.740000,1944.5,1968.0,1929.5,1956.0,nan,1949.5,121161,23620858350.0,98176,1945.0,182,1944.0,145,nan,0,nan,0,nan,0,nan,0,nan,0,nan,0,nan,0,nan,0
1597988436651661056,1597988437226000128,2020-08-21 13:40:37.226000,1944.0,1968.0,1929.5,1956.0,nan,1949.5,121164,23621441650.0,98178,1945.0,183,1944.5,5,nan,0,nan,0,nan,0,nan,0,nan,0,nan,0,nan,0,nan,0
1597988437230899968,1597988437712000000,2020-08-21 13:40:37.712000,1944.0,1968.0,1929.5,1956.0,nan,1949.5,121169,23622413650.0,98179,1945.0,183,1944.5,2,nan,0,nan,0,nan,0,nan,0,nan,0,nan,0,nan,0,nan,0
1597988437641225984,1597988438233999872,2020-08-21 13:40:38.234000,1944.0,1968.0,1929.5,1956.0,nan,1949.5,121170,23622608050.0,98179,1945.0,183,1944.5,23,nan,0,nan,0,nan,0,nan,0,nan,0,nan,0,nan,0,nan,0
1597988438149827072,1597988438723000064,2020-08-21 13:40:38.723000,1944.0,1968.0,1929.5,1956.0,nan,1949.5,121170,23622608050.0,98179,1945.0,183,1944.5,34,nan,0,nan,0,nan,0,nan,0,nan,0,nan,0,nan,0,nan,0
1597988438638721024,1597988439244999936,2020-08-21 13:40:39.245000,1944.5,1968.0,1929.5,1956.0,nan,1949.5,121171,23622802500.0,98179,1945.0,183,1944.5,34,nan,0,nan,0,nan,0,nan,0,nan,0,nan,0,nan,0,nan,0
1597988439179376128,1597988439734999808,2020-08-21 13:40:39.735000,1944.5,1968.0,1929.5,1956.0,nan,1949.5,121171,23622802500.0,98179,1945.0,183,1944.5,36,nan,0,nan,0,nan,0,nan,0,nan,0,nan,0,nan,0,nan,0
1597988439637254912,1597988440224000000,2020-08-21 13:40:40.224000,1944.5,1968.0,1929.5,1956.0,nan,1949.5,121172,23622996950.0,98180,1945.0,182,1944.5,35,nan,0,nan,0,nan,0,nan,0,nan,0,nan,0,nan,0,nan,0
1597988440142904064,1597988440744000000,2020-08-21 13:40:40.744000,1944.5,1968.0,1929.5,1956.0,nan,1949.5,121180,23624552550.0,98188,1945.0,182,1944.5,31,nan,0,nan,0,nan,0,nan,0,nan,0,nan,0,nan,0,nan,0
1597988440652728064,1597988441234999808,2020-08-21 13:40:41.235000,1944.5,1968.0,1929.5,1956.0,nan,1949.5,121181,23624747000.0,98188,1945.0,182,1944.5,30,nan,0,nan,0,nan,0,nan,0,nan,0,nan,0,nan,0,nan,0
1597988441179240960,1597988441744000000,2020-08-21 13:40:41.744000,1944.5,1968.0,1929.5,1956.0,nan,1949.5,121184,23625330350.0,98188,1945.0,182,1944.5,27,nan,0,nan,0,nan,0,nan,0,nan,0,nan,0,nan,0,nan,0
1597988441641758976,1597988442187000064,2020-08-21 13:40:42.187000,1945.0,1968.0,1929.5,1956.0,nan,1949.5,121187,23625913750.0,98189,1945.0,183,1944.5,22,nan,0,nan,0,nan,0,nan,0,nan,0,nan,0,nan,0,nan,0
1597988442145650944,1597988442744999936,2020-08-21 13:40:42.745000,1944.5,1968.0,1929.5,1956.0,nan,1949.5,121190,23626497100.0,98189,1945.0,192,1944.5,16,nan,0,nan,0,nan,0,nan,0,nan,0,nan,0,nan,0,nan,0
1597988442648421888,1597988443232999936,2020-08-21 13:40:43.233000,1945.0,1968.0,1929.5,1956.0,nan,1949.5,121207,23629802800.0,98198,1944.5,1,1944.0,147,nan,0,nan,0,nan,0,nan,0,nan,0,nan,0,nan,0,nan,0
1597988443137296896,1597988443694000128,2020-08-21 13:40:43.694000,1945.0,1968.0,1929.5,1956.0,nan,1949.5,121208,23629997300.0,98197,1945.0,192,1944.5,11,nan,0,nan,0,nan,0,nan,0,nan,0,nan,0,nan,0,nan,0
1597988443657527040,1597988444208000000,2020-08-21 13:40:44.208000,1944.5,1968.0,1929.5,1956.0,nan,1949.5,121211,23630580650.0,98196,1945.0,192,1944.5,15,nan,0,nan,0,nan,0,nan,0,nan,0,nan,0,nan,0,nan,0
1597988444668201984,1597988445216999936,2020-08-21 13:40:45.217000,1944.5,1968.0,1929.5,1956.0,nan,1949.5,121211,23630580650.0,98196,1945.0,193,1944.5,15,nan,0,nan,0,nan,0,nan,0,nan,0,nan,0,nan,0,nan,0
1597988445176403968,1597988445717999872,2020-08-21 13:40:45.718000,1944.5,1968.0,1929.5,1956.0,nan,1949.5,121214,23631164100.0,98197,1945.0,196,1944.5,18,nan,0,nan,0,nan,0,nan,0,nan,0,nan,0,nan,0,nan,0
1597988445632215040,1597988446233999872,2020-08-21 13:40:46.234000,1945.0,1968.0,1929.5,1956.0,nan,1949.5,121221,23632525300.0,98204,1945.0,196,1944.5,12,nan,0,nan,0,nan,0,nan,0,nan,0,nan,0,nan,0,nan,0
1597988446164294912,1597988446693000192,2020-08-21 13:40:46.693000,1944.5,1968.0,1929.5,1956.0,nan,1949.5,121228,23633886450.0,98198,1945.0,196,1944.5,1,nan,0,nan,0,nan,0,nan,0,nan,0,nan,0,nan,0,nan,0
1597988446635208960,1597988447240000000,2020-08-21 13:40:47.240000,1944.5,1968.0,1929.5,1956.0,nan,1949.5,121230,23634275400.0,98197,1944.5,2,1944.0,149,nan,0,nan,0,nan,0,nan,0,nan,0,nan,0,nan,0,nan,0
1597988447139535872,1597988447724999936,2020-08-21 13:40:47.725000,1944.5,1968.0,1929.5,1956.0,nan,1949.5,121234,23635053200.0,98197,1944.5,6,1944.0,148,nan,0,nan,0,nan,0,nan,0,nan,0,nan,0,nan,0,nan,0
1597988447628336128,1597988448232000000,2020-08-21 13:40:48.232000,1944.5,1968.0,1929.5,1956.0,nan,1949.5,121236,23635442100.0,98195,1944.5,4,1944.0,148,nan,0,nan,0,nan,0,nan,0,nan,0,nan,0,nan,0,nan,0
1597988448156216064,1597988448733999872,2020-08-21 13:40:48.734000,1944.5,1968.0,1929.5,1956.0,nan,1949.5,121242,23636608800.0,98191,1945.0,197,1944.0,151,nan,0,nan,0,nan,0,nan,0,nan,0,nan,0,nan,0,nan,0
1597988448635354112,1597988449224000000,2020-08-21 13:40:49.224000,1944.5,1968.0,1929.5,1956.0,nan,1949.5,121243,23636803250.0,98191,1945.0,196,1944.0,151,nan,0,nan,0,nan,0,nan,0,nan,0,nan,0,nan,0,nan,0
1597988449130604032,1597988449632999936,2020-08-21 13:40:49.633000,1944.5,1968.0,1929.5,1956.0,nan,1949.5,121243,23636803250.0,98191,1945.0,196,1944.5,1,nan,0,nan,0,nan,0,nan,0,nan,0,nan,0,nan,0,nan,0
1597988450178447104,1597988450732000000,2020-08-21 13:40:50.732000,1944.5,1968.0,1929.5,1956.0,nan,1949.5,121245,23637192200.0,98192,1945.0,195,1944.0,151,nan,0,nan,0,nan,0,nan,0,nan,0,nan,0,nan,0,nan,0
1597988450633000960,1597988451219000064,2020-08-21 13:40:51.219000,1945.0,1968.0,1929.5,1956.0,nan,1949.5,121265,23641081750.0,98202,1945.0,180,1944.0,152,nan,0,nan,0,nan,0,nan,0,nan,0,nan,0,nan,0,nan,0
1597988451148726016,1597988451743000064,2020-08-21 13:40:51.743000,1944.5,1968.0,1929.5,1956.0,nan,1949.5,121266,23641276200.0,98203,1945.0,179,1944.5,4,nan,0,nan,0,nan,0,nan,0,nan,0,nan,0,nan,0,nan,0
1597988451650285056,1597988452242000128,2020-08-21 13:40:52.242000,1945.0,1968.0,1929.5,1956.0,nan,1949.5,121274,23642831850.0,98201,1945.0,178,1944.5,15,nan,0,nan,0,nan,0,nan,0,nan,0,nan,0,nan,0,nan,0
1597988452138697984,1597988452694999808,2020-08-21 13:40:52.695000,1944.5,1968.0,1929.5,1956.0,nan,1949.5,121283,23644582150.0,98203,1945.0,171,1944.5,11,nan,0,nan,0,nan,0,nan,0,nan,0,nan,0,nan,0,nan,0
1597988452637362944,1597988453180999936,2020-08-21 13:40:53.181000,1945.0,1968.0,1929.5,1956.0,nan,1949.5,121285,23644971100.0,98203,1945.0,171,1944.5,13,nan,0,nan,0,nan,0,nan,0,nan,0,nan,0,nan,0,nan,0
1597988453146767872,1597988453657000192,2020-08-21 13:40:53.657000,1944.5,1968.0,1929.5,1956.0,nan,1949.5,121287,23645360050.0,98203,1945.0,174,1944.5,16,nan,0,nan,0,nan,0,nan,0,nan,0,nan,0,nan,0,nan,0
1597988453632771072,1597988454217999872,2020-08-21 13:40:54.218000,1945.0,1968.0,1929.5,1956.0,nan,1949.5,121289,23645749000.0,98202,1945.0,173,1944.5,17,nan,0,nan,0,nan,0,nan,0,nan,0,nan,0,nan,0,nan,0
1597988454151890944,1597988454709000192,2020-08-21 13:40:54.709000,1944.5,1968.0,1929.5,1956.0,nan,1949.5,121291,23646137900.0,98200,1945.0,173,1944.5,15,nan,0,nan,0,nan,0,nan,0,nan,0,nan,0,nan,0,nan,0
1597988455134981888,1597988455744000000,2020-08-21 13:40:55.744000,1944.5,1968.0,1929.5,1956.0,nan,1949.5,121293,23646526800.0,98200,1945.0,173,1944.5,13,nan,0,nan,0,nan,0,nan,0,nan,0,nan,0,nan,0,nan,0
1597988455626992128,1597988456161999872,2020-08-21 13:40:56.162000,1944.5,1968.0,1929.5,1956.0,nan,1949.5,121295,23646915750.0,98199,1945.0,172,1944.5,13,nan,0,nan,0,nan,0,nan,0,nan,0,nan,0,nan,0,nan,0
1597988456155633920,1597988456736000000,2020-08-21 13:40:56.736000,1944.5,1968.0,1929.5,1956.0,nan,1949.5,121301,23648082500.0,98199,1945.0,171,1944.5,8,nan,0,nan,0,nan,0,nan,0,nan,0,nan,0,nan,0,nan,0
1597988456633076992,1597988457240000000,2020-08-21 13:40:57.240000,1944.5,1968.0,1929.5,1956.0,nan,1949.5,121303,23648471400.0,98198,1945.0,172,1944.5,6,nan,0,nan,0,nan,0,nan,0,nan,0,nan,0,nan,0,nan,0
1597988457181464064,1597988457743000064,2020-08-21 13:40:57.743000,1945.0,1968.0,1929.5,1956.0,nan,1949.5,121304,23648665900.0,98197,1945.0,171,1944.5,6,nan,0,nan,0,nan,0,nan,0,nan,0,nan,0,nan,0,nan,0
1597988457634141952,1597988458244000000,2020-08-21 13:40:58.244000,1944.5,1968.0,1929.5,1956.0,nan,1949.5,121328,23653333600.0,98184,1945.0,153,1944.5,5,nan,0,nan,0,nan,0,nan,0,nan,0,nan,0,nan,0,nan,0
1597988458135589120,1597988458742000128,2020-08-21 13:40:58.742000,1945.0,1968.0,1929.5,1956.0,nan,1949.5,121341,23655862100.0,98178,1945.0,140,1944.5,21,nan,0,nan,0,nan,0,nan,0,nan,0,nan,0,nan,0,nan,0
1597988458638402048,1597988459173000192,2020-08-21 13:40:59.173000,1944.5,1968.0,1929.5,1956.0,nan,1949.5,121342,23656056550.0,98177,1945.0,140,1944.5,21,nan,0,nan,0,nan,0,nan,0,nan,0,nan,0,nan,0,nan,0
1597988459188573952,1597988459730000128,2020-08-21 13:40:59.730000,1945.0,1968.0,1929.5,1956.0,nan,1949.5,121344,23656445500.0,98176,1945.0,140,1944.5,19,nan,0,nan,0,nan,0,nan,0,nan,0,nan,0,nan,0,nan,0
1597988459634298112,1597988460242000128,2020-08-21 13:41:00.242000,1945.0,1968.0,1929.5,1956.0,nan,1949.5,121346,23656834450.0,98175,1945.0,140,1944.5,18,nan,0,nan,0,nan,0,nan,0,nan,0,nan,0,nan,0,nan,0
1597988460177295872,1597988460742000128,2020-08-21 13:41:00.742000,1945.0,1968.0,1929.5,1956.0,nan,1949.5,121370,23661502450.0,98172,1945.0,116,1944.5,19,nan,0,nan,0,nan,0,nan,0,nan,0,nan,0,nan,0,nan,0
1597988460633517056,1597988461244000000,2020-08-21 13:41:01.244000,1945.0,1968.0,1929.5,1956.0,nan,1949.5,121370,23661502450.0,98172,1945.0,116,1944.5,18,nan,0,nan,0,nan,0,nan,0,nan,0,nan,0,nan,0,nan,0
1597988461138140928,1597988461677999872,2020-08-21 13:41:01.678000,1945.0,1968.0,1929.5,1956.0,nan,1949.5,121385,23664419850.0,98170,1945.0,103,1944.5,17,nan,0,nan,0,nan,0,nan,0,nan,0,nan,0,nan,0,nan,0
1597988461640442112,1597988462244999936,2020-08-21 13:41:02.245000,1944.5,1968.0,1929.5,1956.0,nan,1949.5,121386,23664614300.0,98171,1945.0,103,1944.5,16,nan,0,nan,0,nan,0,nan,0,nan,0,nan,0,nan,0,nan,0
1597988462164883968,1597988462700999936,2020-08-21 13:41:02.701000,1944.5,1968.0,1929.5,1956.0,nan,1949.5,121387,23664808750.0,98171,1945.0,103,1944.5,22,nan,0,nan,0,nan,0,nan,0,nan,0,nan,0,nan,0,nan,0
1597988463154716928,1597988463732999936,2020-08-21 13:41:03.733000,1945.0,1968.0,1929.5,1956.0,nan,1949.5,121388,23665003250.0,98171,1945.0,103,1944.5,23,nan,0,nan,0,nan,0,nan,0,nan,0,nan,0,nan,0,nan,0
1597988463627883008,1597988464237999872,2020-08-21 13:41:04.238000,1945.0,1968.0,1929.5,1956.0,nan,1949.5,121392,23665781200.0,98168,1945.0,100,1944.5,22,nan,0,nan,0,nan,0,nan,0,nan,0,nan,0,nan,0,nan,0
1597988464156660992,1597988464740000000,2020-08-21 13:41:04.740000,1944.5,1968.0,1929.5,1956.0,nan,1949.5,121399,23667142600.0,98167,1945.0,94,1944.5,21,nan,0,nan,0,nan,0,nan,0,nan,0,nan,0,nan,0,nan,0
1597988464641433088,1597988465236999936,2020-08-21 13:41:05.237000,1945.0,1968.0,1929.5,1956.0,nan,1949.5,121413,23669865450.0,98164,1945.0,83,1944.5,21,nan,0,nan,0,nan,0,nan,0,nan,0,nan,0,nan,0,nan,0
1597988465181606912,1597988465744999936,2020-08-21 13:41:05.745000,1944.5,1968.0,1929.5,1956.0,nan,1949.5,121415,23670254350.0,98163,1945.0,83,1944.5,20,nan,0,nan,0,nan,0,nan,0,nan,0,nan,0,nan,0,nan,0
1597988465634272000,1597988466186000128,2020-08-21 13:41:06.186000,1945.0,1968.0,1929.5,1956.0,nan,1949.5,121433,23673755350.0,98152,1945.0,65,1944.5,21,nan,0,nan,0,nan,0,nan,0,nan,0,nan,0,nan,0,nan,0
1597988466149556992,1597988466694000128,2020-08-21 13:41:06.694000,1945.0,1968.0,1929.5,1956.0,nan,1949.5,121433,23673755350.0,98152,1945.0,66,1944.5,20,nan,0,nan,0,nan,0,nan,0,nan,0,nan,0,nan,0,nan,0
1597988466632698112,1597988467242000128,2020-08-21 13:41:07.242000,1944.5,1968.0,1929.5,1956.0,nan,1949.5,121437,23674533150.0,98150,1945.0,67,1944.5,17,nan,0,nan,0,nan,0,nan,0,nan,0,nan,0,nan,0,nan,0
1597988467142063104,1597988467708000000,2020-08-21 13:41:07.708000,1945.0,1968.0,1929.5,1956.0,nan,1949.5,121439,23674922100.0,98149,1945.0,66,1944.5,16,nan,0,nan,0,nan,0,nan,0,nan,0,nan,0,nan,0,nan,0
1597988467642797056,1597988468180000000,2020-08-21 13:41:08.180000,1945.0,1968.0,1929.5,1956.0,nan,1949.5,121443,23675700100.0,98152,1945.0,62,1944.5,16,nan,0,nan,0,nan,0,nan,0,nan,0,nan,0,nan,0,nan,0
1597988468151055872,1597988468670000128,2020-08-21 13:41:08.670000,1944.5,1968.0,1929.5,1956.0,nan,1949.5,121445,23676089000.0,98153,1945.0,62,1944.5,15,nan,0,nan,0,nan,0,nan,0,nan,0,nan,0,nan,0,nan,0
1597988469147484928,1597988469713999872,2020-08-21 13:41:09.714000,1945.0,1968.0,1929.5,1956.0,nan,1949.5,121446,23676283500.0,98153,1945.0,66,1944.5,15,nan,0,nan,0,nan,0,nan,0,nan,0,nan,0,nan,0,nan,0
1597988469639270912,1597988470233999872,2020-08-21 13:41:10.234000,1944.5,1968.0,1929.5,1956.0,nan,1949.5,121451,23677255750.0,98152,1945.0,66,1944.5,10,nan,0,nan,0,nan,0,nan,0,nan,0,nan,0,nan,0,nan,0
1597988470140800000,1597988470730000128,2020-08-21 13:41:10.730000,1944.5,1968.0,1929.5,1956.0,nan,1949.5,121452,23677450200.0,98151,1945.0,66,1944.5,19,nan,0,nan,0,nan,0,nan,0,nan,0,nan,0,nan,0,nan,0
1597988470669177088,1597988471227000064,2020-08-21 13:41:11.227000,1945.0,1968.0,1929.5,1956.0,nan,1949.5,121453,23677644700.0,98152,1945.0,64,1944.5,21,nan,0,nan,0,nan,0,nan,0,nan,0,nan,0,nan,0,nan,0
1597988471149961984,1597988471719000064,2020-08-21 13:41:11.719000,1945.0,1968.0,1929.5,1956.0,nan,1949.5,121453,23677644700.0,98152,1945.0,65,1944.5,18,nan,0,nan,0,nan,0,nan,0,nan,0,nan,0,nan,0,nan,0
1597988471633061120,1597988472194999808,2020-08-21 13:41:12.195000,1945.0,1968.0,1929.5,1956.0,nan,1949.5,121453,23677644700.0,98152,1945.0,65,1944.5,17,nan,0,nan,0,nan,0,nan,0,nan,0,nan,0,nan,0,nan,0
1597988472156248064,1597988472724999936,2020-08-21 13:41:12.725000,1944.5,1968.0,1929.5,1956.0,nan,1949.5,121455,23678033650.0,98153,1945.0,65,1944.5,22,nan,0,nan,0,nan,0,nan,0,nan,0,nan,0,nan,0,nan,0
1597988472629267968,1597988473236000000,2020-08-21 13:41:13.236000,1944.5,1968.0,1929.5,1956.0,nan,1949.5,121455,23678033650.0,98153,1945.0,68,1944.5,22,nan,0,nan,0,nan,0,nan,0,nan,0,nan,0,nan,0,nan,0
1597988473134136064,1597988473673000192,2020-08-21 13:41:13.673000,1944.5,1968.0,1929.5,1956.0,nan,1949.5,121456,23678228100.0,98153,1945.0,69,1944.5,24,nan,0,nan,0,nan,0,nan,0,nan,0,nan,0,nan,0,nan,0
1597988474147675904,1597988474651000064,2020-08-21 13:41:14.651000,1944.5,1968.0,1929.5,1956.0,nan,1949.5,121457,23678422550.0,98153,1945.0,69,1944.5,23,nan,0,nan,0,nan,0,nan,0,nan,0,nan,0,nan,0,nan,0
1597988474631042048,1597988475194999808,2020-08-21 13:41:15.195000,1944.5,1968.0,1929.5,1956.0,nan,1949.5,121460,23679006000.0,98153,1945.0,68,1944.5,22,nan,0,nan,0,nan,0,nan,0,nan,0,nan,0,nan,0,nan,0
1597988475160068096,1597988475724999936,2020-08-21 13:41:15.725000,1944.5,1968.0,1929.5,1956.0,nan,1949.5,121463,23679589350.0,98150,1945.0,71,1944.5,21,nan,0,nan,0,nan,0,nan,0,nan,0,nan,0,nan,0,nan,0
1597988475634575104,1597988476220000000,2020-08-21 13:41:16.220000,1944.5,1968.0,1929.5,1956.0,nan,1949.5,121464,23679783800.0,98150,1945.0,72,1944.5,20,nan,0,nan,0,nan,0,nan,0,nan,0,nan,0,nan,0,nan,0
1597988476130984960,1597988476743000064,2020-08-21 13:41:16.743000,1944.5,1968.0,1929.5,1956.0,nan,1949.5,121464,23679783800.0,98150,1945.0,72,1944.5,19,nan,0,nan,0,nan,0,nan,0,nan,0,nan,0,nan,0,nan,0
1597988477181036032,1597988477734999808,2020-08-21 13:41:17.735000,1944.5,1968.0,1929.5,1956.0,nan,1949.5,121471,23681144950.0,98143,1945.0,92,1944.5,12,nan,0,nan,0,nan,0,nan,0,nan,0,nan,0,nan,0,nan,0
1597988477639709952,1597988478232000000,2020-08-21 13:41:18.232000,1944.5,1968.0,1929.5,1956.0,nan,1949.5,121474,23681728400.0,98144,1945.0,92,1944.5,11,nan,0,nan,0,nan,0,nan,0,nan,0,nan,0,nan,0,nan,0
1597988478156783104,1597988478742000128,2020-08-21 13:41:18.742000,1944.5,1968.0,1929.5,1956.0,nan,1949.5,121485,23683867350.0,98147,1944.5,5,1944.0,155,nan,0,nan,0,nan,0,nan,0,nan,0,nan,0,nan,0,nan,0
1597988478670156032,1597988479240999936,2020-08-21 13:41:19.241000,1944.5,1968.0,1929.5,1956.0,nan,1949.5,121487,23684256250.0,98149,1944.5,37,1944.0,155,nan,0,nan,0,nan,0,nan,0,nan,0,nan,0,nan,0,nan,0
1597988479156152064,1597988479746000128,2020-08-21 13:41:19.746000,1944.5,1968.0,1929.5,1956.0,nan,1949.5,121487,23684256250.0,98149,1944.5,40,1944.0,154,nan,0,nan,0,nan,0,nan,0,nan,0,nan,0,nan,0,nan,0
1597988479652176896,1597988480232000000,2020-08-21 13:41:20.232000,1944.5,1968.0,1929.5,1956.0,nan,1949.5,121488,23684450700.0,98150,1944.5,42,1944.0,154,nan,0,nan,0,nan,0,nan,0,nan,0,nan,0,nan,0,nan,0
1597988480188332032,1597988480711000064,2020-08-21 13:41:20.711000,1944.0,1968.0,1929.5,1956.0,nan,1949.5,121490,23684839500.0,98150,1944.5,43,1944.0,152,nan,0,nan,0,nan,0,nan,0,nan,0,nan,0,nan,0,nan,0
1597988480641918976,1597988481242000128,2020-08-21 13:41:21.242000,1944.0,1968.0,1929.5,1956.0,nan,1949.5,121490,23684839500.0,98150,1944.5,43,1944.0,154,nan,0,nan,0,nan,0,nan,0,nan,0,nan,0,nan,0,nan,0
1597988481188261120,1597988481730000128,2020-08-21 13:41:21.730000,1944.5,1968.0,1929.5,1956.0,nan,1949.5,121494,23685617250.0,98151,1944.5,40,1944.0,153,nan,0,nan,0,nan,0,nan,0,nan,0,nan,0,nan,0,nan,0
1597988481647012096,1597988482243000064,2020-08-21 13:41:22.243000,1944.5,1968.0,1929.5,1956.0,nan,1949.5,121495,23685811700.0,98151,1944.5,44,1944.0,153,nan,0,nan,0,nan,0,nan,0,nan,0,nan,0,nan,0,nan,0
1597988482651661056,1597988483240000000,2020-08-21 13:41:23.240000,1944.5,1968.0,1929.5,1956.0,nan,1949.5,121497,23686200550.0,98150,1944.5,43,1944.0,152,nan,0,nan,0,nan,0,nan,0,nan,0,nan,0,nan,0,nan,0
1597988483164350976,1597988483729000192,2020-08-21 13:41:23.729000,1944.0,1968.0,1929.5,1956.0,nan,1949.5,121500,23686783800.0,98148,1944.5,38,1944.0,150,nan,0,nan,0,nan,0,nan,0,nan,0,nan,0,nan,0,nan,0
1597988483628886016,1597988484224000000,2020-08-21 13:41:24.224000,1944.0,1968.0,1929.5,1956.0,nan,1949.5,121506,23687950350.0,98147,1944.5,35,1944.0,147,nan,0,nan,0,nan,0,nan,0,nan,0,nan,0,nan,0,nan,0
1597988484159068928,1597988484728000000,2020-08-21 13:41:24.728000,1944.0,1968.0,1929.5,1956.0,nan,1949.5,121506,23687950350.0,98147,1944.5,36,1944.0,147,nan,0,nan,0,nan,0,nan,0,nan,0,nan,0,nan,0,nan,0
1597988485135547904,1597988485655000064,2020-08-21 13:41:25.655000,1944.0,1968.0,1929.5,1956.0,nan,1949.5,121513,23689311400.0,98141,1944.5,31,1944.0,145,nan,0,nan,0,nan,0,nan,0,nan,0,nan,0,nan,0,nan,0
1597988485637265920,1597988486210000128,2020-08-21 13:41:26.210000,1944.5,1968.0,1929.5,1956.0,nan,1949.5,121522,23691061450.0,98144,1944.5,21,1944.0,145,nan,0,nan,0,nan,0,nan,0,nan,0,nan,0,nan,0,nan,0
1597988486151854080,1597988486723000064,2020-08-21 13:41:26.723000,1944.0,1968.0,1929.5,1956.0,nan,1949.5,121534,23693394300.0,98133,1944.5,21,1944.0,135,nan,0,nan,0,nan,0,nan,0,nan,0,nan,0,nan,0,nan,0
1597988486638757120,1597988487246000128,2020-08-21 13:41:27.246000,1944.0,1968.0,1929.5,1956.0,nan,1949.5,121540,23694560700.0,98127,1944.5,20,1944.0,129,nan,0,nan,0,nan,0,nan,0,nan,0,nan,0,nan,0,nan,0
1597988487132368896,1597988487737999872,2020-08-21 13:41:27.738000,1944.5,1968.0,1929.5,1956.0,nan,1949.5,121541,23694755150.0,98126,1944.5,20,1944.0,129,nan,0,nan,0,nan,0,nan,0,nan,0,nan,0,nan,0,nan,0
1597988487642870016,1597988488209000192,2020-08-21 13:41:28.209000,1944.0,1968.0,1929.5,1956.0,nan,1949.5,121543,23695144000.0,98125,1944.5,20,1944.0,128,nan,0,nan,0,nan,0,nan,0,nan,0,nan,0,nan,0,nan,0
1597988488136089088,1597988488746000128,2020-08-21 13:41:28.746000,1944.5,1968.0,1929.5,1956.0,nan,1949.5,121544,23695338450.0,98125,1944.5,19,1944.0,138,nan,0,nan,0,nan,0,nan,0,nan,0,nan,0,nan,0,nan,0
1597988488667653120,1597988489240999936,2020-08-21 13:41:29.241000,1944.0,1968.0,1929.5,1956.0,nan,1949.5,121553,23697088150.0,98125,1944.5,17,1944.0,132,nan,0,nan,0,nan,0,nan,0,nan,0,nan,0,nan,0,nan,0
1597988489158029056,1597988489736999936,2020-08-21 13:41:29.737000,1944.5,1968.0,1929.5,1956.0,nan,1949.5,121554,23697282600.0,98125,1944.5,16,1944.0,132,nan,0,nan,0,nan,0,nan,0,nan,0,nan,0,nan,0,nan,0
1597988489634288896,1597988490196000000,2020-08-21 13:41:30.196000,1944.0,1968.0,1929.5,1956.0,nan,1949.5,121559,23698254650.0,98121,1944.5,18,1944.0,128,nan,0,nan,0,nan,0,nan,0,nan,0,nan,0,nan,0,nan,0
1597988490150996992,1597988490744000000,2020-08-21 13:41:30.744000,1944.0,1968.0,1929.5,1956.0,nan,1949.5,121560,23698449050.0,98121,1944.5,19,1944.0,127,nan,0,nan,0,nan,0,nan,0,nan,0,nan,0,nan,0,nan,0
1597988491633601024,1597988492224000000,2020-08-21 13:41:32.224000,1944.0,1968.0,1929.5,1956.0,nan,1949.5,121562,23698837850.0,98120,1944.5,19,1944.0,125,nan,0,nan,0,nan,0,nan,0,nan,0,nan,0,nan,0,nan,0
1597988492177598976,1597988492744000000,2020-08-21 13:41:32.744000,1944.5,1968.0,1929.5,1956.0,nan,1949.5,121563,23699032300.0,98119,1944.5,18,1944.0,125,nan,0,nan,0,nan,0,nan,0,nan,0,nan,0,nan,0,nan,0
1597988492657975040,1597988493224999936,2020-08-21 13:41:33.225000,1944.0,1968.0,1929.5,1956.0,nan,1949.5,121565,23699421150.0,98119,1944.5,17,1944.0,124,nan,0,nan,0,nan,0,nan,0,nan,0,nan,0,nan,0,nan,0
1597988493152043008,1597988493742000128,2020-08-21 13:41:33.742000,1944.5,1968.0,1929.5,1956.0,nan,1949.5,121566,23699615600.0,98119,1944.5,16,1944.0,124,nan,0,nan,0,nan,0,nan,0,nan,0,nan,0,nan,0,nan,0
1597988493644871936,1597988494194000128,2020-08-21 13:41:34.194000,1944.0,1968.0,1929.5,1956.0,nan,1949.5,121571,23700587800.0,98119,1944.5,13,1944.0,123,nan,0,nan,0,nan,0,nan,0,nan,0,nan,0,nan,0,nan,0
1597988494136077056,1597988494730000128,2020-08-21 13:41:34.730000,1944.0,1968.0,1929.5,1956.0,nan,1949.5,121574,23701171100.0,98119,1944.5,11,1944.0,122,nan,0,nan,0,nan,0,nan,0,nan,0,nan,0,nan,0,nan,0
1597988494635147008,1597988495226000128,2020-08-21 13:41:35.226000,1944.0,1968.0,1929.5,1956.0,nan,1949.5,121574,23701171100.0,98119,1944.5,11,1944.0,124,nan,0,nan,0,nan,0,nan,0,nan,0,nan,0,nan,0,nan,0
1597988495176197120,1597988495743000064,2020-08-21 13:41:35.743000,1944.0,1968.0,1929.5,1956.0,nan,1949.5,121579,23702143300.0,98122,1944.5,7,1944.0,123,nan,0,nan,0,nan,0,nan,0,nan,0,nan,0,nan,0,nan,0
1597988496144755968,1597988496697999872,2020-08-21 13:41:36.698000,1944.0,1968.0,1929.5,1956.0,nan,1949.5,121582,23702726500.0,98119,1944.5,8,1944.0,120,nan,0,nan,0,nan,0,nan,0,nan,0,nan,0,nan,0,nan,0
1597988496637505024,1597988497244999936,2020-08-21 13:41:37.245000,1944.0,1968.0,1929.5,1956.0,nan,1949.5,121583,23702920900.0,98118,1944.5,10,1944.0,120,nan,0,nan,0,nan,0,nan,0,nan,0,nan,0,nan,0,nan,0
1597988498633312000,1597988499114000128,2020-08-21 13:41:39.114000,1944.0,1968.0,1929.5,1956.0,nan,1949.5,121588,23703892900.0,98118,1944.5,11,1944.0,115,nan,0,nan,0,nan,0,nan,0,nan,0,nan,0,nan,0,nan,0
1597988499146227968,1597988499736999936,2020-08-21 13:41:39.737000,1944.0,1968.0,1929.5,1956.0,nan,1949.5,121590,23704281700.0,98116,1944.5,11,1944.0,113,nan,0,nan,0,nan,0,nan,0,nan,0,nan,0,nan,0,nan,0
1597988499630104064,1597988500219000064,2020-08-21 13:41:40.219000,1944.0,1968.0,1929.5,1956.0,nan,1949.5,121590,23704281700.0,98116,1944.5,13,1944.0,113,nan,0,nan,0,nan,0,nan,0,nan,0,nan,0,nan,0,nan,0
1597988500156602880,1597988500740000000,2020-08-21 13:41:40.740000,1944.0,1968.0,1929.5,1956.0,nan,1949.5,121590,23704281700.0,98116,1944.5,17,1944.0,113,nan,0,nan,0,nan,0,nan,0,nan,0,nan,0,nan,0,nan,0
1597988501143311104,1597988501724999936,2020-08-21 13:41:41.725000,1944.0,1968.0,1929.5,1956.0,nan,1949.5,121590,23704281700.0,98116,1944.5,30,1944.0,113,nan,0,nan,0,nan,0,nan,0,nan,0,nan,0,nan,0,nan,0
1597988501632656896,1597988502220999936,2020-08-21 13:41:42.221000,1944.0,1968.0,1929.5,1956.0,nan,1949.5,121590,23704281700.0,98116,1944.5,30,1944.0,112,nan,0,nan,0,nan,0,nan,0,nan,0,nan,0,nan,0,nan,0
1597988502635435008,1597988503242000128,2020-08-21 13:41:43.242000,1944.0,1968.0,1929.5,1956.0,nan,1949.5,121590,23704281700.0,98116,1944.5,31,1944.0,112,nan,0,nan,0,nan,0,nan,0,nan,0,nan,0,nan,0,nan,0
1597988503139545088,1597988503740999936,2020-08-21 13:41:43.741000,1944.5,1968.0,1929.5,1956.0,nan,1949.5,121591,23704476150.0,98115,1944.5,31,1944.0,120,nan,0,nan,0,nan,0,nan,0,nan,0,nan,0,nan,0,nan,0
1597988503644689920,1597988504227000064,2020-08-21 13:41:44.227000,1944.0,1968.0,1929.5,1956.0,nan,1949.5,121598,23705837250.0,98110,1944.5,25,1944.0,119,nan,0,nan,0,nan,0,nan,0,nan,0,nan,0,nan,0,nan,0
1597988504156963072,1597988504743000064,2020-08-21 13:41:44.743000,1944.0,1968.0,1929.5,1956.0,nan,1949.5,121598,23705837250.0,98110,1944.5,26,1944.0,120,nan,0,nan,0,nan,0,nan,0,nan,0,nan,0,nan,0,nan,0
1597988504630445056,1597988505148999936,2020-08-21 13:41:45.149000,1944.0,1968.0,1929.5,1956.0,nan,1949.5,121598,23705837250.0,98110,1944.5,26,1944.0,121,nan,0,nan,0,nan,0,nan,0,nan,0,nan,0,nan,0,nan,0
1597988505178041088,1597988505711000064,2020-08-21 13:41:45.711000,1944.5,1968.0,1929.5,1956.0,nan,1949.5,121648,23715557500.0,98067,1944.5,25,1944.0,75,nan,0,nan,0,nan,0,nan,0,nan,0,nan,0,nan,0,nan,0
1597988505628909056,1597988506194000128,2020-08-21 13:41:46.194000,1944.5,1968.0,1929.5,1956.0,nan,1949.5,121650,23715946400.0,98065,1944.5,23,1944.0,75,nan,0,nan,0,nan,0,nan,0,nan,0,nan,0,nan,0,nan,0
1597988506139856896,1597988506668999936,2020-08-21 13:41:46.669000,1944.0,1968.0,1929.5,1956.0,nan,1949.5,121666,23719056800.0,98064,1944.5,22,1944.0,59,nan,0,nan,0,nan,0,nan,0,nan,0,nan,0,nan,0,nan,0
1597988506630957056,1597988507240999936,2020-08-21 13:41:47.241000,1944.0,1968.0,1929.5,1956.0,nan,1949.5,121724,23730332000.0,98064,1944.0,6,1943.5,20,nan,0,nan,0,nan,0,nan,0,nan,0,nan,0,nan,0,nan,0
1597988507152591872,1597988507746000128,2020-08-21 13:41:47.746000,1944.0,1968.0,1929.5,1956.0,nan,1949.5,121733,23732081600.0,98061,1944.5,25,1944.0,21,nan,0,nan,0,nan,0,nan,0,nan,0,nan,0,nan,0,nan,0
1597988507628345088,1597988508209000192,2020-08-21 13:41:48.209000,1944.5,1968.0,1929.5,1956.0,nan,1949.5,121734,23732276050.0,98061,1944.5,23,1944.0,22,nan,0,nan,0,nan,0,nan,0,nan,0,nan,0,nan,0,nan,0
1597988508148017920,1597988508744999936,2020-08-21 13:41:48.745000,1944.5,1968.0,1929.5,1956.0,nan,1949.5,121734,23732276050.0,98061,1944.5,21,1944.0,22,nan,0,nan,0,nan,0,nan,0,nan,0,nan,0,nan,0,nan,0
1597988508637628928,1597988509236000000,2020-08-21 13:41:49.236000,1944.5,1968.0,1929.5,1956.0,nan,1949.5,121734,23732276050.0,98061,1944.5,23,1944.0,22,nan,0,nan,0,nan,0,nan,0,nan,0,nan,0,nan,0,nan,0
1597988509131597056,1597988509698999808,2020-08-21 13:41:49.699000,1944.5,1968.0,1929.5,1956.0,nan,1949.5,121735,23732470500.0,98062,1944.5,24,1944.0,22,nan,0,nan,0,nan,0,nan,0,nan,0,nan,0,nan,0,nan,0
1597988509638074880,1597988510201999872,2020-08-21 13:41:50.202000,1944.5,1968.0,1929.5,1956.0,nan,1949.5,121735,23732470500.0,98062,1944.5,25,1944.0,22,nan,0,nan,0,nan,0,nan,0,nan,0,nan,0,nan,0,nan,0
1597988510639408896,1597988511242000128,2020-08-21 13:41:51.242000,1944.0,1968.0,1929.5,1956.0,nan,1949.5,121736,23732664900.0,98062,1944.5,25,1944.0,22,nan,0,nan,0,nan,0,nan,0,nan,0,nan,0,nan,0,nan,0
1597988511149936896,1597988511724000000,2020-08-21 13:41:51.724000,1944.0,1968.0,1929.5,1956.0,nan,1949.5,121736,23732664900.0,98062,1944.5,25,1944.0,25,nan,0,nan,0,nan,0,nan,0,nan,0,nan,0,nan,0,nan,0
1597988512635670016,1597988513210000128,2020-08-21 13:41:53.210000,1944.0,1968.0,1929.5,1956.0,nan,1949.5,121737,23732859300.0,98061,1944.5,27,1944.0,24,nan,0,nan,0,nan,0,nan,0,nan,0,nan,0,nan,0,nan,0
1597988513143380992,1597988513727000064,2020-08-21 13:41:53.727000,1944.0,1968.0,1929.5,1956.0,nan,1949.5,121737,23732859300.0,98061,1944.5,33,1944.0,25,nan,0,nan,0,nan,0,nan,0,nan,0,nan,0,nan,0,nan,0
1597988514629943040,1597988515226000128,2020-08-21 13:41:55.226000,1944.0,1968.0,1929.5,1956.0,nan,1949.5,121740,23733442500.0,98060,1944.5,34,1944.0,22,nan,0,nan,0,nan,0,nan,0,nan,0,nan,0,nan,0,nan,0
1597988515637500928,1597988516210000128,2020-08-21 13:41:56.210000,1944.0,1968.0,1929.5,1956.0,nan,1949.5,121740,23733442500.0,98060,1944.5,33,1944.0,22,nan,0,nan,0,nan,0,nan,0,nan,0,nan,0,nan,0,nan,0
1597988516146712064,1597988516728000000,2020-08-21 13:41:56.728000,1944.5,1968.0,1929.5,1956.0,nan,1949.5,121749,23735192500.0,98054,1944.5,27,1944.0,21,nan,0,nan,0,nan,0,nan,0,nan,0,nan,0,nan,0,nan,0
1597988516631154944,1597988517155000064,2020-08-21 13:41:57.155000,1944.5,1968.0,1929.5,1956.0,nan,1949.5,121749,23735192500.0,98054,1944.5,27,1944.0,23,nan,0,nan,0,nan,0,nan,0,nan,0,nan,0,nan,0,nan,0
1597988517637840896,1597988518242000128,2020-08-21 13:41:58.242000,1944.5,1968.0,1929.5,1956.0,nan,1949.5,121749,23735192500.0,98054,1944.5,28,1944.0,23,nan,0,nan,0,nan,0,nan,0,nan,0,nan,0,nan,0,nan,0
1597988518171371008,1597988518726000128,2020-08-21 13:41:58.726000,1944.0,1968.0,1929.5,1956.0,nan,1949.5,121750,23735386900.0,98053,1944.5,28,1944.0,26,nan,0,nan,0,nan,0,nan,0,nan,0,nan,0,nan,0,nan,0
1597988518729761024,1597988519193000192,2020-08-21 13:41:59.193000,1944.0,1968.0,1929.5,1956.0,nan,1949.5,121750,23735386900.0,98053,1944.5,26,1944.0,27,nan,0,nan,0,nan,0,nan,0,nan,0,nan,0,nan,0,nan,0
1597988519155880960,1597988519712999936,2020-08-21 13:41:59.713000,1944.5,1968.0,1929.5,1956.0,nan,1949.5,121752,23735775800.0,98051,1944.5,24,1944.0,26,nan,0,nan,0,nan,0,nan,0,nan,0,nan,0,nan,0,nan,0
