local_nano_time,quote_nano_time,datetime,last_price,highest,lowest,open,close,average,volume,amount,open_interest,ask_price1,ask_volume1,bid_price1,bid_volume1,ask_price2,ask_volume2,bid_price2,bid_volume2,ask_price3,ask_volume3,bid_price3,bid_volume3,ask_price4,ask_volume4,bid_price4,bid_volume4,ask_price5,ask_volume5,bid_price5,bid_volume5
1597988227349059072,1597988227936000000,2020-08-21 13:37:07.936000,3461.0,3470.0,3458.0,3460.0,nan,3464.0,10927,378563390.0,15949,3461.0,21,3460.0,43,nan,0,nan,0,nan,0,nan,0,nan,0,nan,0,nan,0,nan,0
1597988227836071936,1597988228427000064,2020-08-21 13:37:08.427000,3460.0,3470.0,3458.0,3460.0,nan,3464.0,10941,379047840.0,15947,3461.0,15,3460.0,31,nan,0,nan,0,nan,0,nan,0,nan,0,nan,0,nan,0,nan,0
1597988228342743040,1597988228901999872,2020-08-21 13:37:08.902000,3461.0,3470.0,3458.0,3460.0,nan,3464.0,10968,379982310.0,15928,3462.0,13,3461.0,3,nan,0,nan,0,nan,0,nan,0,nan,0,nan,0,nan,0,nan,0
1597988228839398912,1597988229431000064,2020-08-21 13:37:09.431000,3461.0,3470.0,3458.0,3460.0,nan,3464.0,10968,379982310.0,15928,3462.0,23,3461.0,3,nan,0,nan,0,nan,0,nan,0,nan,0,nan,0,nan,0,nan,0
1597988229341125120,1597988229932000000,2020-08-21 13:37:09.932000,3461.0,3470.0,3458.0,3460.0,nan,3464.0,10968,379982310.0,15928,3462.0,33,3461.0,3,nan,0,nan,0,nan,0,nan,0,nan,0,nan,0,nan,0,nan,0
1597988229851035904,1597988230432000000,2020-08-21 13:37:10.432000,3461.0,3470.0,3458.0,3460.0,nan,3464.0,10969,380016920.0,15928,3462.0,33,3461.0,2,nan,0,nan,0,nan,0,nan,0,nan,0,nan,0,nan,0,nan,0
1597988230349373952,1597988230935000064,2020-08-21 13:37:10.935000,3461.0,3470.0,3458.0,3460.0,nan,3464.0,10969,380016920.0,15928,3462.0,38,3461.0,2,nan,0,nan,0,nan,0,nan,0,nan,0,nan,0,nan,0,nan,0
1597988231343613952,1597988231910000128,2020-08-21 13:37:11.910000,3461.0,3470.0,3458.0,3460.0,nan,3464.0,10969,380016920.0,15928,3462.0,43,3461.0,2,nan,0,nan,0,nan,0,nan,0,nan,0,nan,0,nan,0,nan,0
1597988232341775104,1597988232932000000,2020-08-21 13:37:12.932000,3461.0,3470.0,3458.0,3460.0,nan,3464.0,10969,380016920.0,15928,3462.0,63,3461.0,17,nan,0,nan,0,nan,0,nan,0,nan,0,nan,0,nan,0,nan,0
1597988232845453056,1597988233396000000,2020-08-21 13:37:13.396000,3462.0,3470.0,3458.0,3460.0,nan,3464.0,10970,380051540.0,15929,3462.0,67,3461.0,22,nan,0,nan,0,nan,0,nan,0,nan,0,nan,0,nan,0,nan,0
1597988233348288000,1597988233912000000,2020-08-21 13:37:13.912000,3461.0,3470.0,3458.0,3460.0,nan,3464.0,11009,381401330.0,15942,3461.0,5,3460.0,56,nan,0,nan,0,nan,0,nan,0,nan,0,nan,0,nan,0,nan,0
1597988233843165952,1597988234420999936,2020-08-21 13:37:14.421000,3461.0,3470.0,3458.0,3460.0,nan,3464.0,11014,381574380.0,15937,3462.0,42,3460.0,57,nan,0,nan,0,nan,0,nan,0,nan,0,nan,0,nan,0,nan,0
1597988234343059968,1597988234937999872,2020-08-21 13:37:14.938000,3461.0,3470.0,3458.0,3460.0,nan,3464.0,11014,381574380.0,15937,3462.0,42,3460.0,62,nan,0,nan,0,nan,0,nan,0,nan,0,nan,0,nan,0,nan,0
1597988234844017920,1597988235413000192,2020-08-21 13:37:15.413000,3461.0,3470.0,3458.0,3460.0,nan,3464.0,11014,381574380.0,15937,3462.0,47,3460.0,67,nan,0,nan,0,nan,0,nan,0,nan,0,nan,0,nan,0,nan,0
1597988235354123008,1597988235905999872,2020-08-21 13:37:15.906000,3461.0,3470.0,3458.0,3460.0,nan,3464.0,11014,381574380.0,15937,3462.0,52,3460.0,72,nan,0,nan,0,nan,0,nan,0,nan,0,nan,0,nan,0,nan,0
1597988235941275904,1597988236432000000,2020-08-21 13:37:16.432000,3461.0,3470.0,3458.0,3460.0,nan,3464.0,11014,381574380.0,15937,3462.0,48,3460.0,72,nan,0,nan,0,nan,0,nan,0,nan,0,nan,0,nan,0,nan,0
1597988236836668928,1597988237435000064,2020-08-21 13:37:17.435000,3461.0,3470.0,3458.0,3460.0,nan,3464.0,11014,381574380.0,15937,3462.0,58,3460.0,77,nan,0,nan,0,nan,0,nan,0,nan,0,nan,0,nan,0,nan,0
1597988237333293056,1597988237934000128,2020-08-21 13:37:17.934000,3461.0,3470.0,3458.0,3460.0,nan,3464.0,11014,381574380.0,15937,3462.0,58,3460.0,82,nan,0,nan,0,nan,0,nan,0,nan,0,nan,0,nan,0,nan,0
1597988237835098112,1597988238430000128,2020-08-21 13:37:18.430000,3461.0,3470.0,3458.0,3460.0,nan,3464.0,11015,381608990.0,15936,3462.0,58,3460.0,81,nan,0,nan,0,nan,0,nan,0,nan,0,nan,0,nan,0,nan,0
1597988238345876992,1597988238932000000,2020-08-21 13:37:18.932000,3461.0,3470.0,3458.0,3460.0,nan,3464.0,11015,381608990.0,15936,3462.0,78,3460.0,96,nan,0,nan,0,nan,0,nan,0,nan,0,nan,0,nan,0,nan,0
1597988239349168896,1597988239932000000,2020-08-21 13:37:19.932000,3461.0,3470.0,3458.0,3460.0,nan,3464.0,11015,381608990.0,15936,3462.0,68,3460.0,96,nan,0,nan,0,nan,0,nan,0,nan,0,nan,0,nan,0,nan,0
1597988239844860928,1597988240416999936,2020-08-21 13:37:20.417000,3461.0,3470.0,3458.0,3460.0,nan,3464.0,11015,381608990.0,15936,3462.0,73,3460.0,96,nan,0,nan,0,nan,0,nan,0,nan,0,nan,0,nan,0,nan,0
1597988250343310080,1597988250933000192,2020-08-21 13:37:30.933000,3461.0,3470.0,3458.0,3460.0,nan,3464.0,11015,381608990.0,15936,3462.0,73,3460.0,97,nan,0,nan,0,nan,0,nan,0,nan,0,nan,0,nan,0,nan,0
1597988257349583104,1597988257933000192,2020-08-21 13:37:37.933000,3460.0,3470.0,3458.0,3460.0,nan,3464.0,11019,381747390.0,15932,3462.0,73,3460.0,98,nan,0,nan,0,nan,0,nan,0,nan,0,nan,0,nan,0,nan,0
1597988266843222016,1597988267416999936,2020-08-21 13:37:47.417000,3460.0,3470.0,3458.0,3460.0,nan,3464.0,11019,381747390.0,15932,3462.0,154,3460.0,98,nan,0,nan,0,nan,0,nan,0,nan,0,nan,0,nan,0,nan,0
1597988276895485952,1597988277428999936,2020-08-21 13:37:57.429000,3462.0,3470.0,3458.0,3460.0,nan,3464.0,11021,381816630.0,15932,3462.0,152,3460.0,98,nan,0,nan,0,nan,0,nan,0,nan,0,nan,0,nan,0,nan,0
1597988277342659072,1597988277920000000,2020-08-21 13:37:57.920000,3461.0,3470.0,3458.0,3460.0,nan,3464.0,11022,381851240.0,15932,3462.0,153,3460.0,98,nan,0,nan,0,nan,0,nan,0,nan,0,nan,0,nan,0,nan,0
1597988279844493056,1597988280436000000,2020-08-21 13:38:00.436000,3461.0,3470.0,3458.0,3460.0,nan,3464.0,11022,381851240.0,15932,3462.0,153,3460.0,99,nan,0,nan,0,nan,0,nan,0,nan,0,nan,0,nan,0,nan,0
1597988291354800128,1597988291936000000,2020-08-21 13:38:11.936000,3461.0,3470.0,3458.0,3460.0,nan,3464.0,11022,381851240.0,15932,3462.0,152,3461.0,10,nan,0,nan,0,nan,0,nan,0,nan,0,nan,0,nan,0,nan,0
1597988291886511104,1597988292436999936,2020-08-21 13:38:12.437000,3461.0,3470.0,3458.0,3460.0,nan,3464.0,11022,381851240.0,15932,3462.0,147,3461.0,25,nan,0,nan,0,nan,0,nan,0,nan,0,nan,0,nan,0,nan,0
1597988292351616000,1597988292936000000,2020-08-21 13:38:12.936000,3461.0,3470.0,3458.0,3460.0,nan,3464.0,11022,381851240.0,15932,3462.0,147,3461.0,55,nan,0,nan,0,nan,0,nan,0,nan,0,nan,0,nan,0,nan,0
1597988292853603072,1597988293428000000,2020-08-21 13:38:13.428000,3461.0,3470.0,3458.0,3460.0,nan,3464.0,11022,381851240.0,15932,3462.0,147,3461.0,60,nan,0,nan,0,nan,0,nan,0,nan,0,nan,0,nan,0,nan,0
1597988312837912064,1597988313424000000,2020-08-21 13:38:33.424000,3461.0,3470.0,3458.0,3460.0,nan,3464.0,11023,381885850.0,15931,3462.0,147,3461.0,59,nan,0,nan,0,nan,0,nan,0,nan,0,nan,0,nan,0,nan,0
1597988314335507968,1597988314897000192,2020-08-21 13:38:34.897000,3461.0,3470.0,3458.0,3460.0,nan,3464.0,11023,381885850.0,15931,3462.0,147,3461.0,60,nan,0,nan,0,nan,0,nan,0,nan,0,nan,0,nan,0,nan,0
1597988343870313984,1597988344371000064,2020-08-21 13:39:04.371000,3461.0,3470.0,3458.0,3460.0,nan,3464.0,11023,381885850.0,15931,3462.0,147,3461.0,65,nan,0,nan,0,nan,0,nan,0,nan,0,nan,0,nan,0,nan,0
1597988356832750080,1597988357430000128,2020-08-21 13:39:17.430000,3461.0,3470.0,3458.0,3460.0,nan,3464.0,11024,381920460.0,15930,3462.0,147,3461.0,64,nan,0,nan,0,nan,0,nan,0,nan,0,nan,0,nan,0,nan,0
1597988359366445056,1597988359923000064,2020-08-21 13:39:19.923000,3461.0,3470.0,3458.0,3460.0,nan,3464.0,11024,381920460.0,15930,3462.0,147,3461.0,65,nan,0,nan,0,nan,0,nan,0,nan,0,nan,0,nan,0,nan,0
1597988359835368960,1597988360408999936,2020-08-21 13:39:20.409000,3461.0,3470.0,3458.0,3460.0,nan,3464.0,11024,381920460.0,15930,3462.0,151,3461.0,65,nan,0,nan,0,nan,0,nan,0,nan,0,nan,0,nan,0,nan,0
1597988393831597056,1597988394424999936,2020-08-21 13:39:54.425000,3461.0,3470.0,3458.0,3460.0,nan,3464.0,11025,381955070.0,15929,3462.0,151,3461.0,64,nan,0,nan,0,nan,0,nan,0,nan,0,nan,0,nan,0,nan,0
1597988409831577088,1597988410403000064,2020-08-21 13:40:10.403000,3461.0,3470.0,3458.0,3460.0,nan,3464.0,11025,381955070.0,15929,3462.0,151,3461.0,65,nan,0,nan,0,nan,0,nan,0,nan,0,nan,0,nan,0,nan,0
1597988411830917120,1597988412411000064,2020-08-21 13:40:12.411000,3461.0,3470.0,3458.0,3460.0,nan,3464.0,11025,381955070.0,15929,3462.0,151,3461.0,66,nan,0,nan,0,nan,0,nan,0,nan,0,nan,0,nan,0,nan,0
1597988412334113024,1597988412930000128,2020-08-21 13:40:12.930000,3461.0,3470.0,3458.0,3460.0,nan,3464.0,11025,381955070.0,15929,3462.0,146,3461.0,71,nan,0,nan,0,nan,0,nan,0,nan,0,nan,0,nan,0,nan,0
1597988414332086016,1597988414881999872,2020-08-21 13:40:14.882000,3461.0,3470.0,3458.0,3460.0,nan,3464.0,11025,381955070.0,15929,3462.0,146,3461.0,72,nan,0,nan,0,nan,0,nan,0,nan,0,nan,0,nan,0,nan,0
1597988416830916096,1597988417420999936,2020-08-21 13:40:17.421000,3461.0,3470.0,3458.0,3460.0,nan,3464.0,11025,381955070.0,15929,3462.0,146,3461.0,73,nan,0,nan,0,nan,0,nan,0,nan,0,nan,0,nan,0,nan,0
1597988438331201024,1597988438908000000,2020-08-21 13:40:38.908000,3461.0,3470.0,3458.0,3460.0,nan,3464.0,11028,382058900.0,15926,3462.0,146,3461.0,70,nan,0,nan,0,nan,0,nan,0,nan,0,nan,0,nan,0,nan,0
1597988450333102080,1597988450928000000,2020-08-21 13:40:50.928000,3461.0,3470.0,3458.0,3460.0,nan,3464.0,11028,382058900.0,15926,3462.0,146,3461.0,71,nan,0,nan,0,nan,0,nan,0,nan,0,nan,0,nan,0,nan,0
1597988477842702080,1597988478432000000,2020-08-21 13:41:18.432000,3461.0,3470.0,3458.0,3460.0,nan,3464.0,11029,382093510.0,15925,3462.0,146,3461.0,70,nan,0,nan,0,nan,0,nan,0,nan,0,nan,0,nan,0,nan,0
1597988480836478976,1597988481438999808,2020-08-21 13:41:21.439000,3461.0,3470.0,3458.0,3460.0,nan,3464.0,11032,382197340.0,15922,3462.0,146,3461.0,67,nan,0,nan,0,nan,0,nan,0,nan,0,nan,0,nan,0,nan,0
1597988486330542080,1597988486928000000,2020-08-21 13:41:26.928000,3461.0,3470.0,3458.0,3460.0,nan,3464.0,11032,382197340.0,15922,3462.0,151,3461.0,62,nan,0,nan,0,nan,0,nan,0,nan,0,nan,0,nan,0,nan,0
1597988499335277056,1597988499934000128,2020-08-21 13:41:39.934000,3461.0,3470.0,3458.0,3460.0,nan,3464.0,11032,382197340.0,15922,3462.0,151,3461.0,66,nan,0,nan,0,nan,0,nan,0,nan,0,nan,0,nan,0,nan,0
1597988509334830080,1597988509934000128,2020-08-21 13:41:49.934000,3461.0,3470.0,3458.0,3460.0,nan,3464.0,11032,382197340.0,15922,3462.0,146,3461.0,71,nan,0,nan,0,nan,0,nan,0,nan,0,nan,0,nan,0,nan,0
1597988509835808000,1597988510437999872,2020-08-21 13:41:50.438000,3461.0,3470.0,3458.0,3460.0,nan,3464.0,11082,383927840.0,15952,3462.0,126,3461.0,26,nan,0,nan,0,nan,0,nan,0,nan,0,nan,0,nan,0,nan,0
1597988510330864896,1597988510936999936,2020-08-21 13:41:50.937000,3460.0,3470.0,3458.0,3460.0,nan,3464.0,11113,385000700.0,15961,3461.0,29,3460.0,41,nan,0,nan,0,nan,0,nan,0,nan,0,nan,0,nan,0,nan,0
1597988510836818944,1597988511416999936,2020-08-21 13:41:51.417000,3460.0,3470.0,3458.0,3460.0,nan,3464.0,11113,385000700.0,15961,3461.0,34,3460.0,46,nan,0,nan,0,nan,0,nan,0,nan,0,nan,0,nan,0,nan,0
1597988511839598080,1597988512430000128,2020-08-21 13:41:52.430000,3460.0,3470.0,3458.0,3460.0,nan,3464.0,11113,385000700.0,15961,3461.0,49,3460.0,46,nan,0,nan,0,nan,0,nan,0,nan,0,nan,0,nan,0,nan,0
1597988512333775872,1597988512914000128,2020-08-21 13:41:52.914000,3460.0,3470.0,3458.0,3460.0,nan,3464.0,11113,385000700.0,15961,3461.0,69,3460.0,45,nan,0,nan,0,nan,0,nan,0,nan,0,nan,0,nan,0,nan,0
1597988512834605056,1597988513436999936,2020-08-21 13:41:53.437000,3460.0,3470.0,3458.0,3460.0,nan,3464.0,11113,385000700.0,15961,3461.0,69,3460.0,50,nan,0,nan,0,nan,0,nan,0,nan,0,nan,0,nan,0,nan,0
1597988513331574016,1597988513936000000,2020-08-21 13:41:53.936000,3460.0,3470.0,3458.0,3460.0,nan,3464.0,11113,385000700.0,15961,3461.0,74,3460.0,55,nan,0,nan,0,nan,0,nan,0,nan,0,nan,0,nan,0,nan,0
1597988514838042112,1597988515438999808,2020-08-21 13:41:55.439000,3461.0,3470.0,3458.0,3460.0,nan,3464.0,11236,389257830.0,15917,3461.0,7,3460.0,55,nan,0,nan,0,nan,0,nan,0,nan,0,nan,0,nan,0,nan,0
1597988515330427904,1597988515927000064,2020-08-21 13:41:55.927000,3461.0,3470.0,3458.0,3460.0,nan,3464.0,11246,389603930.0,15917,3462.0,82,3461.0,5,nan,0,nan,0,nan,0,nan,0,nan,0,nan,0,nan,0,nan,0
1597988515834695936,1597988516435000064,2020-08-21 13:41:56.435000,3461.0,3470.0,3458.0,3460.0,nan,3464.0,11246,389603930.0,15917,3462.0,102,3461.0,5,nan,0,nan,0,nan,0,nan,0,nan,0,nan,0,nan,0,nan,0
1597988518347506944,1597988518930000128,2020-08-21 13:41:58.930000,3461.0,3470.0,3458.0,3460.0,nan,3464.0,11246,389603930.0,15917,3462.0,107,3461.0,5,nan,0,nan,0,nan,0,nan,0,nan,0,nan,0,nan,0,nan,0
1597988518849265920,1597988519436000000,2020-08-21 13:41:59.436000,3461.0,3470.0,3458.0,3460.0,nan,3464.0,11246,389603930.0,15917,3462.0,117,3461.0,5,nan,0,nan,0,nan,0,nan,0,nan,0,nan,0,nan,0,nan,0
1597988519338693888,1597988519936999936,2020-08-21 13:41:59.937000,3461.0,3470.0,3458.0,3460.0,nan,3464.0,11246,389603930.0,15917,3462.0,117,3461.0,10,nan,0,nan,0,nan,0,nan,0,nan,0,nan,0,nan,0,nan,0
1597988520341504000,1597988520937999872,2020-08-21 13:42:00.938000,3461.0,3470.0,3458.0,3460.0,nan,3464.0,11246,389603930.0,15917,3462.0,132,3461.0,25,nan,0,nan,0,nan,0,nan,0,nan,0,nan,0,nan,0,nan,0
1597988520843727104,1597988521368000000,2020-08-21 13:42:01.368000,3461.0,3470.0,3458.0,3460.0,nan,3464.0,11246,389603930.0,15917,3462.0,132,3461.0,55,nan,0,nan,0,nan,0,nan,0,nan,0,nan,0,nan,0,nan,0
1597988521345518080,1597988521926000128,2020-08-21 13:42:01.926000,3461.0,3470.0,3458.0,3460.0,nan,3464.0,11246,389603930.0,15917,3462.0,132,3461.0,60,nan,0,nan,0,nan,0,nan,0,nan,0,nan,0,nan,0,nan,0
1597988526846786048,1597988527437999872,2020-08-21 13:42:07.438000,3461.0,3470.0,3458.0,3460.0,nan,3464.0,11246,389603930.0,15917,3462.0,137,3461.0,60,nan,0,nan,0,nan,0,nan,0,nan,0,nan,0,nan,0,nan,0
1597988530837507072,1597988531428999936,2020-08-21 13:42:11.429000,3461.0,3470.0,3458.0,3460.0,nan,3464.0,11246,389603930.0,15917,3462.0,138,3461.0,60,nan,0,nan,0,nan,0,nan,0,nan,0,nan,0,nan,0,nan,0
1597988533336913920,1597988533936999936,2020-08-21 13:42:13.937000,3461.0,3470.0,3458.0,3460.0,nan,3464.0,11246,389603930.0,15917,3462.0,138,3461.0,64,nan,0,nan,0,nan,0,nan,0,nan,0,nan,0,nan,0,nan,0
1597988555847749888,1597988556431000064,2020-08-21 13:42:36.431000,3461.0,3470.0,3458.0,3460.0,nan,3464.0,11246,389603930.0,15917,3462.0,143,3461.0,69,nan,0,nan,0,nan,0,nan,0,nan,0,nan,0,nan,0,nan,0
1597988603345580032,1597988603930000128,2020-08-21 13:43:23.930000,3461.0,3470.0,3458.0,3460.0,nan,3464.0,11246,389603930.0,15917,3462.0,143,3461.0,70,nan,0,nan,0,nan,0,nan,0,nan,0,nan,0,nan,0,nan,0
1597988620003184128,1597988620437999872,2020-08-21 13:43:40.438000,3461.0,3470.0,3458.0,3460.0,nan,3464.0,11246,389603930.0,15917,3462.0,143,3461.0,65,nan,0,nan,0,nan,0,nan,0,nan,0,nan,0,nan,0,nan,0
1597988621845513984,1597988622424999936,2020-08-21 13:43:42.425000,3461.0,3470.0,3458.0,3460.0,nan,3464.0,11246,389603930.0,15917,3462.0,143,3461.0,70,nan,0,nan,0,nan,0,nan,0,nan,0,nan,0,nan,0,nan,0
1597988622352424960,1597988622933000192,2020-08-21 13:43:42.933000,3461.0,3470.0,3458.0,3460.0,nan,3464.0,11246,389603930.0,15917,3462.0,138,3461.0,80,nan,0,nan,0,nan,0,nan,0,nan,0,nan,0,nan,0,nan,0
1597988636830320896,1597988637382999808,2020-08-21 13:43:57.383000,3461.0,3470.0,3458.0,3460.0,nan,3464.0,11246,389603930.0,15917,3462.0,138,3461.0,81,nan,0,nan,0,nan,0,nan,0,nan,0,nan,0,nan,0,nan,0
1597988639340154112,1597988639911000064,2020-08-21 13:43:59.911000,3461.0,3470.0,3458.0,3460.0,nan,3464.0,11246,389603930.0,15917,3462.0,138,3461.0,82,nan,0,nan,0,nan,0,nan,0,nan,0,nan,0,nan,0,nan,0
1597988652829046016,1597988653424000000,2020-08-21 13:44:13.424000,3461.0,3470.0,3458.0,3460.0,nan,3464.0,11247,389638540.0,15916,3462.0,138,3461.0,81,nan,0,nan,0,nan,0,nan,0,nan,0,nan,0,nan,0,nan,0
1597988681330545920,1597988681938999808,2020-08-21 13:44:41.939000,3461.0,3470.0,3458.0,3460.0,nan,3464.0,11248,389673150.0,15916,3462.0,138,3461.0,80,nan,0,nan,0,nan,0,nan,0,nan,0,nan,0,nan,0,nan,0
1597988715830349056,1597988716424999936,2020-08-21 13:45:16.425000,3461.0,3470.0,3458.0,3460.0,nan,3464.0,11248,389673150.0,15916,3462.0,143,3461.0,70,nan,0,nan,0,nan,0,nan,0,nan,0,nan,0,nan,0,nan,0
1597988739343744000,1597988739928000000,2020-08-21 13:45:39.928000,3461.0,3470.0,3458.0,3460.0,nan,3464.0,11248,389673150.0,15916,3462.0,146,3461.0,70,nan,0,nan,0,nan,0,nan,0,nan,0,nan,0,nan,0,nan,0
1597988742341338112,1597988742935000064,2020-08-21 13:45:42.935000,3461.0,3470.0,3458.0,3460.0,nan,3464.0,11249,389707760.0,15915,3462.0,146,3461.0,69,nan,0,nan,0,nan,0,nan,0,nan,0,nan,0,nan,0,nan,0
1597988742831488000,1597988743435000064,2020-08-21 13:45:43.435000,3461.0,3470.0,3458.0,3460.0,nan,3464.0,11249,389707760.0,15915,3462.0,148,3461.0,69,nan,0,nan,0,nan,0,nan,0,nan,0,nan,0,nan,0,nan,0
1597988794338099968,1597988794938999808,2020-08-21 13:46:34.939000,3461.0,3470.0,3458.0,3460.0,nan,3464.0,11251,389776980.0,15913,3462.0,148,3461.0,67,nan,0,nan,0,nan,0,nan,0,nan,0,nan,0,nan,0,nan,0
1597988863345221120,1597988863935000064,2020-08-21 13:47:43.935000,3461.0,3470.0,3458.0,3460.0,nan,3464.0,11251,389776980.0,15913,3462.0,143,3461.0,77,nan,0,nan,0,nan,0,nan,0,nan,0,nan,0,nan,0,nan,0
1597988884927584000,1597988885432000000,2020-08-21 13:48:05.432000,3461.0,3470.0,3458.0,3460.0,nan,3464.0,11251,389776980.0,15913,3462.0,148,3461.0,77,nan,0,nan,0,nan,0,nan,0,nan,0,nan,0,nan,0,nan,0
1597988885341971968,1597988885921999872,2020-08-21 13:48:05.922000,3461.0,3470.0,3458.0,3460.0,nan,3464.0,11251,389776980.0,15913,3462.0,148,3461.0,72,nan,0,nan,0,nan,0,nan,0,nan,0,nan,0,nan,0,nan,0
1597988898846451968,1597988899426000128,2020-08-21 13:48:19.426000,3461.0,3470.0,3458.0,3460.0,nan,3464.0,11251,389776980.0,15913,3462.0,143,3461.0,72,nan,0,nan,0,nan,0,nan,0,nan,0,nan,0,nan,0,nan,0
1597988899363271936,1597988899923000064,2020-08-21 13:48:19.923000,3461.0,3470.0,3458.0,3460.0,nan,3464.0,11251,389776980.0,15913,3462.0,148,3461.0,72,nan,0,nan,0,nan,0,nan,0,nan,0,nan,0,nan,0,nan,0
1597988899839290112,1597988900437999872,2020-08-21 13:48:20.438000,3461.0,3470.0,3458.0,3460.0,nan,3464.0,11251,389776980.0,15913,3462.0,153,3461.0,72,nan,0,nan,0,nan,0,nan,0,nan,0,nan,0,nan,0,nan,0
1597988911337772032,1597988911930000128,2020-08-21 13:48:31.930000,3461.0,3470.0,3458.0,3460.0,nan,3464.0,11301,391507480.0,15933,3461.0,4,3460.0,49,nan,0,nan,0,nan,0,nan,0,nan,0,nan,0,nan,0,nan,0
1597988911841594880,1597988912438999808,2020-08-21 13:48:32.439000,3460.0,3470.0,3458.0,3460.0,nan,3464.0,11302,391542080.0,15933,3461.0,14,3460.0,53,nan,0,nan,0,nan,0,nan,0,nan,0,nan,0,nan,0,nan,0
1597988912364385024,1597988912933000192,2020-08-21 13:48:32.933000,3460.0,3470.0,3458.0,3460.0,nan,3464.0,11302,391542080.0,15933,3461.0,24,3460.0,63,nan,0,nan,0,nan,0,nan,0,nan,0,nan,0,nan,0,nan,0
1597988913477065984,1597988913908999936,2020-08-21 13:48:33.909000,3460.0,3470.0,3458.0,3460.0,nan,3464.0,11302,391542080.0,15933,3461.0,29,3460.0,68,nan,0,nan,0,nan,0,nan,0,nan,0,nan,0,nan,0,nan,0
1597988913840535040,1597988914437999872,2020-08-21 13:48:34.438000,3460.0,3470.0,3458.0,3460.0,nan,3464.0,11302,391542080.0,15933,3461.0,34,3460.0,73,nan,0,nan,0,nan,0,nan,0,nan,0,nan,0,nan,0,nan,0
1597988914334512128,1597988914936000000,2020-08-21 13:48:34.936000,3460.0,3470.0,3458.0,3460.0,nan,3464.0,11302,391542080.0,15933,3461.0,39,3460.0,78,nan,0,nan,0,nan,0,nan,0,nan,0,nan,0,nan,0,nan,0
1597988914839696896,1597988915433000192,2020-08-21 13:48:35.433000,3460.0,3470.0,3458.0,3460.0,nan,3464.0,11302,391542080.0,15933,3461.0,49,3460.0,78,nan,0,nan,0,nan,0,nan,0,nan,0,nan,0,nan,0,nan,0
1597988915340816896,1597988915935000064,2020-08-21 13:48:35.935000,3460.0,3470.0,3458.0,3460.0,nan,3464.0,11302,391542080.0,15933,3461.0,49,3460.0,83,nan,0,nan,0,nan,0,nan,0,nan,0,nan,0,nan,0,nan,0
1597988916332464128,1597988916938999808,2020-08-21 13:48:36.939000,3460.0,3470.0,3458.0,3460.0,nan,3464.0,11302,391542080.0,15933,3461.0,64,3460.0,98,nan,0,nan,0,nan,0,nan,0,nan,0,nan,0,nan,0,nan,0
1597988916839761920,1597988917438999808,2020-08-21 13:48:37.439000,3460.0,3470.0,3458.0,3460.0,nan,3464.0,11302,391542080.0,15933,3461.0,64,3460.0,103,nan,0,nan,0,nan,0,nan,0,nan,0,nan,0,nan,0,nan,0
1597988921338782976,1597988921928000000,2020-08-21 13:48:41.928000,3460.0,3470.0,3458.0,3460.0,nan,3464.0,11303,391576680.0,15932,3461.0,64,3460.0,102,nan,0,nan,0,nan,0,nan,0,nan,0,nan,0,nan,0,nan,0
1597988925337733120,1597988925933000192,2020-08-21 13:48:45.933000,3461.0,3470.0,3458.0,3460.0,nan,3464.0,11304,391611290.0,15933,3461.0,63,3460.0,102,nan,0,nan,0,nan,0,nan,0,nan,0,nan,0,nan,0,nan,0
1597988933947609088,1597988934428999936,2020-08-21 13:48:54.429000,3462.0,3470.0,3458.0,3460.0,nan,3464.0,11377,394137870.0,15981,3462.0,98,3461.0,35,nan,0,nan,0,nan,0,nan,0,nan,0,nan,0,nan,0,nan,0
1597988934347640064,1597988934938999808,2020-08-21 13:48:54.939000,3462.0,3470.0,3458.0,3460.0,nan,3464.0,11377,394137870.0,15981,3462.0,93,3461.0,37,nan,0,nan,0,nan,0,nan,0,nan,0,nan,0,nan,0,nan,0
1597988934831752960,1597988935436999936,2020-08-21 13:48:55.437000,3462.0,3470.0,3458.0,3460.0,nan,3464.0,11377,394137870.0,15981,3462.0,103,3461.0,40,nan,0,nan,0,nan,0,nan,0,nan,0,nan,0,nan,0,nan,0
1597988936340883968,1597988936908000000,2020-08-21 13:48:56.908000,3462.0,3470.0,3458.0,3460.0,nan,3464.0,11377,394137870.0,15981,3462.0,103,3461.0,45,nan,0,nan,0,nan,0,nan,0,nan,0,nan,0,nan,0,nan,0
1597988936831335936,1597988937436999936,2020-08-21 13:48:57.437000,3462.0,3470.0,3458.0,3460.0,nan,3464.0,11377,394137870.0,15981,3462.0,118,3461.0,55,nan,0,nan,0,nan,0,nan,0,nan,0,nan,0,nan,0,nan,0
1597988937830660096,1597988938432000000,2020-08-21 13:48:58.432000,3462.0,3470.0,3458.0,3460.0,nan,3464.0,11377,394137870.0,15981,3462.0,118,3461.0,60,nan,0,nan,0,nan,0,nan,0,nan,0,nan,0,nan,0,nan,0
1597988938829871104,1597988939436000000,2020-08-21 13:48:59.436000,3462.0,3470.0,3458.0,3460.0,nan,3464.0,11377,394137870.0,15981,3462.0,138,3461.0,80,nan,0,nan,0,nan,0,nan,0,nan,0,nan,0,nan,0,nan,0
1597988941330425088,1597988941934000128,2020-08-21 13:49:01.934000,3461.0,3470.0,3458.0,3460.0,nan,3464.0,11380,394241700.0,15978,3462.0,138,3461.0,84,nan,0,nan,0,nan,0,nan,0,nan,0,nan,0,nan,0,nan,0
1597988942841480960,1597988943428000000,2020-08-21 13:49:03.428000,3461.0,3470.0,3458.0,3460.0,nan,3464.0,11383,394345530.0,15979,3462.0,138,3461.0,81,nan,0,nan,0,nan,0,nan,0,nan,0,nan,0,nan,0,nan,0
1597988943331774976,1597988943928000000,2020-08-21 13:49:03.928000,3461.0,3470.0,3458.0,3460.0,nan,3464.0,11383,394345530.0,15979,3462.0,143,3461.0,87,nan,0,nan,0,nan,0,nan,0,nan,0,nan,0,nan,0,nan,0
1597988944329125120,1597988944918999808,2020-08-21 13:49:04.919000,3461.0,3470.0,3458.0,3460.0,nan,3464.0,11385,394414750.0,15979,3462.0,143,3461.0,85,nan,0,nan,0,nan,0,nan,0,nan,0,nan,0,nan,0,nan,0
1597988944830254080,1597988945430000128,2020-08-21 13:49:05.430000,3461.0,3470.0,3458.0,3460.0,nan,3464.0,11385,394414750.0,15979,3462.0,143,3461.0,90,nan,0,nan,0,nan,0,nan,0,nan,0,nan,0,nan,0,nan,0
1597988946337147904,1597988946923000064,2020-08-21 13:49:06.923000,3461.0,3470.0,3458.0,3460.0,nan,3464.0,11385,394414750.0,15979,3462.0,143,3461.0,95,nan,0,nan,0,nan,0,nan,0,nan,0,nan,0,nan,0,nan,0
1597988947853827072,1597988948428000000,2020-08-21 13:49:08.428000,3461.0,3470.0,3458.0,3460.0,nan,3464.0,11385,394414750.0,15979,3462.0,133,3461.0,95,nan,0,nan,0,nan,0,nan,0,nan,0,nan,0,nan,0,nan,0
1597988948332013056,1597988948924999936,2020-08-21 13:49:08.925000,3461.0,3470.0,3458.0,3460.0,nan,3464.0,11385,394414750.0,15979,3462.0,138,3461.0,95,nan,0,nan,0,nan,0,nan,0,nan,0,nan,0,nan,0,nan,0
1597988949834941952,1597988950432000000,2020-08-21 13:49:10.432000,3461.0,3470.0,3458.0,3460.0,nan,3464.0,11385,394414750.0,15979,3462.0,72,3461.0,95,nan,0,nan,0,nan,0,nan,0,nan,0,nan,0,nan,0,nan,0
1597988950332937984,1597988950938999808,2020-08-21 13:49:10.939000,3461.0,3470.0,3458.0,3460.0,nan,3464.0,11385,394414750.0,15979,3462.0,62,3461.0,105,nan,0,nan,0,nan,0,nan,0,nan,0,nan,0,nan,0,nan,0
1597988957337572096,1597988957933000192,2020-08-21 13:49:17.933000,3461.0,3470.0,3458.0,3460.0,nan,3464.0,11385,394414750.0,15979,3462.0,67,3461.0,105,nan,0,nan,0,nan,0,nan,0,nan,0,nan,0,nan,0,nan,0
1597988958326917888,1597988958880000000,2020-08-21 13:49:18.880000,3461.0,3470.0,3458.0,3460.0,nan,3464.0,11385,394414750.0,15979,3462.0,67,3461.0,95,nan,0,nan,0,nan,0,nan,0,nan,0,nan,0,nan,0,nan,0
1597988958830706944,1597988959420999936,2020-08-21 13:49:19.421000,3461.0,3470.0,3458.0,3460.0,nan,3464.0,11385,394414750.0,15979,3462.0,67,3461.0,100,nan,0,nan,0,nan,0,nan,0,nan,0,nan,0,nan,0,nan,0
1597988959356534016,1597988959930000128,2020-08-21 13:49:19.930000,3461.0,3470.0,3458.0,3460.0,nan,3464.0,11385,394414750.0,15979,3462.0,62,3461.0,105,nan,0,nan,0,nan,0,nan,0,nan,0,nan,0,nan,0,nan,0
1597988977836864000,1597988978404000000,2020-08-21 13:49:38.404000,3461.0,3470.0,3458.0,3460.0,nan,3464.0,11385,394414750.0,15979,3462.0,112,3461.0,105,nan,0,nan,0,nan,0,nan,0,nan,0,nan,0,nan,0,nan,0
1597988978340756992,1597988978935000064,2020-08-21 13:49:38.935000,3461.0,3470.0,3458.0,3460.0,nan,3464.0,11385,394414750.0,15979,3462.0,122,3461.0,95,nan,0,nan,0,nan,0,nan,0,nan,0,nan,0,nan,0,nan,0
1597988993827902976,1597988994423000064,2020-08-21 13:49:54.423000,3461.0,3470.0,3458.0,3460.0,nan,3464.0,11385,394414750.0,15979,3462.0,122,3461.0,100,nan,0,nan,0,nan,0,nan,0,nan,0,nan,0,nan,0,nan,0
1597989000837033984,1597989001424000000,2020-08-21 13:50:01.424000,3461.0,3470.0,3458.0,3460.0,nan,3464.0,11386,394449360.0,15979,3462.0,122,3461.0,99,nan,0,nan,0,nan,0,nan,0,nan,0,nan,0,nan,0,nan,0
1597989011339476992,1597989011937999872,2020-08-21 13:50:11.938000,3461.0,3470.0,3458.0,3460.0,nan,3464.0,11386,394449360.0,15979,3462.0,122,3461.0,100,nan,0,nan,0,nan,0,nan,0,nan,0,nan,0,nan,0,nan,0
1597989016839746048,1597989017438999808,2020-08-21 13:50:17.439000,3461.0,3470.0,3458.0,3460.0,nan,3464.0,11386,394449360.0,15979,3462.0,122,3461.0,102,nan,0,nan,0,nan,0,nan,0,nan,0,nan,0,nan,0,nan,0
1597989025853040896,1597989026434000128,2020-08-21 13:50:26.434000,3461.0,3470.0,3458.0,3460.0,nan,3464.0,11386,394449360.0,15979,3462.0,122,3461.0,106,nan,0,nan,0,nan,0,nan,0,nan,0,nan,0,nan,0,nan,0
1597989026326968064,1597989026892999936,2020-08-21 13:50:26.893000,3461.0,3470.0,3458.0,3460.0,nan,3464.0,11386,394449360.0,15979,3462.0,117,3461.0,106,nan,0,nan,0,nan,0,nan,0,nan,0,nan,0,nan,0,nan,0
1597989030852328960,1597989031435000064,2020-08-21 13:50:31.435000,3461.0,3470.0,3458.0,3460.0,nan,3464.0,11387,394483970.0,15979,3462.0,117,3461.0,105,nan,0,nan,0,nan,0,nan,0,nan,0,nan,0,nan,0,nan,0
1597989031338823936,1597989031938999808,2020-08-21 13:50:31.939000,3461.0,3470.0,3458.0,3460.0,nan,3464.0,11387,394483970.0,15979,3462.0,122,3461.0,105,nan,0,nan,0,nan,0,nan,0,nan,0,nan,0,nan,0,nan,0
1597989053904723968,1597989054430000128,2020-08-21 13:50:54.430000,3461.0,3470.0,3458.0,3460.0,nan,3464.0,11387,394483970.0,15979,3462.0,122,3461.0,104,nan,0,nan,0,nan,0,nan,0,nan,0,nan,0,nan,0,nan,0
1597989056829184000,1597989057438999808,2020-08-21 13:50:57.439000,3461.0,3470.0,3458.0,3460.0,nan,3464.0,11387,394483970.0,15979,3462.0,117,3461.0,99,nan,0,nan,0,nan,0,nan,0,nan,0,nan,0,nan,0,nan,0
1597989057338811904,1597989057927000064,2020-08-21 13:50:57.927000,3461.0,3470.0,3458.0,3460.0,nan,3464.0,11387,394483970.0,15979,3462.0,122,3461.0,104,nan,0,nan,0,nan,0,nan,0,nan,0,nan,0,nan,0,nan,0
1597989065326860032,1597989065938999808,2020-08-21 13:51:05.939000,3461.0,3470.0,3458.0,3460.0,nan,3464.0,11387,394483970.0,15979,3462.0,122,3461.0,99,nan,0,nan,0,nan,0,nan,0,nan,0,nan,0,nan,0,nan,0
1597989069840026880,1597989070438999808,2020-08-21 13:51:10.439000,3461.0,3470.0,3458.0,3460.0,nan,3464.0,11387,394483970.0,15979,3462.0,122,3461.0,104,nan,0,nan,0,nan,0,nan,0,nan,0,nan,0,nan,0,nan,0
1597989070338863104,1597989070924000000,2020-08-21 13:51:10.924000,3461.0,3470.0,3458.0,3460.0,nan,3464.0,11387,394483970.0,15979,3462.0,122,3461.0,99,nan,0,nan,0,nan,0,nan,0,nan,0,nan,0,nan,0,nan,0
1597989083381240064,1597989083896000000,2020-08-21 13:51:23.896000,3461.0,3470.0,3458.0,3460.0,nan,3464.0,11387,394483970.0,15979,3462.0,112,3461.0,99,nan,0,nan,0,nan,0,nan,0,nan,0,nan,0,nan,0,nan,0
1597989083840628992,1597989084428999936,2020-08-21 13:51:24.429000,3461.0,3470.0,3458.0,3460.0,nan,3464.0,11387,394483970.0,15979,3462.0,117,3461.0,104,nan,0,nan,0,nan,0,nan,0,nan,0,nan,0,nan,0,nan,0
1597989130833730048,1597989131438999808,2020-08-21 13:52:11.439000,3461.0,3470.0,3458.0,3460.0,nan,3464.0,11392,394657020.0,15974,3462.0,117,3461.0,99,nan,0,nan,0,nan,0,nan,0,nan,0,nan,0,nan,0,nan,0
1597989131336507904,1597989131935000064,2020-08-21 13:52:11.935000,3461.0,3470.0,3458.0,3460.0,nan,3464.0,11392,394657020.0,15974,3462.0,112,3461.0,99,nan,0,nan,0,nan,0,nan,0,nan,0,nan,0,nan,0,nan,0
1597989135328054016,1597989135905999872,2020-08-21 13:52:15.906000,3461.0,3470.0,3458.0,3460.0,nan,3464.0,11392,394657020.0,15974,3462.0,112,3461.0,98,nan,0,nan,0,nan,0,nan,0,nan,0,nan,0,nan,0,nan,0
1597989212326152960,1597989212918999808,2020-08-21 13:53:32.919000,3461.0,3470.0,3458.0,3460.0,nan,3464.0,11395,394760850.0,15971,3462.0,112,3461.0,95,nan,0,nan,0,nan,0,nan,0,nan,0,nan,0,nan,0,nan,0
1597989212824687104,1597989213396000000,2020-08-21 13:53:33.396000,3461.0,3470.0,3458.0,3460.0,nan,3464.0,11395,394760850.0,15971,3462.0,117,3461.0,100,nan,0,nan,0,nan,0,nan,0,nan,0,nan,0,nan,0,nan,0
1597989214339158016,1597989214931000064,2020-08-21 13:53:34.931000,3461.0,3470.0,3458.0,3460.0,nan,3464.0,11395,394760850.0,15971,3462.0,117,3461.0,101,nan,0,nan,0,nan,0,nan,0,nan,0,nan,0,nan,0,nan,0
1597989289835461120,1597989290430000128,2020-08-21 13:54:50.430000,3461.0,3470.0,3458.0,3460.0,nan,3464.0,11395,394760850.0,15971,3462.0,117,3461.0,96,nan,0,nan,0,nan,0,nan,0,nan,0,nan,0,nan,0,nan,0
1597989309999868928,1597989310418999808,2020-08-21 13:55:10.419000,3461.0,3470.0,3458.0,3460.0,nan,3464.0,11399,394899290.0,15967,3462.0,117,3461.0,92,nan,0,nan,0,nan,0,nan,0,nan,0,nan,0,nan,0,nan,0
1597989337833976064,1597989338436999936,2020-08-21 13:55:38.437000,3461.0,3470.0,3458.0,3460.0,nan,3464.0,11409,395245390.0,15967,3462.0,117,3461.0,82,nan,0,nan,0,nan,0,nan,0,nan,0,nan,0,nan,0,nan,0
1597989342843243008,1597989343434000128,2020-08-21 13:55:43.434000,3461.0,3470.0,3458.0,3460.0,nan,3464.0,11409,395245390.0,15967,3462.0,122,3461.0,77,nan,0,nan,0,nan,0,nan,0,nan,0,nan,0,nan,0,nan,0
1597989343334438912,1597989343923000064,2020-08-21 13:55:43.923000,3461.0,3470.0,3458.0,3460.0,nan,3464.0,11409,395245390.0,15967,3462.0,117,3461.0,77,nan,0,nan,0,nan,0,nan,0,nan,0,nan,0,nan,0,nan,0
1597989372339513088,1597989372932000000,2020-08-21 13:56:12.932000,3461.0,3470.0,3458.0,3460.0,nan,3464.0,11410,395280000.0,15966,3462.0,117,3461.0,76,nan,0,nan,0,nan,0,nan,0,nan,0,nan,0,nan,0,nan,0
1597989394832540928,1597989395435000064,2020-08-21 13:56:35.435000,3461.0,3470.0,3458.0,3460.0,nan,3464.0,11410,395280000.0,15966,3462.0,112,3461.0,81,nan,0,nan,0,nan,0,nan,0,nan,0,nan,0,nan,0,nan,0
1597989395332133888,1597989395920999936,2020-08-21 13:56:35.921000,3461.0,3470.0,3458.0,3460.0,nan,3464.0,11410,395280000.0,15966,3462.0,117,3461.0,81,nan,0,nan,0,nan,0,nan,0,nan,0,nan,0,nan,0,nan,0
1597989401829364992,1597989402433000192,2020-08-21 13:56:42.433000,3461.0,3470.0,3458.0,3460.0,nan,3464.0,11410,395280000.0,15966,3462.0,112,3461.0,81,nan,0,nan,0,nan,0,nan,0,nan,0,nan,0,nan,0,nan,0
1597989402321603072,1597989402934000128,2020-08-21 13:56:42.934000,3461.0,3470.0,3458.0,3460.0,nan,3464.0,11410,395280000.0,15966,3462.0,117,3461.0,76,nan,0,nan,0,nan,0,nan,0,nan,0,nan,0,nan,0,nan,0
1597989407320506880,1597989407935000064,2020-08-21 13:56:47.935000,3461.0,3470.0,3458.0,3460.0,nan,3464.0,11410,395280000.0,15966,3462.0,122,3461.0,71,nan,0,nan,0,nan,0,nan,0,nan,0,nan,0,nan,0,nan,0
1597989411843272960,1597989412428000000,2020-08-21 13:56:52.428000,3461.0,3470.0,3458.0,3460.0,nan,3464.0,11410,395280000.0,15966,3462.0,122,3461.0,76,nan,0,nan,0,nan,0,nan,0,nan,0,nan,0,nan,0,nan,0
1597989416324684032,1597989416924999936,2020-08-21 13:56:56.925000,3461.0,3470.0,3458.0,3460.0,nan,3464.0,11410,395280000.0,15966,3462.0,117,3461.0,81,nan,0,nan,0,nan,0,nan,0,nan,0,nan,0,nan,0,nan,0
1597989429329552896,1597989429940000000,2020-08-21 13:57:09.940000,3461.0,3470.0,3458.0,3460.0,nan,3464.0,11410,395280000.0,15966,3462.0,117,3461.0,79,nan,0,nan,0,nan,0,nan,0,nan,0,nan,0,nan,0,nan,0
1597989431823577088,1597989432435000064,2020-08-21 13:57:12.435000,3461.0,3470.0,3458.0,3460.0,nan,3464.0,11410,395280000.0,15966,3462.0,117,3461.0,74,nan,0,nan,0,nan,0,nan,0,nan,0,nan,0,nan,0,nan,0
1597989432322821888,1597989432904000000,2020-08-21 13:57:12.904000,3461.0,3470.0,3458.0,3460.0,nan,3464.0,11410,395280000.0,15966,3462.0,122,3461.0,69,nan,0,nan,0,nan,0,nan,0,nan,0,nan,0,nan,0,nan,0
1597989432822009088,1597989433434000128,2020-08-21 13:57:13.434000,3461.0,3470.0,3458.0,3460.0,nan,3464.0,11415,395453050.0,15964,3462.0,122,3461.0,57,nan,0,nan,0,nan,0,nan,0,nan,0,nan,0,nan,0,nan,0
1597989433332904960,1597989433916999936,2020-08-21 13:57:13.917000,3461.0,3470.0,3458.0,3460.0,nan,3464.0,11415,395453050.0,15964,3462.0,127,3461.0,59,nan,0,nan,0,nan,0,nan,0,nan,0,nan,0,nan,0,nan,0
1597989434324975104,1597989434928999936,2020-08-21 13:57:14.929000,3461.0,3470.0,3458.0,3460.0,nan,3464.0,11417,395522270.0,15962,3462.0,127,3461.0,54,nan,0,nan,0,nan,0,nan,0,nan,0,nan,0,nan,0,nan,0
1597989435322161920,1597989435920000000,2020-08-21 13:57:15.920000,3461.0,3470.0,3458.0,3460.0,nan,3464.0,11417,395522270.0,15962,3462.0,129,3461.0,54,nan,0,nan,0,nan,0,nan,0,nan,0,nan,0,nan,0,nan,0
1597989435835398912,1597989436416000000,2020-08-21 13:57:16.416000,3461.0,3470.0,3458.0,3460.0,nan,3464.0,11425,395799150.0,15962,3462.0,106,3461.0,24,nan,0,nan,0,nan,0,nan,0,nan,0,nan,0,nan,0,nan,0
1597989436333277952,1597989436921999872,2020-08-21 13:57:16.922000,3461.0,3470.0,3458.0,3460.0,nan,3464.0,11425,395799150.0,15962,3462.0,106,3461.0,22,nan,0,nan,0,nan,0,nan,0,nan,0,nan,0,nan,0,nan,0
1597989436832814080,1597989437405999872,2020-08-21 13:57:17.406000,3461.0,3470.0,3458.0,3460.0,nan,3464.0,11425,395799150.0,15962,3462.0,111,3461.0,27,nan,0,nan,0,nan,0,nan,0,nan,0,nan,0,nan,0,nan,0
1597989439404969984,1597989439932000000,2020-08-21 13:57:19.932000,3461.0,3470.0,3458.0,3460.0,nan,3464.0,11425,395799150.0,15962,3462.0,116,3461.0,27,nan,0,nan,0,nan,0,nan,0,nan,0,nan,0,nan,0,nan,0
1597989440838473984,1597989441440000000,2020-08-21 13:57:21.440000,3461.0,3470.0,3458.0,3460.0,nan,3464.0,11425,395799150.0,15962,3462.0,126,3461.0,42,nan,0,nan,0,nan,0,nan,0,nan,0,nan,0,nan,0,nan,0
1597989441343586048,1597989441940000000,2020-08-21 13:57:21.940000,3461.0,3470.0,3458.0,3460.0,nan,3464.0,11425,395799150.0,15962,3462.0,126,3461.0,52,nan,0,nan,0,nan,0,nan,0,nan,0,nan,0,nan,0,nan,0
1597989441823008000,1597989442416999936,2020-08-21 13:57:22.417000,3461.0,3470.0,3458.0,3460.0,nan,3464.0,11425,395799150.0,15962,3462.0,121,3461.0,64,nan,0,nan,0,nan,0,nan,0,nan,0,nan,0,nan,0,nan,0
1597989444824132096,1597989445432000000,2020-08-21 13:57:25.432000,3461.0,3470.0,3458.0,3460.0,nan,3464.0,11425,395799150.0,15962,3462.0,121,3461.0,69,nan,0,nan,0,nan,0,nan,0,nan,0,nan,0,nan,0,nan,0
1597989446823719936,1597989447434000128,2020-08-21 13:57:27.434000,3461.0,3470.0,3458.0,3460.0,nan,3464.0,11425,395799150.0,15962,3462.0,121,3461.0,71,nan,0,nan,0,nan,0,nan,0,nan,0,nan,0,nan,0,nan,0
1597989455843725056,1597989456432000000,2020-08-21 13:57:36.432000,3461.0,3470.0,3458.0,3460.0,nan,3464.0,11425,395799150.0,15962,3462.0,121,3461.0,76,nan,0,nan,0,nan,0,nan,0,nan,0,nan,0,nan,0,nan,0
1597989465834405120,1597989466436999936,2020-08-21 13:57:46.437000,3461.0,3470.0,3458.0,3460.0,nan,3464.0,11427,395868370.0,15962,3462.0,124,3461.0,79,nan,0,nan,0,nan,0,nan,0,nan,0,nan,0,nan,0,nan,0
1597989467822554112,1597989468436000000,2020-08-21 13:57:48.436000,3461.0,3470.0,3458.0,3460.0,nan,3464.0,11427,395868370.0,15962,3462.0,119,3461.0,79,nan,0,nan,0,nan,0,nan,0,nan,0,nan,0,nan,0,nan,0
1597989468323023104,1597989468931000064,2020-08-21 13:57:48.931000,3461.0,3470.0,3458.0,3460.0,nan,3464.0,11427,395868370.0,15962,3462.0,124,3461.0,74,nan,0,nan,0,nan,0,nan,0,nan,0,nan,0,nan,0,nan,0
1597989487826807040,1597989488431000064,2020-08-21 13:58:08.431000,3461.0,3470.0,3458.0,3460.0,nan,3464.0,11427,395868370.0,15962,3462.0,124,3461.0,79,nan,0,nan,0,nan,0,nan,0,nan,0,nan,0,nan,0,nan,0
1597989491323433984,1597989491924999936,2020-08-21 13:58:11.925000,3461.0,3470.0,3458.0,3460.0,nan,3464.0,11427,395868370.0,15962,3462.0,119,3461.0,79,nan,0,nan,0,nan,0,nan,0,nan,0,nan,0,nan,0,nan,0
1597989491831497984,1597989492435000064,2020-08-21 13:58:12.435000,3461.0,3470.0,3458.0,3460.0,nan,3464.0,11427,395868370.0,15962,3462.0,124,3461.0,79,nan,0,nan,0,nan,0,nan,0,nan,0,nan,0,nan,0,nan,0
1597989493822402048,1597989494436999936,2020-08-21 13:58:14.437000,3461.0,3470.0,3458.0,3460.0,nan,3464.0,11427,395868370.0,15962,3462.0,124,3461.0,74,nan,0,nan,0,nan,0,nan,0,nan,0,nan,0,nan,0,nan,0
1597989495839791104,1597989496440000000,2020-08-21 13:58:16.440000,3461.0,3470.0,3458.0,3460.0,nan,3464.0,11427,395868370.0,15962,3462.0,124,3461.0,79,nan,0,nan,0,nan,0,nan,0,nan,0,nan,0,nan,0,nan,0
1597989516323617024,1597989516936000000,2020-08-21 13:58:36.936000,3461.0,3470.0,3458.0,3460.0,nan,3464.0,11427,395868370.0,15962,3462.0,129,3461.0,74,nan,0,nan,0,nan,0,nan,0,nan,0,nan,0,nan,0,nan,0
1597989532830554880,1597989533426000128,2020-08-21 13:58:53.426000,3461.0,3470.0,3458.0,3460.0,nan,3464.0,11427,395868370.0,15962,3462.0,124,3461.0,79,nan,0,nan,0,nan,0,nan,0,nan,0,nan,0,nan,0,nan,0
1597989535823791104,1597989536432000000,2020-08-21 13:58:56.432000,3461.0,3470.0,3458.0,3460.0,nan,3464.0,11427,395868370.0,15962,3462.0,119,3461.0,79,nan,0,nan,0,nan,0,nan,0,nan,0,nan,0,nan,0,nan,0
1597989536334996992,1597989536927000064,2020-08-21 13:58:56.927000,3461.0,3470.0,3458.0,3460.0,nan,3464.0,11427,395868370.0,15962,3462.0,124,3461.0,79,nan,0,nan,0,nan,0,nan,0,nan,0,nan,0,nan,0,nan,0
1597989565325228032,1597989565933000192,2020-08-21 13:59:25.933000,3461.0,3470.0,3458.0,3460.0,nan,3464.0,11427,395868370.0,15962,3462.0,129,3461.0,74,nan,0,nan,0,nan,0,nan,0,nan,0,nan,0,nan,0,nan,0
1597989568333195008,1597989568932000000,2020-08-21 13:59:28.932000,3461.0,3470.0,3458.0,3460.0,nan,3464.0,11431,396006810.0,15958,3462.0,129,3461.0,70,nan,0,nan,0,nan,0,nan,0,nan,0,nan,0,nan,0,nan,0
1597989574334055936,1597989574928999936,2020-08-21 13:59:34.929000,3461.0,3470.0,3458.0,3460.0,nan,3464.0,11486,397910360.0,15952,3462.0,95,3460.0,57,nan,0,nan,0,nan,0,nan,0,nan,0,nan,0,nan,0,nan,0
1597989574820987904,1597989575378000128,2020-08-21 13:59:35.378000,3461.0,3470.0,3458.0,3460.0,nan,3464.0,11486,397910360.0,15952,3462.0,95,3460.0,63,nan,0,nan,0,nan,0,nan,0,nan,0,nan,0,nan,0,nan,0
1597989575321394944,1597989575921999872,2020-08-21 13:59:35.922000,3461.0,3470.0,3458.0,3460.0,nan,3464.0,11486,397910360.0,15952,3461.0,4,3460.0,62,nan,0,nan,0,nan,0,nan,0,nan,0,nan,0,nan,0,nan,0
1597989575828442880,1597989576434000128,2020-08-21 13:59:36.434000,3461.0,3470.0,3458.0,3460.0,nan,3464.0,11486,397910360.0,15952,3462.0,96,3460.0,62,nan,0,nan,0,nan,0,nan,0,nan,0,nan,0,nan,0,nan,0
1597989576347867904,1597989576938999808,2020-08-21 13:59:36.939000,3461.0,3470.0,3458.0,3460.0,nan,3464.0,11486,397910360.0,15952,3462.0,101,3460.0,72,nan,0,nan,0,nan,0,nan,0,nan,0,nan,0,nan,0,nan,0
1597989576822841088,1597989577436999936,2020-08-21 13:59:37.437000,3461.0,3470.0,3458.0,3460.0,nan,3464.0,11486,397910360.0,15952,3462.0,106,3460.0,77,nan,0,nan,0,nan,0,nan,0,nan,0,nan,0,nan,0,nan,0
1597989577364342016,1597989577936999936,2020-08-21 13:59:37.937000,3461.0,3470.0,3458.0,3460.0,nan,3464.0,11486,397910360.0,15952,3462.0,111,3460.0,82,nan,0,nan,0,nan,0,nan,0,nan,0,nan,0,nan,0,nan,0
1597989579329801984,1597989579900999936,2020-08-21 13:59:39.901000,3461.0,3470.0,3458.0,3460.0,nan,3464.0,11486,397910360.0,15952,3462.0,126,3460.0,97,nan,0,nan,0,nan,0,nan,0,nan,0,nan,0,nan,0,nan,0
1597989579829192960,1597989580436999936,2020-08-21 13:59:40.437000,3461.0,3470.0,3458.0,3460.0,nan,3464.0,11486,397910360.0,15952,3462.0,136,3460.0,102,nan,0,nan,0,nan,0,nan,0,nan,0,nan,0,nan,0,nan,0
1597989596323265024,1597989596936000000,2020-08-21 13:59:56.936000,3461.0,3470.0,3458.0,3460.0,nan,3464.0,11486,397910360.0,15952,3462.0,131,3460.0,102,nan,0,nan,0,nan,0,nan,0,nan,0,nan,0,nan,0,nan,0
1597989596823568896,1597989597369999872,2020-08-21 13:59:57.370000,3461.0,3470.0,3458.0,3460.0,nan,3464.0,11486,397910360.0,15952,3462.0,136,3460.0,102,nan,0,nan,0,nan,0,nan,0,nan,0,nan,0,nan,0,nan,0
1597989600325925120,1597989600936999936,2020-08-21 14:00:00.937000,3461.0,3470.0,3458.0,3460.0,nan,3464.0,11486,397910360.0,15952,3462.0,136,3460.0,100,nan,0,nan,0,nan,0,nan,0,nan,0,nan,0,nan,0,nan,0
1597989603332468992,1597989603934000128,2020-08-21 14:00:03.934000,3461.0,3470.0,3458.0,3460.0,nan,3464.0,11486,397910360.0,15952,3461.0,1,3460.0,100,nan,0,nan,0,nan,0,nan,0,nan,0,nan,0,nan,0,nan,0
1597989603835708928,1597989604433000192,2020-08-21 14:00:04.433000,3461.0,3470.0,3458.0,3460.0,nan,3464.0,11486,397910360.0,15952,3461.0,16,3460.0,90,nan,0,nan,0,nan,0,nan,0,nan,0,nan,0,nan,0,nan,0
1597989604327939072,1597989604935000064,2020-08-21 14:00:04.935000,3460.0,3470.0,3458.0,3460.0,nan,3464.0,11487,397944960.0,15951,3461.0,21,3460.0,94,nan,0,nan,0,nan,0,nan,0,nan,0,nan,0,nan,0,nan,0
1597989604828104960,1597989605435000064,2020-08-21 14:00:05.435000,3460.0,3470.0,3458.0,3460.0,nan,3464.0,11487,397944960.0,15951,3461.0,41,3460.0,94,nan,0,nan,0,nan,0,nan,0,nan,0,nan,0,nan,0,nan,0
1597989605330223104,1597989605912000000,2020-08-21 14:00:05.912000,3460.0,3470.0,3458.0,3460.0,nan,3464.0,11487,397944960.0,15951,3461.0,56,3460.0,99,nan,0,nan,0,nan,0,nan,0,nan,0,nan,0,nan,0,nan,0
1597989605834266880,1597989606437999872,2020-08-21 14:00:06.438000,3460.0,3470.0,3458.0,3460.0,nan,3464.0,11487,397944960.0,15951,3461.0,61,3460.0,99,nan,0,nan,0,nan,0,nan,0,nan,0,nan,0,nan,0,nan,0
1597989619827335936,1597989620430000128,2020-08-21 14:00:20.430000,3460.0,3470.0,3458.0,3460.0,nan,3464.0,11488,397979560.0,15950,3461.0,61,3460.0,98,nan,0,nan,0,nan,0,nan,0,nan,0,nan,0,nan,0,nan,0
1597989642839043072,1597989643436000000,2020-08-21 14:00:43.436000,3461.0,3470.0,3458.0,3460.0,nan,3464.0,11549,400090770.0,15929,3462.0,85,3461.0,59,nan,0,nan,0,nan,0,nan,0,nan,0,nan,0,nan,0,nan,0
1597989643322842880,1597989643907000064,2020-08-21 14:00:43.907000,3462.0,3470.0,3458.0,3460.0,nan,3464.0,11554,400263870.0,15929,3462.0,69,3461.0,79,nan,0,nan,0,nan,0,nan,0,nan,0,nan,0,nan,0,nan,0
1597989643823224064,1597989644423000064,2020-08-21 14:00:44.423000,3461.0,3470.0,3458.0,3460.0,nan,3464.0,11555,400298480.0,15928,3462.0,74,3461.0,101,nan,0,nan,0,nan,0,nan,0,nan,0,nan,0,nan,0,nan,0
1597989645319116032,1597989645878000128,2020-08-21 14:00:45.878000,3461.0,3470.0,3458.0,3460.0,nan,3464.0,11555,400298480.0,15928,3462.0,74,3461.0,106,nan,0,nan,0,nan,0,nan,0,nan,0,nan,0,nan,0,nan,0
1597989645821555968,1597989646436000000,2020-08-21 14:00:46.436000,3461.0,3470.0,3458.0,3460.0,nan,3464.0,11555,400298480.0,15928,3462.0,89,3461.0,111,nan,0,nan,0,nan,0,nan,0,nan,0,nan,0,nan,0,nan,0
1597989647843526912,1597989648433000192,2020-08-21 14:00:48.433000,3462.0,3470.0,3458.0,3460.0,nan,3464.0,11560,400471580.0,15926,3462.0,89,3461.0,111,nan,0,nan,0,nan,0,nan,0,nan,0,nan,0,nan,0,nan,0
1597989648319089920,1597989648930000128,2020-08-21 14:00:48.930000,3462.0,3470.0,3458.0,3460.0,nan,3464.0,11560,400471580.0,15926,3462.0,114,3461.0,136,nan,0,nan,0,nan,0,nan,0,nan,0,nan,0,nan,0,nan,0
1597989651326348032,1597989651935000064,2020-08-21 14:00:51.935000,3462.0,3470.0,3458.0,3460.0,nan,3464.0,11560,400471580.0,15926,3462.0,114,3461.0,137,nan,0,nan,0,nan,0,nan,0,nan,0,nan,0,nan,0,nan,0
1597989670338032128,1597989670930000128,2020-08-21 14:01:10.930000,3462.0,3470.0,3458.0,3460.0,nan,3464.0,11562,400540820.0,15928,3462.0,112,3461.0,137,nan,0,nan,0,nan,0,nan,0,nan,0,nan,0,nan,0,nan,0
1597989682320944128,1597989682926000128,2020-08-21 14:01:22.926000,3462.0,3470.0,3458.0,3460.0,nan,3464.0,11674,404418260.0,15971,3463.0,52,3462.0,48,nan,0,nan,0,nan,0,nan,0,nan,0,nan,0,nan,0,nan,0
1597989682817545984,1597989683408000000,2020-08-21 14:01:23.408000,3463.0,3470.0,3458.0,3460.0,nan,3464.0,11679,404591410.0,15976,3463.0,37,3462.0,55,nan,0,nan,0,nan,0,nan,0,nan,0,nan,0,nan,0,nan,0
1597989683328324096,1597989683938999808,2020-08-21 14:01:23.939000,3463.0,3470.0,3458.0,3460.0,nan,3464.0,11679,404591410.0,15976,3463.0,27,3462.0,63,nan,0,nan,0,nan,0,nan,0,nan,0,nan,0,nan,0,nan,0
1597989683834673920,1597989684398999808,2020-08-21 14:01:24.399000,3463.0,3470.0,3458.0,3460.0,nan,3464.0,11679,404591410.0,15976,3463.0,27,3462.0,68,nan,0,nan,0,nan,0,nan,0,nan,0,nan,0,nan,0,nan,0
1597989684321253120,1597989684934000128,2020-08-21 14:01:24.934000,3463.0,3470.0,3458.0,3460.0,nan,3464.0,11679,404591410.0,15976,3463.0,32,3462.0,73,nan,0,nan,0,nan,0,nan,0,nan,0,nan,0,nan,0,nan,0
1597989686329148928,1597989686938999808,2020-08-21 14:01:26.939000,3463.0,3470.0,3458.0,3460.0,nan,3464.0,11679,404591410.0,15976,3463.0,37,3462.0,78,nan,0,nan,0,nan,0,nan,0,nan,0,nan,0,nan,0,nan,0
1597989686817457920,1597989687437999872,2020-08-21 14:01:27.438000,3463.0,3470.0,3458.0,3460.0,nan,3464.0,11679,404591410.0,15976,3463.0,42,3462.0,83,nan,0,nan,0,nan,0,nan,0,nan,0,nan,0,nan,0,nan,0
1597989687327094016,1597989687935000064,2020-08-21 14:01:27.935000,3461.0,3470.0,3458.0,3460.0,nan,3464.0,11794,408572610.0,15927,3462.0,12,3461.0,52,nan,0,nan,0,nan,0,nan,0,nan,0,nan,0,nan,0,nan,0
1597989687830799872,1597989688436000000,2020-08-21 14:01:28.436000,3461.0,3470.0,3458.0,3460.0,nan,3464.0,11794,408572610.0,15927,3462.0,15,3461.0,67,nan,0,nan,0,nan,0,nan,0,nan,0,nan,0,nan,0,nan,0
1597989688334509056,1597989688916999936,2020-08-21 14:01:28.917000,3461.0,3470.0,3458.0,3460.0,nan,3464.0,11794,408572610.0,15927,3462.0,20,3461.0,67,nan,0,nan,0,nan,0,nan,0,nan,0,nan,0,nan,0,nan,0
1597989688821148928,1597989689436999936,2020-08-21 14:01:29.437000,3461.0,3470.0,3458.0,3460.0,nan,3464.0,11794,408572610.0,15927,3462.0,20,3461.0,77,nan,0,nan,0,nan,0,nan,0,nan,0,nan,0,nan,0,nan,0
1597989689330872064,1597989689938999808,2020-08-21 14:01:29.939000,3461.0,3470.0,3458.0,3460.0,nan,3464.0,11794,408572610.0,15927,3462.0,20,3461.0,82,nan,0,nan,0,nan,0,nan,0,nan,0,nan,0,nan,0,nan,0
1597989690818014976,1597989691432000000,2020-08-21 14:01:31.432000,3461.0,3470.0,3458.0,3460.0,nan,3464.0,11794,408572610.0,15927,3462.0,20,3461.0,87,nan,0,nan,0,nan,0,nan,0,nan,0,nan,0,nan,0,nan,0
1597989691319801088,1597989691916000000,2020-08-21 14:01:31.916000,3461.0,3470.0,3458.0,3460.0,nan,3464.0,11794,408572610.0,15927,3462.0,25,3461.0,92,nan,0,nan,0,nan,0,nan,0,nan,0,nan,0,nan,0,nan,0
1597989692326691072,1597989692936999936,2020-08-21 14:01:32.937000,3461.0,3470.0,3458.0,3460.0,nan,3464.0,11794,408572610.0,15927,3462.0,40,3461.0,107,nan,0,nan,0,nan,0,nan,0,nan,0,nan,0,nan,0,nan,0
1597989692820545024,1597989693434000128,2020-08-21 14:01:33.434000,3462.0,3470.0,3458.0,3460.0,nan,3464.0,11795,408607230.0,15927,3462.0,49,3461.0,112,nan,0,nan,0,nan,0,nan,0,nan,0,nan,0,nan,0,nan,0
1597989695320446976,1597989695930000128,2020-08-21 14:01:35.930000,3462.0,3470.0,3458.0,3460.0,nan,3464.0,11795,408607230.0,15927,3462.0,54,3461.0,89,nan,0,nan,0,nan,0,nan,0,nan,0,nan,0,nan,0,nan,0
1597989697319867904,1597989697933000192,2020-08-21 14:01:37.933000,3462.0,3470.0,3458.0,3460.0,nan,3464.0,11795,408607230.0,15927,3462.0,59,3461.0,89,nan,0,nan,0,nan,0,nan,0,nan,0,nan,0,nan,0,nan,0
1597989697821048064,1597989698437999872,2020-08-21 14:01:38.438000,3462.0,3470.0,3458.0,3460.0,nan,3464.0,11795,408607230.0,15927,3462.0,64,3461.0,89,nan,0,nan,0,nan,0,nan,0,nan,0,nan,0,nan,0,nan,0
1597989698342132992,1597989698933000192,2020-08-21 14:01:38.933000,3462.0,3470.0,3458.0,3460.0,nan,3464.0,11795,408607230.0,15927,3462.0,64,3461.0,94,nan,0,nan,0,nan,0,nan,0,nan,0,nan,0,nan,0,nan,0
1597989707821626112,1597989708408000000,2020-08-21 14:01:48.408000,3462.0,3470.0,3458.0,3460.0,nan,3464.0,11859,410822910.0,15962,3463.0,49,3462.0,51,nan,0,nan,0,nan,0,nan,0,nan,0,nan,0,nan,0,nan,0
1597989708319106048,1597989708900999936,2020-08-21 14:01:48.901000,3463.0,3470.0,3458.0,3460.0,nan,3464.0,11864,410996060.0,15962,3463.0,24,3462.0,65,nan,0,nan,0,nan,0,nan,0,nan,0,nan,0,nan,0,nan,0
1597989708822131968,1597989709390000128,2020-08-21 14:01:49.390000,3463.0,3470.0,3458.0,3460.0,nan,3464.0,11864,410996060.0,15962,3463.0,24,3462.0,73,nan,0,nan,0,nan,0,nan,0,nan,0,nan,0,nan,0,nan,0
1597989712842898944,1597989713434000128,2020-08-21 14:01:53.434000,3463.0,3470.0,3458.0,3460.0,nan,3464.0,11864,410996060.0,15962,3463.0,39,3462.0,88,nan,0,nan,0,nan,0,nan,0,nan,0,nan,0,nan,0,nan,0
1597989713333684992,1597989713937999872,2020-08-21 14:01:53.938000,3463.0,3470.0,3458.0,3460.0,nan,3464.0,11864,410996060.0,15962,3463.0,59,3462.0,98,nan,0,nan,0,nan,0,nan,0,nan,0,nan,0,nan,0,nan,0
1597989713830019072,1597989714434000128,2020-08-21 14:01:54.434000,3463.0,3470.0,3458.0,3460.0,nan,3464.0,11864,410996060.0,15962,3463.0,69,3462.0,103,nan,0,nan,0,nan,0,nan,0,nan,0,nan,0,nan,0,nan,0
1597989715825978112,1597989716433000192,2020-08-21 14:01:56.433000,3463.0,3470.0,3458.0,3460.0,nan,3464.0,11865,411030690.0,15962,3463.0,68,3462.0,103,nan,0,nan,0,nan,0,nan,0,nan,0,nan,0,nan,0,nan,0
1597989716321437952,1597989716926000128,2020-08-21 14:01:56.926000,3463.0,3470.0,3458.0,3460.0,nan,3464.0,11867,411099950.0,15962,3463.0,66,3462.0,103,nan,0,nan,0,nan,0,nan,0,nan,0,nan,0,nan,0,nan,0
1597989717327975936,1597989717938999808,2020-08-21 14:01:57.939000,3462.0,3470.0,3458.0,3460.0,nan,3464.0,11869,411169190.0,15962,3463.0,69,3462.0,106,nan,0,nan,0,nan,0,nan,0,nan,0,nan,0,nan,0,nan,0
1597989736832507904,1597989737401999872,2020-08-21 14:02:17.402000,3462.0,3470.0,3458.0,3460.0,nan,3464.0,11869,411169190.0,15962,3463.0,74,3462.0,111,nan,0,nan,0,nan,0,nan,0,nan,0,nan,0,nan,0,nan,0
1597989737325625088,1597989737928000000,2020-08-21 14:02:17.928000,3462.0,3470.0,3458.0,3460.0,nan,3464.0,11869,411169190.0,15962,3463.0,69,3462.0,106,nan,0,nan,0,nan,0,nan,0,nan,0,nan,0,nan,0,nan,0
1597989738934252032,1597989739433000192,2020-08-21 14:02:19.433000,3463.0,3470.0,3458.0,3460.0,nan,3464.0,11870,411203820.0,15962,3463.0,68,3462.0,106,nan,0,nan,0,nan,0,nan,0,nan,0,nan,0,nan,0,nan,0
1597989739825011968,1597989740435000064,2020-08-21 14:02:20.435000,3463.0,3470.0,3458.0,3460.0,nan,3464.0,11870,411203820.0,15962,3463.0,73,3462.0,111,nan,0,nan,0,nan,0,nan,0,nan,0,nan,0,nan,0,nan,0
1597989781327855104,1597989781923000064,2020-08-21 14:03:01.923000,3463.0,3470.0,3458.0,3460.0,nan,3464.0,11870,411203820.0,15962,3463.0,68,3462.0,116,nan,0,nan,0,nan,0,nan,0,nan,0,nan,0,nan,0,nan,0
1597989781851343104,1597989782424000000,2020-08-21 14:03:02.424000,3463.0,3470.0,3458.0,3460.0,nan,3464.0,11870,411203820.0,15962,3463.0,71,3462.0,116,nan,0,nan,0,nan,0,nan,0,nan,0,nan,0,nan,0,nan,0
1597989792335482880,1597989792926000128,2020-08-21 14:03:12.926000,3463.0,3470.0,3458.0,3460.0,nan,3464.0,11871,411238450.0,15961,3463.0,70,3462.0,116,nan,0,nan,0,nan,0,nan,0,nan,0,nan,0,nan,0,nan,0
1597989795852532992,1597989796433000192,2020-08-21 14:03:16.433000,3463.0,3470.0,3458.0,3460.0,nan,3464.0,11871,411238450.0,15961,3463.0,70,3462.0,125,nan,0,nan,0,nan,0,nan,0,nan,0,nan,0,nan,0,nan,0
1597989828817892096,1597989829438999808,2020-08-21 14:03:49.439000,3462.0,3470.0,3458.0,3460.0,nan,3464.0,12024,416535160.0,16000,3462.0,18,3461.0,24,nan,0,nan,0,nan,0,nan,0,nan,0,nan,0,nan,0,nan,0
1597989829321331968,1597989829921999872,2020-08-21 14:03:49.922000,3461.0,3470.0,3458.0,3460.0,nan,3464.0,12027,416638990.0,16000,3462.0,20,3461.0,21,nan,0,nan,0,nan,0,nan,0,nan,0,nan,0,nan,0,nan,0
1597989829819454976,1597989830411000064,2020-08-21 14:03:50.411000,3461.0,3470.0,3458.0,3460.0,nan,3464.0,12027,416638990.0,16000,3462.0,25,3461.0,26,nan,0,nan,0,nan,0,nan,0,nan,0,nan,0,nan,0,nan,0
1597989830322358016,1597989830894000128,2020-08-21 14:03:50.894000,3461.0,3470.0,3458.0,3460.0,nan,3464.0,12027,416638990.0,16000,3462.0,25,3461.0,31,nan,0,nan,0,nan,0,nan,0,nan,0,nan,0,nan,0,nan,0
1597989830834937088,1597989831408999936,2020-08-21 14:03:51.409000,3461.0,3470.0,3458.0,3460.0,nan,3464.0,12027,416638990.0,16000,3462.0,30,3461.0,36,nan,0,nan,0,nan,0,nan,0,nan,0,nan,0,nan,0,nan,0
1597989831931952896,1597989832438999808,2020-08-21 14:03:52.439000,3461.0,3470.0,3458.0,3460.0,nan,3464.0,12027,416638990.0,16000,3462.0,30,3461.0,41,nan,0,nan,0,nan,0,nan,0,nan,0,nan,0,nan,0,nan,0
1597989832318055936,1597989832932000000,2020-08-21 14:03:52.932000,3461.0,3470.0,3458.0,3460.0,nan,3464.0,12027,416638990.0,16000,3462.0,50,3461.0,51,nan,0,nan,0,nan,0,nan,0,nan,0,nan,0,nan,0,nan,0
1597989832848409088,1597989833438999808,2020-08-21 14:03:53.439000,3461.0,3470.0,3458.0,3460.0,nan,3464.0,12027,416638990.0,16000,3462.0,50,3461.0,56,nan,0,nan,0,nan,0,nan,0,nan,0,nan,0,nan,0,nan,0
1597989833339419904,1597989833938999808,2020-08-21 14:03:53.939000,3461.0,3470.0,3458.0,3460.0,nan,3464.0,12027,416638990.0,16000,3462.0,55,3461.0,56,nan,0,nan,0,nan,0,nan,0,nan,0,nan,0,nan,0,nan,0
1597989833867301888,1597989834434000128,2020-08-21 14:03:54.434000,3461.0,3470.0,3458.0,3460.0,nan,3464.0,12027,416638990.0,16000,3462.0,75,3461.0,76,nan,0,nan,0,nan,0,nan,0,nan,0,nan,0,nan,0,nan,0
1597989834346334976,1597989834940000000,2020-08-21 14:03:54.940000,3461.0,3470.0,3458.0,3460.0,nan,3464.0,12027,416638990.0,16000,3462.0,75,3461.0,81,nan,0,nan,0,nan,0,nan,0,nan,0,nan,0,nan,0,nan,0
1597989835865193984,1597989836437999872,2020-08-21 14:03:56.438000,3461.0,3470.0,3458.0,3460.0,nan,3464.0,12027,416638990.0,16000,3462.0,75,3461.0,82,nan,0,nan,0,nan,0,nan,0,nan,0,nan,0,nan,0,nan,0
1597989837335352064,1597989837926000128,2020-08-21 14:03:57.926000,3461.0,3470.0,3458.0,3460.0,nan,3464.0,12027,416638990.0,16000,3462.0,80,3461.0,82,nan,0,nan,0,nan,0,nan,0,nan,0,nan,0,nan,0,nan,0
1597989840820942080,1597989841428999936,2020-08-21 14:04:01.429000,3461.0,3470.0,3458.0,3460.0,nan,3464.0,12027,416638990.0,16000,3462.0,80,3461.0,87,nan,0,nan,0,nan,0,nan,0,nan,0,nan,0,nan,0,nan,0
1597989854329443072,1597989854933000192,2020-08-21 14:04:14.933000,3461.0,3470.0,3458.0,3460.0,nan,3464.0,12081,418507930.0,16031,3462.0,76,3461.0,41,nan,0,nan,0,nan,0,nan,0,nan,0,nan,0,nan,0,nan,0
1597989854819627008,1597989855438999808,2020-08-21 14:04:15.439000,3461.0,3470.0,3458.0,3460.0,nan,3464.0,12105,419338570.0,16031,3462.0,61,3460.0,58,nan,0,nan,0,nan,0,nan,0,nan,0,nan,0,nan,0,nan,0
1597989855323309056,1597989855900999936,2020-08-21 14:04:15.901000,3461.0,3470.0,3458.0,3460.0,nan,3464.0,12105,419338570.0,16031,3462.0,62,3460.0,63,nan,0,nan,0,nan,0,nan,0,nan,0,nan,0,nan,0,nan,0
1597989855841566976,1597989856404999936,2020-08-21 14:04:16.405000,3461.0,3470.0,3458.0,3460.0,nan,3464.0,12105,419338570.0,16031,3462.0,62,3460.0,58,nan,0,nan,0,nan,0,nan,0,nan,0,nan,0,nan,0,nan,0
1597989856330246912,1597989856937999872,2020-08-21 14:04:16.938000,3461.0,3470.0,3458.0,3460.0,nan,3464.0,12105,419338570.0,16031,3462.0,67,3460.0,63,nan,0,nan,0,nan,0,nan,0,nan,0,nan,0,nan,0,nan,0
1597989856820390912,1597989857440000000,2020-08-21 14:04:17.440000,3461.0,3470.0,3458.0,3460.0,nan,3464.0,12105,419338570.0,16031,3462.0,72,3460.0,68,nan,0,nan,0,nan,0,nan,0,nan,0,nan,0,nan,0,nan,0
1597989857329480960,1597989857924000000,2020-08-21 14:04:17.924000,3461.0,3470.0,3458.0,3460.0,nan,3464.0,12105,419338570.0,16031,3462.0,77,3460.0,78,nan,0,nan,0,nan,0,nan,0,nan,0,nan,0,nan,0,nan,0
1597989857820179968,1597989858426000128,2020-08-21 14:04:18.426000,3461.0,3470.0,3458.0,3460.0,nan,3464.0,12105,419338570.0,16031,3462.0,82,3460.0,83,nan,0,nan,0,nan,0,nan,0,nan,0,nan,0,nan,0,nan,0
1597989859827258112,1597989860436999936,2020-08-21 14:04:20.437000,3461.0,3470.0,3458.0,3460.0,nan,3464.0,12105,419338570.0,16031,3462.0,97,3460.0,98,nan,0,nan,0,nan,0,nan,0,nan,0,nan,0,nan,0,nan,0
1597989860332366080,1597989860932000000,2020-08-21 14:04:20.932000,3461.0,3470.0,3458.0,3460.0,nan,3464.0,12105,419338570.0,16031,3462.0,97,3460.0,103,nan,0,nan,0,nan,0,nan,0,nan,0,nan,0,nan,0,nan,0
1597989862832633088,1597989863403000064,2020-08-21 14:04:23.403000,3461.0,3470.0,3458.0,3460.0,nan,3464.0,12105,419338570.0,16031,3462.0,97,3460.0,105,nan,0,nan,0,nan,0,nan,0,nan,0,nan,0,nan,0,nan,0
1597989864321886976,1597989864935000064,2020-08-21 14:04:24.935000,3461.0,3470.0,3458.0,3460.0,nan,3464.0,12105,419338570.0,16031,3462.0,99,3460.0,105,nan,0,nan,0,nan,0,nan,0,nan,0,nan,0,nan,0,nan,0
1597989864818542080,1597989865430000128,2020-08-21 14:04:25.430000,3461.0,3470.0,3458.0,3460.0,nan,3464.0,12105,419338570.0,16031,3462.0,99,3460.0,110,nan,0,nan,0,nan,0,nan,0,nan,0,nan,0,nan,0,nan,0
1597989865328407040,1597989865848999936,2020-08-21 14:04:25.849000,3461.0,3470.0,3458.0,3460.0,nan,3464.0,12105,419338570.0,16031,3462.0,98,3460.0,111,nan,0,nan,0,nan,0,nan,0,nan,0,nan,0,nan,0,nan,0
1597989870319247104,1597989870935000064,2020-08-21 14:04:30.935000,3460.0,3470.0,3458.0,3460.0,nan,3464.0,12106,419373170.0,16030,3462.0,98,3460.0,110,nan,0,nan,0,nan,0,nan,0,nan,0,nan,0,nan,0,nan,0
1597989871350287104,1597989871892999936,2020-08-21 14:04:31.893000,3460.0,3470.0,3458.0,3460.0,nan,3464.0,12106,419373170.0,16030,3462.0,98,3461.0,1,nan,0,nan,0,nan,0,nan,0,nan,0,nan,0,nan,0,nan,0
1597989871823159040,1597989872382999808,2020-08-21 14:04:32.383000,3460.0,3470.0,3458.0,3460.0,nan,3464.0,12106,419373170.0,16030,3462.0,93,3461.0,16,nan,0,nan,0,nan,0,nan,0,nan,0,nan,0,nan,0,nan,0
1597989873819335936,1597989874433000192,2020-08-21 14:04:34.433000,3460.0,3470.0,3458.0,3460.0,nan,3464.0,12106,419373170.0,16030,3462.0,93,3461.0,21,nan,0,nan,0,nan,0,nan,0,nan,0,nan,0,nan,0,nan,0
1597989874331162880,1597989874930000128,2020-08-21 14:04:34.930000,3460.0,3470.0,3458.0,3460.0,nan,3464.0,12106,419373170.0,16030,3462.0,93,3461.0,41,nan,0,nan,0,nan,0,nan,0,nan,0,nan,0,nan,0,nan,0
1597989874827382016,1597989875400000000,2020-08-21 14:04:35.400000,3460.0,3470.0,3458.0,3460.0,nan,3464.0,12106,419373170.0,16030,3462.0,93,3461.0,61,nan,0,nan,0,nan,0,nan,0,nan,0,nan,0,nan,0,nan,0
1597989875323546880,1597989875936999936,2020-08-21 14:04:35.937000,3460.0,3470.0,3458.0,3460.0,nan,3464.0,12106,419373170.0,16030,3462.0,93,3461.0,56,nan,0,nan,0,nan,0,nan,0,nan,0,nan,0,nan,0,nan,0
1597989876319316992,1597989876930000128,2020-08-21 14:04:36.930000,3461.0,3470.0,3458.0,3460.0,nan,3464.0,12107,419407780.0,16031,3462.0,93,3461.0,55,nan,0,nan,0,nan,0,nan,0,nan,0,nan,0,nan,0,nan,0
1597989876828107008,1597989877436000000,2020-08-21 14:04:37.436000,3461.0,3470.0,3458.0,3460.0,nan,3464.0,12153,420999840.0,16054,3461.0,5,3460.0,64,nan,0,nan,0,nan,0,nan,0,nan,0,nan,0,nan,0,nan,0
1597989877322702080,1597989877940000000,2020-08-21 14:04:37.940000,3461.0,3470.0,3458.0,3460.0,nan,3464.0,12158,421172890.0,16049,3461.0,2,3460.0,54,nan,0,nan,0,nan,0,nan,0,nan,0,nan,0,nan,0,nan,0
1597989877822027008,1597989878426000128,2020-08-21 14:04:38.426000,3461.0,3470.0,3458.0,3460.0,nan,3464.0,12160,421242110.0,16047,3461.0,5,3460.0,60,nan,0,nan,0,nan,0,nan,0,nan,0,nan,0,nan,0,nan,0
1597989878320751104,1597989878932000000,2020-08-21 14:04:38.932000,3461.0,3470.0,3458.0,3460.0,nan,3464.0,12170,421588210.0,16042,3462.0,63,3460.0,60,nan,0,nan,0,nan,0,nan,0,nan,0,nan,0,nan,0,nan,0
1597989878828613120,1597989879430000128,2020-08-21 14:04:39.430000,3461.0,3470.0,3458.0,3460.0,nan,3464.0,12170,421588210.0,16042,3462.0,78,3460.0,80,nan,0,nan,0,nan,0,nan,0,nan,0,nan,0,nan,0,nan,0
1597989879825341952,1597989880412000000,2020-08-21 14:04:40.412000,3461.0,3470.0,3458.0,3460.0,nan,3464.0,12170,421588210.0,16042,3462.0,78,3460.0,85,nan,0,nan,0,nan,0,nan,0,nan,0,nan,0,nan,0,nan,0
1597989880325736960,1597989880921999872,2020-08-21 14:04:40.922000,3461.0,3470.0,3458.0,3460.0,nan,3464.0,12170,421588210.0,16042,3462.0,83,3460.0,85,nan,0,nan,0,nan,0,nan,0,nan,0,nan,0,nan,0,nan,0
1597989881335567872,1597989881860999936,2020-08-21 14:04:41.861000,3461.0,3470.0,3458.0,3460.0,nan,3464.0,12170,421588210.0,16042,3462.0,84,3460.0,85,nan,0,nan,0,nan,0,nan,0,nan,0,nan,0,nan,0,nan,0
1597989881819634944,1597989882398000128,2020-08-21 14:04:42.398000,3461.0,3470.0,3458.0,3460.0,nan,3464.0,12170,421588210.0,16042,3462.0,99,3460.0,100,nan,0,nan,0,nan,0,nan,0,nan,0,nan,0,nan,0,nan,0
1597989888319536896,1597989888879000064,2020-08-21 14:04:48.879000,3461.0,3470.0,3458.0,3460.0,nan,3464.0,12170,421588210.0,16042,3462.0,99,3460.0,101,nan,0,nan,0,nan,0,nan,0,nan,0,nan,0,nan,0,nan,0
1597989893332804096,1597989893923000064,2020-08-21 14:04:53.923000,3461.0,3470.0,3458.0,3460.0,nan,3464.0,12170,421588210.0,16042,3462.0,101,3460.0,101,nan,0,nan,0,nan,0,nan,0,nan,0,nan,0,nan,0,nan,0
1597989893833437952,1597989894428000000,2020-08-21 14:04:54.428000,3461.0,3470.0,3458.0,3460.0,nan,3464.0,12170,421588210.0,16042,3462.0,101,3460.0,94,nan,0,nan,0,nan,0,nan,0,nan,0,nan,0,nan,0,nan,0
1597989895338542080,1597989895920999936,2020-08-21 14:04:55.921000,3460.0,3470.0,3458.0,3460.0,nan,3464.0,12191,422314810.0,16057,3462.0,101,3460.0,69,nan,0,nan,0,nan,0,nan,0,nan,0,nan,0,nan,0,nan,0
1597989895828306944,1597989896440000000,2020-08-21 14:04:56.440000,3460.0,3470.0,3458.0,3460.0,nan,3464.0,12191,422314810.0,16057,3461.0,2,3460.0,67,nan,0,nan,0,nan,0,nan,0,nan,0,nan,0,nan,0,nan,0
1597989896323077888,1597989896921999872,2020-08-21 14:04:56.922000,3460.0,3470.0,3458.0,3460.0,nan,3464.0,12191,422314810.0,16057,3461.0,15,3460.0,62,nan,0,nan,0,nan,0,nan,0,nan,0,nan,0,nan,0,nan,0
1597989896831741952,1597989897432000000,2020-08-21 14:04:57.432000,3460.0,3470.0,3458.0,3460.0,nan,3464.0,12191,422314810.0,16057,3461.0,20,3460.0,67,nan,0,nan,0,nan,0,nan,0,nan,0,nan,0,nan,0,nan,0
1597989897331080960,1597989897936000000,2020-08-21 14:04:57.936000,3460.0,3470.0,3458.0,3460.0,nan,3464.0,12191,422314810.0,16057,3461.0,31,3460.0,67,nan,0,nan,0,nan,0,nan,0,nan,0,nan,0,nan,0,nan,0
1597989897847661056,1597989898408000000,2020-08-21 14:04:58.408000,3460.0,3470.0,3458.0,3460.0,nan,3464.0,12191,422314810.0,16057,3461.0,56,3460.0,67,nan,0,nan,0,nan,0,nan,0,nan,0,nan,0,nan,0,nan,0
1597989898324263936,1597989898918999808,2020-08-21 14:04:58.919000,3460.0,3470.0,3458.0,3460.0,nan,3464.0,12191,422314810.0,16057,3461.0,56,3460.0,62,nan,0,nan,0,nan,0,nan,0,nan,0,nan,0,nan,0,nan,0
1597989898820860928,1597989899382999808,2020-08-21 14:04:59.383000,3460.0,3470.0,3458.0,3460.0,nan,3464.0,12191,422314810.0,16057,3461.0,56,3460.0,67,nan,0,nan,0,nan,0,nan,0,nan,0,nan,0,nan,0,nan,0
1597989903823383040,1597989904437999872,2020-08-21 14:05:04.438000,3460.0,3470.0,3458.0,3460.0,nan,3464.0,12191,422314810.0,16057,3461.0,57,3460.0,67,nan,0,nan,0,nan,0,nan,0,nan,0,nan,0,nan,0,nan,0
1597989904329483008,1597989904927000064,2020-08-21 14:05:04.927000,3460.0,3470.0,3458.0,3460.0,nan,3464.0,12191,422314810.0,16057,3461.0,61,3460.0,67,nan,0,nan,0,nan,0,nan,0,nan,0,nan,0,nan,0,nan,0
1597989906821573888,1597989907432000000,2020-08-21 14:05:07.432000,3460.0,3470.0,3458.0,3460.0,nan,3464.0,12198,422557010.0,16057,3461.0,51,3460.0,54,nan,0,nan,0,nan,0,nan,0,nan,0,nan,0,nan,0,nan,0
1597989907331230976,1597989907928999936,2020-08-21 14:05:07.929000,3460.0,3470.0,3458.0,3460.0,nan,3464.0,12198,422557010.0,16057,3461.0,53,3460.0,54,nan,0,nan,0,nan,0,nan,0,nan,0,nan,0,nan,0,nan,0
1597989908331293952,1597989908904999936,2020-08-21 14:05:08.905000,3460.0,3470.0,3458.0,3460.0,nan,3464.0,12204,422764610.0,16057,3461.0,48,3460.0,46,nan,0,nan,0,nan,0,nan,0,nan,0,nan,0,nan,0,nan,0
1597989908821033984,1597989909435000064,2020-08-21 14:05:09.435000,3460.0,3470.0,3458.0,3460.0,nan,3464.0,12204,422764610.0,16057,3461.0,58,3460.0,16,nan,0,nan,0,nan,0,nan,0,nan,0,nan,0,nan,0,nan,0
1597989909344890880,1597989909940000000,2020-08-21 14:05:09.940000,3460.0,3470.0,3458.0,3460.0,nan,3464.0,12204,422764610.0,16057,3461.0,58,3459.0,79,nan,0,nan,0,nan,0,nan,0,nan,0,nan,0,nan,0,nan,0
1597989909837455872,1597989910440000000,2020-08-21 14:05:10.440000,3460.0,3470.0,3458.0,3460.0,nan,3464.0,12204,422764610.0,16057,3461.0,60,3459.0,85,nan,0,nan,0,nan,0,nan,0,nan,0,nan,0,nan,0,nan,0
1597989910334711040,1597989910940000000,2020-08-21 14:05:10.940000,3460.0,3470.0,3458.0,3460.0,nan,3464.0,12204,422764610.0,16057,3461.0,70,3459.0,90,nan,0,nan,0,nan,0,nan,0,nan,0,nan,0,nan,0,nan,0
1597989910830560000,1597989911430000128,2020-08-21 14:05:11.430000,3460.0,3470.0,3458.0,3460.0,nan,3464.0,12204,422764610.0,16057,3461.0,60,3459.0,90,nan,0,nan,0,nan,0,nan,0,nan,0,nan,0,nan,0,nan,0
1597989911332538112,1597989911928000000,2020-08-21 14:05:11.928000,3460.0,3470.0,3458.0,3460.0,nan,3464.0,12224,423456610.0,16057,3461.0,65,3459.0,90,nan,0,nan,0,nan,0,nan,0,nan,0,nan,0,nan,0,nan,0
1597989911832014080,1597989912430000128,2020-08-21 14:05:12.430000,3460.0,3470.0,3458.0,3460.0,nan,3464.0,12224,423456610.0,16057,3461.0,75,3459.0,100,nan,0,nan,0,nan,0,nan,0,nan,0,nan,0,nan,0,nan,0
1597989912321872896,1597989912928000000,2020-08-21 14:05:12.928000,3460.0,3470.0,3458.0,3460.0,nan,3464.0,12224,423456610.0,16057,3460.0,4,3459.0,100,nan,0,nan,0,nan,0,nan,0,nan,0,nan,0,nan,0,nan,0
1597989912823974912,1597989913426000128,2020-08-21 14:05:13.426000,3460.0,3470.0,3458.0,3460.0,nan,3464.0,12228,423595010.0,16053,3460.0,15,3459.0,100,nan,0,nan,0,nan,0,nan,0,nan,0,nan,0,nan,0,nan,0
1597989913380325120,1597989913932000000,2020-08-21 14:05:13.932000,3460.0,3470.0,3458.0,3460.0,nan,3464.0,12228,423595010.0,16053,3460.0,20,3459.0,100,nan,0,nan,0,nan,0,nan,0,nan,0,nan,0,nan,0,nan,0
1597989913835666944,1597989914416000000,2020-08-21 14:05:14.416000,3460.0,3470.0,3458.0,3460.0,nan,3464.0,12228,423595010.0,16053,3460.0,25,3459.0,100,nan,0,nan,0,nan,0,nan,0,nan,0,nan,0,nan,0,nan,0
1597989914322588928,1597989914924000000,2020-08-21 14:05:14.924000,3460.0,3470.0,3458.0,3460.0,nan,3464.0,12228,423595010.0,16053,3460.0,30,3459.0,100,nan,0,nan,0,nan,0,nan,0,nan,0,nan,0,nan,0,nan,0
1597989916332620032,1597989916927000064,2020-08-21 14:05:16.927000,3460.0,3470.0,3458.0,3460.0,nan,3464.0,12228,423595010.0,16053,3460.0,51,3459.0,100,nan,0,nan,0,nan,0,nan,0,nan,0,nan,0,nan,0,nan,0
1597989916832307968,1597989917430000128,2020-08-21 14:05:17.430000,3460.0,3470.0,3458.0,3460.0,nan,3464.0,12228,423595010.0,16053,3460.0,58,3459.0,100,nan,0,nan,0,nan,0,nan,0,nan,0,nan,0,nan,0,nan,0
1597989917320387072,1597989917940000000,2020-08-21 14:05:17.940000,3460.0,3470.0,3458.0,3460.0,nan,3464.0,12228,423595010.0,16053,3460.0,63,3459.0,99,nan,0,nan,0,nan,0,nan,0,nan,0,nan,0,nan,0,nan,0
1597989917826714880,1597989918428999936,2020-08-21 14:05:18.429000,3460.0,3470.0,3458.0,3460.0,nan,3464.0,12291,425774810.0,16025,3461.0,26,3460.0,49,nan,0,nan,0,nan,0,nan,0,nan,0,nan,0,nan,0,nan,0
1597989918321478912,1597989918918999808,2020-08-21 14:05:18.919000,3461.0,3470.0,3458.0,3460.0,nan,3464.0,12297,425982470.0,16024,3462.0,42,3461.0,5,nan,0,nan,0,nan,0,nan,0,nan,0,nan,0,nan,0,nan,0
1597989918827916032,1597989919440000000,2020-08-21 14:05:19.440000,3461.0,3470.0,3458.0,3460.0,nan,3464.0,12297,425982470.0,16024,3462.0,47,3461.0,12,nan,0,nan,0,nan,0,nan,0,nan,0,nan,0,nan,0,nan,0
1597989919336188928,1597989919901999872,2020-08-21 14:05:19.902000,3461.0,3470.0,3458.0,3460.0,nan,3464.0,12297,425982470.0,16024,3462.0,52,3461.0,12,nan,0,nan,0,nan,0,nan,0,nan,0,nan,0,nan,0,nan,0
1597989919830234112,1597989920436000000,2020-08-21 14:05:20.436000,3461.0,3470.0,3458.0,3460.0,nan,3464.0,12297,425982470.0,16024,3462.0,62,3461.0,12,nan,0,nan,0,nan,0,nan,0,nan,0,nan,0,nan,0,nan,0
1597989922319459072,1597989922928999936,2020-08-21 14:05:22.929000,3461.0,3470.0,3458.0,3460.0,nan,3464.0,12297,425982470.0,16024,3462.0,67,3461.0,12,nan,0,nan,0,nan,0,nan,0,nan,0,nan,0,nan,0,nan,0
1597989922833467904,1597989923436000000,2020-08-21 14:05:23.436000,3461.0,3470.0,3458.0,3460.0,nan,3464.0,12297,425982470.0,16024,3462.0,92,3461.0,32,nan,0,nan,0,nan,0,nan,0,nan,0,nan,0,nan,0,nan,0
1597989923321876992,1597989923908999936,2020-08-21 14:05:23.909000,3461.0,3470.0,3458.0,3460.0,nan,3464.0,12297,425982470.0,16024,3462.0,95,3461.0,57,nan,0,nan,0,nan,0,nan,0,nan,0,nan,0,nan,0,nan,0
1597989923824612096,1597989924417999872,2020-08-21 14:05:24.418000,3461.0,3470.0,3458.0,3460.0,nan,3464.0,12297,425982470.0,16024,3462.0,95,3461.0,62,nan,0,nan,0,nan,0,nan,0,nan,0,nan,0,nan,0,nan,0
1597989927821411072,1597989928427000064,2020-08-21 14:05:28.427000,3462.0,3470.0,3458.0,3460.0,nan,3464.0,12302,426155570.0,16019,3462.0,95,3461.0,62,nan,0,nan,0,nan,0,nan,0,nan,0,nan,0,nan,0,nan,0
1597989930320368128,1597989930936000000,2020-08-21 14:05:30.936000,3462.0,3470.0,3458.0,3460.0,nan,3464.0,12302,426155570.0,16019,3462.0,105,3461.0,62,nan,0,nan,0,nan,0,nan,0,nan,0,nan,0,nan,0,nan,0
1597989942817654016,1597989943436000000,2020-08-21 14:05:43.436000,3462.0,3470.0,3458.0,3460.0,nan,3464.0,12302,426155570.0,16019,3462.0,106,3461.0,62,nan,0,nan,0,nan,0,nan,0,nan,0,nan,0,nan,0,nan,0
1597989950326921984,1597989950936000000,2020-08-21 14:05:50.936000,3462.0,3470.0,3458.0,3460.0,nan,3464.0,12302,426155570.0,16019,3462.0,107,3461.0,62,nan,0,nan,0,nan,0,nan,0,nan,0,nan,0,nan,0,nan,0
1597989958321568000,1597989958940000000,2020-08-21 14:05:58.940000,3462.0,3470.0,3458.0,3460.0,nan,3464.0,12302,426155570.0,16019,3462.0,108,3461.0,62,nan,0,nan,0,nan,0,nan,0,nan,0,nan,0,nan,0,nan,0
1597989958817367040,1597989959434000128,2020-08-21 14:05:59.434000,3462.0,3470.0,3458.0,3460.0,nan,3464.0,12302,426155570.0,16019,3462.0,108,3461.0,67,nan,0,nan,0,nan,0,nan,0,nan,0,nan,0,nan,0,nan,0
1597989974328602880,1597989974928999936,2020-08-21 14:06:14.929000,3462.0,3470.0,3458.0,3460.0,nan,3464.0,12302,426155570.0,16019,3462.0,101,3461.0,67,nan,0,nan,0,nan,0,nan,0,nan,0,nan,0,nan,0,nan,0
1597989974819255040,1597989975440999936,2020-08-21 14:06:15.441000,3462.0,3470.0,3458.0,3460.0,nan,3464.0,12302,426155570.0,16019,3462.0,91,3461.0,72,nan,0,nan,0,nan,0,nan,0,nan,0,nan,0,nan,0,nan,0
1597989983324105984,1597989983888999936,2020-08-21 14:06:23.889000,3462.0,3470.0,3458.0,3460.0,nan,3464.0,12302,426155570.0,16019,3462.0,92,3461.0,72,nan,0,nan,0,nan,0,nan,0,nan,0,nan,0,nan,0,nan,0
1597989983830552064,1597989984438999808,2020-08-21 14:06:24.439000,3462.0,3470.0,3458.0,3460.0,nan,3464.0,12302,426155570.0,16019,3462.0,97,3461.0,72,nan,0,nan,0,nan,0,nan,0,nan,0,nan,0,nan,0,nan,0
1597990020320060928,1597990020933000192,2020-08-21 14:07:00.933000,3462.0,3470.0,3458.0,3460.0,nan,3464.0,12302,426155570.0,16019,3462.0,97,3461.0,77,nan,0,nan,0,nan,0,nan,0,nan,0,nan,0,nan,0,nan,0
1597990024329528064,1597990024885999872,2020-08-21 14:07:04.886000,3462.0,3470.0,3458.0,3460.0,nan,3464.0,12302,426155570.0,16019,3462.0,98,3461.0,77,nan,0,nan,0,nan,0,nan,0,nan,0,nan,0,nan,0,nan,0
1597990028318978048,1597990028936999936,2020-08-21 14:07:08.937000,3462.0,3470.0,3458.0,3460.0,nan,3464.0,12302,426155570.0,16019,3462.0,98,3461.0,72,nan,0,nan,0,nan,0,nan,0,nan,0,nan,0,nan,0,nan,0
1597990029320195072,1597990029938999808,2020-08-21 14:07:09.939000,3462.0,3470.0,3458.0,3460.0,nan,3464.0,12302,426155570.0,16019,3462.0,98,3461.0,77,nan,0,nan,0,nan,0,nan,0,nan,0,nan,0,nan,0,nan,0
1597990046822935040,1597990047396000000,2020-08-21 14:07:27.396000,3462.0,3470.0,3458.0,3460.0,nan,3464.0,12302,426155570.0,16019,3462.0,98,3461.0,72,nan,0,nan,0,nan,0,nan,0,nan,0,nan,0,nan,0,nan,0
1597990047322354944,1597990047938999808,2020-08-21 14:07:27.939000,3462.0,3470.0,3458.0,3460.0,nan,3464.0,12302,426155570.0,16019,3462.0,103,3461.0,77,nan,0,nan,0,nan,0,nan,0,nan,0,nan,0,nan,0,nan,0
1597990114316477952,1597990114938999808,2020-08-21 14:08:34.939000,3461.0,3470.0,3458.0,3460.0,nan,3464.0,12305,426259400.0,16016,3462.0,103,3461.0,74,nan,0,nan,0,nan,0,nan,0,nan,0,nan,0,nan,0,nan,0
1597990138824752896,1597990139440000000,2020-08-21 14:08:59.440000,3462.0,3470.0,3458.0,3460.0,nan,3464.0,12306,426294020.0,16016,3462.0,102,3461.0,74,nan,0,nan,0,nan,0,nan,0,nan,0,nan,0,nan,0,nan,0
1597990146321414912,1597990146928999936,2020-08-21 14:09:06.929000,3462.0,3470.0,3458.0,3460.0,nan,3464.0,12307,426328640.0,16016,3462.0,101,3461.0,74,nan,0,nan,0,nan,0,nan,0,nan,0,nan,0,nan,0,nan,0
1597990183327433984,1597990183936999936,2020-08-21 14:09:43.937000,3462.0,3470.0,3458.0,3460.0,nan,3464.0,12307,426328640.0,16016,3462.0,101,3461.0,75,nan,0,nan,0,nan,0,nan,0,nan,0,nan,0,nan,0,nan,0
1597990187824779008,1597990188431000064,2020-08-21 14:09:48.431000,3461.0,3470.0,3458.0,3460.0,nan,3464.0,12308,426363250.0,16015,3462.0,101,3461.0,74,nan,0,nan,0,nan,0,nan,0,nan,0,nan,0,nan,0,nan,0
1597990215338309888,1597990215908999936,2020-08-21 14:10:15.909000,3461.0,3470.0,3458.0,3460.0,nan,3464.0,12309,426397860.0,16014,3462.0,106,3461.0,73,nan,0,nan,0,nan,0,nan,0,nan,0,nan,0,nan,0,nan,0
1597990217825196032,1597990218434000128,2020-08-21 14:10:18.434000,3461.0,3470.0,3458.0,3460.0,nan,3464.0,12310,426432470.0,16014,3462.0,106,3461.0,72,nan,0,nan,0,nan,0,nan,0,nan,0,nan,0,nan,0,nan,0
1597990231326162944,1597990231879000064,2020-08-21 14:10:31.879000,3461.0,3470.0,3458.0,3460.0,nan,3464.0,12310,426432470.0,16014,3462.0,106,3461.0,77,nan,0,nan,0,nan,0,nan,0,nan,0,nan,0,nan,0,nan,0
1597990247318694912,1597990247935000064,2020-08-21 14:10:47.935000,3461.0,3470.0,3458.0,3460.0,nan,3464.0,12310,426432470.0,16014,3462.0,106,3461.0,78,nan,0,nan,0,nan,0,nan,0,nan,0,nan,0,nan,0,nan,0
1597990258817944064,1597990259432000000,2020-08-21 14:10:59.432000,3461.0,3470.0,3458.0,3460.0,nan,3464.0,12310,426432470.0,16014,3462.0,106,3461.0,79,nan,0,nan,0,nan,0,nan,0,nan,0,nan,0,nan,0,nan,0
1597990263824526080,1597990264436999936,2020-08-21 14:11:04.437000,3461.0,3470.0,3458.0,3460.0,nan,3464.0,12315,426605520.0,16014,3462.0,106,3461.0,73,nan,0,nan,0,nan,0,nan,0,nan,0,nan,0,nan,0,nan,0
1597990264332051968,1597990264933000192,2020-08-21 14:11:04.933000,3461.0,3470.0,3458.0,3460.0,nan,3464.0,12315,426605520.0,16014,3462.0,101,3461.0,63,nan,0,nan,0,nan,0,nan,0,nan,0,nan,0,nan,0,nan,0
1597990264816044032,1597990265416999936,2020-08-21 14:11:05.417000,3461.0,3470.0,3458.0,3460.0,nan,3464.0,12315,426605520.0,16014,3462.0,106,3461.0,69,nan,0,nan,0,nan,0,nan,0,nan,0,nan,0,nan,0,nan,0
1597990290342434048,1597990290940000000,2020-08-21 14:11:30.940000,3461.0,3470.0,3458.0,3460.0,nan,3464.0,12323,426882400.0,16012,3462.0,86,3461.0,44,nan,0,nan,0,nan,0,nan,0,nan,0,nan,0,nan,0,nan,0
1597990290846441984,1597990291436000000,2020-08-21 14:11:31.436000,3461.0,3470.0,3458.0,3460.0,nan,3464.0,12323,426882400.0,16012,3462.0,81,3461.0,47,nan,0,nan,0,nan,0,nan,0,nan,0,nan,0,nan,0,nan,0
1597990291329996032,1597990291936000000,2020-08-21 14:11:31.936000,3461.0,3470.0,3458.0,3460.0,nan,3464.0,12323,426882400.0,16012,3462.0,86,3461.0,49,nan,0,nan,0,nan,0,nan,0,nan,0,nan,0,nan,0,nan,0
1597990291815059968,1597990292391000064,2020-08-21 14:11:32.391000,3461.0,3470.0,3458.0,3460.0,nan,3464.0,12323,426882400.0,16012,3462.0,91,3461.0,54,nan,0,nan,0,nan,0,nan,0,nan,0,nan,0,nan,0,nan,0
1597990294825691904,1597990295438999808,2020-08-21 14:11:35.439000,3461.0,3470.0,3458.0,3460.0,nan,3464.0,12323,426882400.0,16012,3462.0,96,3461.0,59,nan,0,nan,0,nan,0,nan,0,nan,0,nan,0,nan,0,nan,0
1597990295324719104,1597990295934000128,2020-08-21 14:11:35.934000,3461.0,3470.0,3458.0,3460.0,nan,3464.0,12323,426882400.0,16012,3462.0,106,3461.0,74,nan,0,nan,0,nan,0,nan,0,nan,0,nan,0,nan,0,nan,0
1597990296320794880,1597990296934000128,2020-08-21 14:11:36.934000,3461.0,3470.0,3458.0,3460.0,nan,3464.0,12323,426882400.0,16012,3462.0,108,3461.0,74,nan,0,nan,0,nan,0,nan,0,nan,0,nan,0,nan,0,nan,0
1597990300884660992,1597990301438999808,2020-08-21 14:11:41.439000,3461.0,3470.0,3458.0,3460.0,nan,3464.0,12323,426882400.0,16012,3462.0,108,3461.0,75,nan,0,nan,0,nan,0,nan,0,nan,0,nan,0,nan,0,nan,0
1597990331814097920,1597990332436999936,2020-08-21 14:12:12.437000,3461.0,3470.0,3458.0,3460.0,nan,3464.0,12323,426882400.0,16012,3462.0,107,3461.0,75,nan,0,nan,0,nan,0,nan,0,nan,0,nan,0,nan,0,nan,0
1597990332315689984,1597990332908999936,2020-08-21 14:12:12.909000,3461.0,3470.0,3458.0,3460.0,nan,3464.0,12325,426951620.0,16012,3462.0,102,3461.0,69,nan,0,nan,0,nan,0,nan,0,nan,0,nan,0,nan,0,nan,0
1597990359323492096,1597990359926000128,2020-08-21 14:12:39.926000,3461.0,3470.0,3458.0,3460.0,nan,3464.0,12326,426986230.0,16012,3462.0,102,3461.0,68,nan,0,nan,0,nan,0,nan,0,nan,0,nan,0,nan,0,nan,0
1597990360815987968,1597990361404000000,2020-08-21 14:12:41.404000,3461.0,3470.0,3458.0,3460.0,nan,3464.0,12327,427020840.0,16013,3462.0,102,3461.0,67,nan,0,nan,0,nan,0,nan,0,nan,0,nan,0,nan,0,nan,0
1597990407325014016,1597990407924000000,2020-08-21 14:13:27.924000,3461.0,3470.0,3458.0,3460.0,nan,3464.0,12327,427020840.0,16013,3462.0,92,3461.0,67,nan,0,nan,0,nan,0,nan,0,nan,0,nan,0,nan,0,nan,0
1597990407824370944,1597990408438999808,2020-08-21 14:13:28.439000,3461.0,3470.0,3458.0,3460.0,nan,3464.0,12327,427020840.0,16013,3462.0,97,3461.0,72,nan,0,nan,0,nan,0,nan,0,nan,0,nan,0,nan,0,nan,0
1597990417338877952,1597990417897000192,2020-08-21 14:13:37.897000,3461.0,3470.0,3458.0,3460.0,nan,3464.0,12327,427020840.0,16013,3462.0,97,3461.0,86,nan,0,nan,0,nan,0,nan,0,nan,0,nan,0,nan,0,nan,0
1597990446322822912,1597990446932000000,2020-08-21 14:14:06.932000,3462.0,3470.0,3458.0,3460.0,nan,3464.0,12328,427055460.0,16013,3462.0,96,3461.0,86,nan,0,nan,0,nan,0,nan,0,nan,0,nan,0,nan,0,nan,0
1597990465820975104,1597990466440999936,2020-08-21 14:14:26.441000,3462.0,3470.0,3458.0,3460.0,nan,3464.0,12328,427055460.0,16013,3462.0,96,3461.0,72,nan,0,nan,0,nan,0,nan,0,nan,0,nan,0,nan,0,nan,0
1597990485323279104,1597990485936999936,2020-08-21 14:14:45.937000,3462.0,3470.0,3458.0,3460.0,nan,3464.0,12328,427055460.0,16013,3462.0,96,3461.0,73,nan,0,nan,0,nan,0,nan,0,nan,0,nan,0,nan,0,nan,0
1597990495816131072,1597990496440000000,2020-08-21 14:14:56.440000,3462.0,3470.0,3458.0,3460.0,nan,3464.0,12328,427055460.0,16013,3462.0,96,3461.0,71,nan,0,nan,0,nan,0,nan,0,nan,0,nan,0,nan,0,nan,0
1597990496822694912,1597990497436000000,2020-08-21 14:14:57.436000,3462.0,3470.0,3458.0,3460.0,nan,3464.0,12328,427055460.0,16013,3462.0,96,3461.0,76,nan,0,nan,0,nan,0,nan,0,nan,0,nan,0,nan,0,nan,0
1597990518821861888,1597990519424999936,2020-08-21 14:15:19.425000,3462.0,3470.0,3458.0,3460.0,nan,3464.0,12328,427055460.0,16013,3462.0,96,3461.0,71,nan,0,nan,0,nan,0,nan,0,nan,0,nan,0,nan,0,nan,0
1597990535321762048,1597990535923000064,2020-08-21 14:15:35.923000,3462.0,3470.0,3458.0,3460.0,nan,3464.0,12328,427055460.0,16013,3462.0,99,3461.0,71,nan,0,nan,0,nan,0,nan,0,nan,0,nan,0,nan,0,nan,0
1597990552423271936,1597990552928999936,2020-08-21 14:15:52.929000,3462.0,3470.0,3458.0,3460.0,nan,3464.0,12328,427055460.0,16013,3462.0,99,3461.0,72,nan,0,nan,0,nan,0,nan,0,nan,0,nan,0,nan,0,nan,0
1597990557334106112,1597990557940000000,2020-08-21 14:15:57.940000,3462.0,3470.0,3458.0,3460.0,nan,3464.0,12328,427055460.0,16013,3462.0,115,3461.0,72,nan,0,nan,0,nan,0,nan,0,nan,0,nan,0,nan,0,nan,0
1597990563330137088,1597990563933000192,2020-08-21 14:16:03.933000,3460.0,3470.0,3458.0,3460.0,nan,3464.0,12403,429651160.0,16009,3461.0,15,3460.0,117,nan,0,nan,0,nan,0,nan,0,nan,0,nan,0,nan,0,nan,0
1597990563867853056,1597990564436000000,2020-08-21 14:16:04.436000,3460.0,3470.0,3458.0,3460.0,nan,3464.0,12403,429651160.0,16009,3461.0,18,3460.0,112,nan,0,nan,0,nan,0,nan,0,nan,0,nan,0,nan,0,nan,0
1597990564393882880,1597990564940999936,2020-08-21 14:16:04.941000,3460.0,3470.0,3458.0,3460.0,nan,3464.0,12403,429651160.0,16009,3461.0,20,3460.0,117,nan,0,nan,0,nan,0,nan,0,nan,0,nan,0,nan,0,nan,0
1597990565465218048,1597990565936999936,2020-08-21 14:16:05.937000,3460.0,3470.0,3458.0,3460.0,nan,3464.0,12403,429651160.0,16009,3461.0,20,3460.0,122,nan,0,nan,0,nan,0,nan,0,nan,0,nan,0,nan,0,nan,0
1597990565894238976,1597990566438999808,2020-08-21 14:16:06.439000,3460.0,3470.0,3458.0,3460.0,nan,3464.0,12403,429651160.0,16009,3461.0,25,3460.0,122,nan,0,nan,0,nan,0,nan,0,nan,0,nan,0,nan,0,nan,0
1597990566379728896,1597990566940000000,2020-08-21 14:16:06.940000,3460.0,3470.0,3458.0,3460.0,nan,3464.0,12403,429651160.0,16009,3461.0,30,3460.0,132,nan,0,nan,0,nan,0,nan,0,nan,0,nan,0,nan,0,nan,0
1597990566967764992,1597990567424000000,2020-08-21 14:16:07.424000,3460.0,3470.0,3458.0,3460.0,nan,3464.0,12403,429651160.0,16009,3461.0,40,3460.0,132,nan,0,nan,0,nan,0,nan,0,nan,0,nan,0,nan,0,nan,0
1597990567452685056,1597990567940000000,2020-08-21 14:16:07.940000,3460.0,3470.0,3458.0,3460.0,nan,3464.0,12403,429651160.0,16009,3461.0,40,3460.0,137,nan,0,nan,0,nan,0,nan,0,nan,0,nan,0,nan,0,nan,0
1597990568404050944,1597990568928999936,2020-08-21 14:16:08.929000,3460.0,3470.0,3458.0,3460.0,nan,3464.0,12408,429824160.0,16008,3461.0,50,3460.0,157,nan,0,nan,0,nan,0,nan,0,nan,0,nan,0,nan,0,nan,0
1597990569361315072,1597990569940999936,2020-08-21 14:16:09.941000,3460.0,3470.0,3458.0,3460.0,nan,3464.0,12408,429824160.0,16008,3461.0,55,3460.0,157,nan,0,nan,0,nan,0,nan,0,nan,0,nan,0,nan,0,nan,0
1597990570421780992,1597990570934000128,2020-08-21 14:16:10.934000,3461.0,3470.0,3458.0,3460.0,nan,3464.0,12409,429858770.0,16008,3461.0,54,3460.0,157,nan,0,nan,0,nan,0,nan,0,nan,0,nan,0,nan,0,nan,0
1597990584822781952,1597990585433000192,2020-08-21 14:16:25.433000,3461.0,3470.0,3458.0,3460.0,nan,3464.0,12409,429858770.0,16008,3461.0,54,3460.0,158,nan,0,nan,0,nan,0,nan,0,nan,0,nan,0,nan,0,nan,0
1597990596325956096,1597990596915000064,2020-08-21 14:16:36.915000,3461.0,3470.0,3458.0,3460.0,nan,3464.0,12409,429858770.0,16008,3461.0,54,3460.0,159,nan,0,nan,0,nan,0,nan,0,nan,0,nan,0,nan,0,nan,0
1597990596837372928,1597990597435000064,2020-08-21 14:16:37.435000,3461.0,3470.0,3458.0,3460.0,nan,3464.0,12409,429858770.0,16008,3461.0,59,3460.0,159,nan,0,nan,0,nan,0,nan,0,nan,0,nan,0,nan,0,nan,0
1597990601318011904,1597990601931000064,2020-08-21 14:16:41.931000,3461.0,3470.0,3458.0,3460.0,nan,3464.0,12409,429858770.0,16008,3461.0,62,3460.0,159,nan,0,nan,0,nan,0,nan,0,nan,0,nan,0,nan,0,nan,0
1597990613335357952,1597990613931000064,2020-08-21 14:16:53.931000,3461.0,3470.0,3458.0,3460.0,nan,3464.0,12409,429858770.0,16008,3461.0,62,3460.0,154,nan,0,nan,0,nan,0,nan,0,nan,0,nan,0,nan,0,nan,0
1597990627325297920,1597990627938999808,2020-08-21 14:17:07.939000,3461.0,3470.0,3458.0,3460.0,nan,3464.0,12409,429858770.0,16008,3461.0,62,3460.0,159,nan,0,nan,0,nan,0,nan,0,nan,0,nan,0,nan,0,nan,0
1597990627827324928,1597990628436000000,2020-08-21 14:17:08.436000,3461.0,3470.0,3458.0,3460.0,nan,3464.0,12409,429858770.0,16008,3461.0,62,3460.0,164,nan,0,nan,0,nan,0,nan,0,nan,0,nan,0,nan,0,nan,0
1597990635838152960,1597990636436000000,2020-08-21 14:17:16.436000,3460.0,3470.0,3458.0,3460.0,nan,3464.0,12413,429997170.0,16004,3461.0,62,3460.0,160,nan,0,nan,0,nan,0,nan,0,nan,0,nan,0,nan,0,nan,0
1597990638813138944,1597990639424999936,2020-08-21 14:17:19.425000,3460.0,3470.0,3458.0,3460.0,nan,3464.0,12413,429997170.0,16004,3461.0,59,3460.0,160,nan,0,nan,0,nan,0,nan,0,nan,0,nan,0,nan,0,nan,0
1597990642823278080,1597990643424000000,2020-08-21 14:17:23.424000,3460.0,3470.0,3458.0,3460.0,nan,3464.0,12416,430100970.0,16004,3461.0,59,3460.0,160,nan,0,nan,0,nan,0,nan,0,nan,0,nan,0,nan,0,nan,0
1597990645824780032,1597990646436999936,2020-08-21 14:17:26.437000,3460.0,3470.0,3458.0,3460.0,nan,3464.0,12416,430100970.0,16004,3461.0,64,3460.0,160,nan,0,nan,0,nan,0,nan,0,nan,0,nan,0,nan,0,nan,0
1597990666816908032,1597990667387000064,2020-08-21 14:17:47.387000,3461.0,3470.0,3458.0,3460.0,nan,3464.0,12417,430135580.0,16004,3461.0,63,3460.0,160,nan,0,nan,0,nan,0,nan,0,nan,0,nan,0,nan,0,nan,0
1597990667323930112,1597990667936999936,2020-08-21 14:17:47.937000,3460.0,3470.0,3458.0,3460.0,nan,3464.0,12423,430343180.0,16000,3461.0,63,3460.0,151,nan,0,nan,0,nan,0,nan,0,nan,0,nan,0,nan,0,nan,0
1597990677821754112,1597990678432000000,2020-08-21 14:17:58.432000,3460.0,3470.0,3458.0,3460.0,nan,3464.0,12423,430343180.0,16000,3461.0,79,3460.0,151,nan,0,nan,0,nan,0,nan,0,nan,0,nan,0,nan,0,nan,0
1597990681332302080,1597990681936000000,2020-08-21 14:18:01.936000,3461.0,3470.0,3458.0,3460.0,nan,3464.0,12424,430377790.0,16000,3461.0,78,3460.0,151,nan,0,nan,0,nan,0,nan,0,nan,0,nan,0,nan,0,nan,0
1597990696330170112,1597990696938999808,2020-08-21 14:18:16.939000,3461.0,3470.0,3458.0,3460.0,nan,3464.0,12425,430412400.0,16000,3461.0,77,3460.0,151,nan,0,nan,0,nan,0,nan,0,nan,0,nan,0,nan,0,nan,0
1597990696826319104,1597990697420000000,2020-08-21 14:18:17.420000,3461.0,3470.0,3458.0,3460.0,nan,3464.0,12425,430412400.0,16000,3461.0,82,3460.0,156,nan,0,nan,0,nan,0,nan,0,nan,0,nan,0,nan,0,nan,0
1597990711821934080,1597990712435000064,2020-08-21 14:18:32.435000,3461.0,3470.0,3458.0,3460.0,nan,3464.0,12426,430447010.0,16000,3461.0,81,3460.0,156,nan,0,nan,0,nan,0,nan,0,nan,0,nan,0,nan,0,nan,0
1597990713314949888,1597990713934000128,2020-08-21 14:18:33.934000,3461.0,3470.0,3458.0,3460.0,nan,3464.0,12426,430447010.0,16000,3461.0,81,3460.0,157,nan,0,nan,0,nan,0,nan,0,nan,0,nan,0,nan,0,nan,0
1597990717814516992,1597990718433000192,2020-08-21 14:18:38.433000,3461.0,3470.0,3458.0,3460.0,nan,3464.0,12426,430447010.0,16000,3461.0,81,3460.0,152,nan,0,nan,0,nan,0,nan,0,nan,0,nan,0,nan,0,nan,0
1597990728814384896,1597990729401999872,2020-08-21 14:18:49.402000,3461.0,3470.0,3458.0,3460.0,nan,3464.0,12427,430481620.0,16000,3461.0,80,3460.0,152,nan,0,nan,0,nan,0,nan,0,nan,0,nan,0,nan,0,nan,0
1597990732823841024,1597990733435000064,2020-08-21 14:18:53.435000,3461.0,3470.0,3458.0,3460.0,nan,3464.0,12447,431173820.0,16009,3461.0,60,3460.0,147,nan,0,nan,0,nan,0,nan,0,nan,0,nan,0,nan,0,nan,0
1597990733313579008,1597990733936999936,2020-08-21 14:18:53.937000,3462.0,3470.0,3458.0,3460.0,nan,3464.0,12502,433077420.0,15979,3462.0,45,3461.0,5,nan,0,nan,0,nan,0,nan,0,nan,0,nan,0,nan,0,nan,0
1597990733816047104,1597990734431000064,2020-08-21 14:18:54.431000,3462.0,3470.0,3458.0,3460.0,nan,3464.0,12502,433077420.0,15979,3462.0,40,3461.0,5,nan,0,nan,0,nan,0,nan,0,nan,0,nan,0,nan,0,nan,0
1597990734321469952,1597990734938999808,2020-08-21 14:18:54.939000,3462.0,3470.0,3458.0,3460.0,nan,3464.0,12502,433077420.0,15979,3462.0,45,3461.0,5,nan,0,nan,0,nan,0,nan,0,nan,0,nan,0,nan,0,nan,0
1597990734812762880,1597990735424000000,2020-08-21 14:18:55.424000,3462.0,3470.0,3458.0,3460.0,nan,3464.0,12502,433077420.0,15979,3462.0,50,3461.0,5,nan,0,nan,0,nan,0,nan,0,nan,0,nan,0,nan,0,nan,0
1597990735330650112,1597990735940000000,2020-08-21 14:18:55.940000,3461.0,3470.0,3458.0,3460.0,nan,3464.0,12507,433250470.0,15974,3462.0,50,3460.0,126,nan,0,nan,0,nan,0,nan,0,nan,0,nan,0,nan,0,nan,0
1597990735861884928,1597990736417999872,2020-08-21 14:18:56.418000,3461.0,3470.0,3458.0,3460.0,nan,3464.0,12507,433250470.0,15974,3462.0,55,3460.0,131,nan,0,nan,0,nan,0,nan,0,nan,0,nan,0,nan,0,nan,0
1597990736331275008,1597990736937999872,2020-08-21 14:18:56.938000,3461.0,3470.0,3458.0,3460.0,nan,3464.0,12507,433250470.0,15974,3462.0,65,3460.0,141,nan,0,nan,0,nan,0,nan,0,nan,0,nan,0,nan,0,nan,0
1597990737823667968,1597990738436999936,2020-08-21 14:18:58.437000,3461.0,3470.0,3458.0,3460.0,nan,3464.0,12507,433250470.0,15974,3462.0,70,3460.0,146,nan,0,nan,0,nan,0,nan,0,nan,0,nan,0,nan,0,nan,0
1597990738322635008,1597990738937999872,2020-08-21 14:18:58.938000,3461.0,3470.0,3458.0,3460.0,nan,3464.0,12507,433250470.0,15974,3462.0,85,3460.0,161,nan,0,nan,0,nan,0,nan,0,nan,0,nan,0,nan,0,nan,0
1597990738825665024,1597990739438999808,2020-08-21 14:18:59.439000,3461.0,3470.0,3458.0,3460.0,nan,3464.0,12507,433250470.0,15974,3462.0,90,3460.0,166,nan,0,nan,0,nan,0,nan,0,nan,0,nan,0,nan,0,nan,0
1597990739324080896,1597990739931000064,2020-08-21 14:18:59.931000,3461.0,3470.0,3458.0,3460.0,nan,3464.0,12507,433250470.0,15974,3462.0,96,3460.0,166,nan,0,nan,0,nan,0,nan,0,nan,0,nan,0,nan,0,nan,0
1597990744323646976,1597990744935000064,2020-08-21 14:19:04.935000,3461.0,3470.0,3458.0,3460.0,nan,3464.0,12507,433250470.0,15974,3462.0,101,3460.0,166,nan,0,nan,0,nan,0,nan,0,nan,0,nan,0,nan,0,nan,0
1597990756825896960,1597990757440000000,2020-08-21 14:19:17.440000,3461.0,3470.0,3458.0,3460.0,nan,3464.0,12507,433250470.0,15974,3462.0,116,3460.0,166,nan,0,nan,0,nan,0,nan,0,nan,0,nan,0,nan,0,nan,0
1597990758328079872,1597990758935000064,2020-08-21 14:19:18.935000,3461.0,3470.0,3458.0,3460.0,nan,3464.0,12507,433250470.0,15974,3461.0,1,3460.0,165,nan,0,nan,0,nan,0,nan,0,nan,0,nan,0,nan,0,nan,0
1597990758827853056,1597990759385999872,2020-08-21 14:19:19.386000,3461.0,3470.0,3458.0,3460.0,nan,3464.0,12507,433250470.0,15974,3461.0,16,3460.0,160,nan,0,nan,0,nan,0,nan,0,nan,0,nan,0,nan,0,nan,0
1597990759322949120,1597990759918999808,2020-08-21 14:19:19.919000,3461.0,3470.0,3458.0,3460.0,nan,3464.0,12507,433250470.0,15974,3461.0,21,3460.0,160,nan,0,nan,0,nan,0,nan,0,nan,0,nan,0,nan,0,nan,0
1597990759824254976,1597990760398000128,2020-08-21 14:19:20.398000,3461.0,3470.0,3458.0,3460.0,nan,3464.0,12507,433250470.0,15974,3461.0,41,3460.0,160,nan,0,nan,0,nan,0,nan,0,nan,0,nan,0,nan,0,nan,0
1597990760316102912,1597990760928999936,2020-08-21 14:19:20.929000,3461.0,3470.0,3458.0,3460.0,nan,3464.0,12507,433250470.0,15974,3461.0,51,3460.0,165,nan,0,nan,0,nan,0,nan,0,nan,0,nan,0,nan,0,nan,0
1597990763321850112,1597990763937999872,2020-08-21 14:19:23.938000,3461.0,3470.0,3458.0,3460.0,nan,3464.0,12532,434115720.0,15976,3461.0,5,3460.0,130,nan,0,nan,0,nan,0,nan,0,nan,0,nan,0,nan,0,nan,0
1597990763814682880,1597990764440000000,2020-08-21 14:19:24.440000,3461.0,3470.0,3458.0,3460.0,nan,3464.0,12535,434219550.0,15976,3462.0,66,3460.0,127,nan,0,nan,0,nan,0,nan,0,nan,0,nan,0,nan,0,nan,0
1597990764322846976,1597990764928000000,2020-08-21 14:19:24.928000,3461.0,3470.0,3458.0,3460.0,nan,3464.0,12535,434219550.0,15976,3462.0,76,3460.0,135,nan,0,nan,0,nan,0,nan,0,nan,0,nan,0,nan,0,nan,0
1597990767907836928,1597990768440000000,2020-08-21 14:19:28.440000,3461.0,3470.0,3458.0,3460.0,nan,3464.0,12535,434219550.0,15976,3462.0,81,3460.0,140,nan,0,nan,0,nan,0,nan,0,nan,0,nan,0,nan,0,nan,0
1597990768350366976,1597990768934000128,2020-08-21 14:19:28.934000,3461.0,3470.0,3458.0,3460.0,nan,3464.0,12535,434219550.0,15976,3462.0,101,3460.0,160,nan,0,nan,0,nan,0,nan,0,nan,0,nan,0,nan,0,nan,0
1597990768965209088,1597990769436999936,2020-08-21 14:19:29.437000,3461.0,3470.0,3458.0,3460.0,nan,3464.0,12535,434219550.0,15976,3462.0,106,3460.0,165,nan,0,nan,0,nan,0,nan,0,nan,0,nan,0,nan,0,nan,0
1597990790325260032,1597990790936000000,2020-08-21 14:19:50.936000,3462.0,3470.0,3458.0,3460.0,nan,3464.0,12545,434565750.0,15971,3462.0,93,3461.0,1,nan,0,nan,0,nan,0,nan,0,nan,0,nan,0,nan,0,nan,0
1597990790829179904,1597990791440999936,2020-08-21 14:19:51.441000,3462.0,3470.0,3458.0,3460.0,nan,3464.0,12545,434565750.0,15971,3462.0,83,3461.0,16,nan,0,nan,0,nan,0,nan,0,nan,0,nan,0,nan,0,nan,0
1597990791324409088,1597990791940999936,2020-08-21 14:19:51.941000,3462.0,3470.0,3458.0,3460.0,nan,3464.0,12545,434565750.0,15971,3462.0,88,3461.0,21,nan,0,nan,0,nan,0,nan,0,nan,0,nan,0,nan,0,nan,0
1597990791881262080,1597990792440000000,2020-08-21 14:19:52.440000,3462.0,3470.0,3458.0,3460.0,nan,3464.0,12545,434565750.0,15971,3462.0,88,3461.0,41,nan,0,nan,0,nan,0,nan,0,nan,0,nan,0,nan,0,nan,0
1597990792348614912,1597990792928999936,2020-08-21 14:19:52.929000,3462.0,3470.0,3458.0,3460.0,nan,3464.0,12545,434565750.0,15971,3462.0,88,3461.0,61,nan,0,nan,0,nan,0,nan,0,nan,0,nan,0,nan,0,nan,0
1597990795829297920,1597990796420999936,2020-08-21 14:19:56.421000,3461.0,3470.0,3458.0,3460.0,nan,3464.0,12546,434600360.0,15971,3462.0,89,3461.0,60,nan,0,nan,0,nan,0,nan,0,nan,0,nan,0,nan,0,nan,0
1597990796333251072,1597990796936000000,2020-08-21 14:19:56.936000,3461.0,3470.0,3458.0,3460.0,nan,3464.0,12546,434600360.0,15971,3462.0,89,3461.0,65,nan,0,nan,0,nan,0,nan,0,nan,0,nan,0,nan,0,nan,0
1597990815326309888,1597990815888999936,2020-08-21 14:20:15.889000,3461.0,3470.0,3458.0,3460.0,nan,3464.0,12546,434600360.0,15971,3462.0,86,3461.0,65,nan,0,nan,0,nan,0,nan,0,nan,0,nan,0,nan,0,nan,0
1597990821323040000,1597990821916999936,2020-08-21 14:20:21.917000,3461.0,3470.0,3458.0,3460.0,nan,3464.0,12547,434634970.0,15972,3462.0,86,3461.0,64,nan,0,nan,0,nan,0,nan,0,nan,0,nan,0,nan,0,nan,0
1597990821818853120,1597990822397000192,2020-08-21 14:20:22.397000,3460.0,3470.0,3458.0,3460.0,nan,3464.0,12610,436815350.0,15986,3461.0,35,3460.0,94,nan,0,nan,0,nan,0,nan,0,nan,0,nan,0,nan,0,nan,0
1597990822321870080,1597990822931000064,2020-08-21 14:20:22.931000,3460.0,3470.0,3458.0,3460.0,nan,3464.0,12610,436815350.0,15986,3461.0,40,3460.0,99,nan,0,nan,0,nan,0,nan,0,nan,0,nan,0,nan,0,nan,0
1597990822823693056,1597990823437999872,2020-08-21 14:20:23.438000,3460.0,3470.0,3458.0,3460.0,nan,3464.0,12610,436815350.0,15986,3461.0,45,3460.0,99,nan,0,nan,0,nan,0,nan,0,nan,0,nan,0,nan,0,nan,0
1597990825314501888,1597990825920999936,2020-08-21 14:20:25.921000,3460.0,3470.0,3458.0,3460.0,nan,3464.0,12612,436884550.0,15984,3461.0,50,3460.0,107,nan,0,nan,0,nan,0,nan,0,nan,0,nan,0,nan,0,nan,0
1597990825811185920,1597990826440000000,2020-08-21 14:20:26.440000,3461.0,3470.0,3458.0,3460.0,nan,3464.0,12614,436953770.0,15984,3461.0,53,3460.0,117,nan,0,nan,0,nan,0,nan,0,nan,0,nan,0,nan,0,nan,0
1597990826316444928,1597990826898999808,2020-08-21 14:20:26.899000,3461.0,3470.0,3458.0,3460.0,nan,3464.0,12614,436953770.0,15984,3461.0,58,3460.0,117,nan,0,nan,0,nan,0,nan,0,nan,0,nan,0,nan,0,nan,0
1597990826822201088,1597990827428000000,2020-08-21 14:20:27.428000,3460.0,3470.0,3458.0,3460.0,nan,3464.0,12620,437161370.0,15980,3461.0,78,3460.0,137,nan,0,nan,0,nan,0,nan,0,nan,0,nan,0,nan,0,nan,0
1597990827314155008,1597990827928999936,2020-08-21 14:20:27.929000,3460.0,3470.0,3458.0,3460.0,nan,3464.0,12620,437161370.0,15980,3461.0,78,3460.0,142,nan,0,nan,0,nan,0,nan,0,nan,0,nan,0,nan,0,nan,0
1597990831319549952,1597990831920999936,2020-08-21 14:20:31.921000,3460.0,3470.0,3458.0,3460.0,nan,3464.0,12620,437161370.0,15980,3461.0,78,3460.0,162,nan,0,nan,0,nan,0,nan,0,nan,0,nan,0,nan,0,nan,0
1597990831815825920,1597990832396000000,2020-08-21 14:20:32.396000,3460.0,3470.0,3458.0,3460.0,nan,3464.0,12620,437161370.0,15980,3461.0,83,3460.0,162,nan,0,nan,0,nan,0,nan,0,nan,0,nan,0,nan,0,nan,0
1597990862317761024,1597990862932000000,2020-08-21 14:21:02.932000,3460.0,3470.0,3458.0,3460.0,nan,3464.0,12620,437161370.0,15980,3461.0,117,3460.0,162,nan,0,nan,0,nan,0,nan,0,nan,0,nan,0,nan,0,nan,0
1597990870824210944,1597990871437999872,2020-08-21 14:21:11.438000,3460.0,3470.0,3458.0,3460.0,nan,3464.0,12621,437195970.0,15980,3461.0,117,3460.0,161,nan,0,nan,0,nan,0,nan,0,nan,0,nan,0,nan,0,nan,0
1597990880342315008,1597990880934000128,2020-08-21 14:21:20.934000,3460.0,3470.0,3458.0,3460.0,nan,3464.0,12621,437195970.0,15980,3461.0,117,3460.0,162,nan,0,nan,0,nan,0,nan,0,nan,0,nan,0,nan,0,nan,0
1597990892864411904,1597990893440999936,2020-08-21 14:21:33.441000,3460.0,3470.0,3458.0,3460.0,nan,3464.0,12621,437195970.0,15980,3461.0,167,3460.0,162,nan,0,nan,0,nan,0,nan,0,nan,0,nan,0,nan,0,nan,0
1597990893311942912,1597990893938999808,2020-08-21 14:21:33.939000,3460.0,3470.0,3458.0,3460.0,nan,3464.0,12621,437195970.0,15980,3461.0,177,3460.0,152,nan,0,nan,0,nan,0,nan,0,nan,0,nan,0,nan,0,nan,0
1597990900313627904,1597990900924999936,2020-08-21 14:21:40.925000,3460.0,3470.0,3458.0,3460.0,nan,3464.0,12622,437230570.0,15980,3461.0,177,3460.0,151,nan,0,nan,0,nan,0,nan,0,nan,0,nan,0,nan,0,nan,0
1597990911814674944,1597990912432000000,2020-08-21 14:21:52.432000,3460.0,3470.0,3458.0,3460.0,nan,3464.0,12635,437680370.0,15980,3461.0,177,3460.0,138,nan,0,nan,0,nan,0,nan,0,nan,0,nan,0,nan,0,nan,0
1597990920320527104,1597990920932000000,2020-08-21 14:22:00.932000,3460.0,3470.0,3458.0,3460.0,nan,3464.0,12635,437680370.0,15980,3461.0,177,3460.0,143,nan,0,nan,0,nan,0,nan,0,nan,0,nan,0,nan,0,nan,0
1597990921320071936,1597990921934000128,2020-08-21 14:22:01.934000,3460.0,3470.0,3458.0,3460.0,nan,3464.0,12635,437680370.0,15980,3461.0,177,3460.0,153,nan,0,nan,0,nan,0,nan,0,nan,0,nan,0,nan,0,nan,0
1597990923314667008,1597990923937999872,2020-08-21 14:22:03.938000,3460.0,3470.0,3458.0,3460.0,nan,3464.0,12635,437680370.0,15980,3461.0,177,3460.0,154,nan,0,nan,0,nan,0,nan,0,nan,0,nan,0,nan,0,nan,0
1597990933820532992,1597990934436999936,2020-08-21 14:22:14.437000,3460.0,3470.0,3458.0,3460.0,nan,3464.0,12635,437680370.0,15980,3461.0,177,3460.0,164,nan,0,nan,0,nan,0,nan,0,nan,0,nan,0,nan,0,nan,0
1597990943811250944,1597990944438999808,2020-08-21 14:22:24.439000,3460.0,3470.0,3458.0,3460.0,nan,3464.0,12637,437749570.0,15980,3461.0,177,3460.0,162,nan,0,nan,0,nan,0,nan,0,nan,0,nan,0,nan,0,nan,0
1597990944813527040,1597990945405999872,2020-08-21 14:22:25.406000,3460.0,3470.0,3458.0,3460.0,nan,3464.0,12639,437818770.0,15980,3461.0,177,3460.0,160,nan,0,nan,0,nan,0,nan,0,nan,0,nan,0,nan,0,nan,0
1597990947810891008,1597990948424000000,2020-08-21 14:22:28.424000,3460.0,3470.0,3458.0,3460.0,nan,3464.0,12639,437818770.0,15980,3461.0,143,3460.0,160,nan,0,nan,0,nan,0,nan,0,nan,0,nan,0,nan,0,nan,0
1597990948309222912,1597990948856000000,2020-08-21 14:22:28.856000,3460.0,3470.0,3458.0,3460.0,nan,3464.0,12639,437818770.0,15980,3461.0,138,3460.0,165,nan,0,nan,0,nan,0,nan,0,nan,0,nan,0,nan,0,nan,0
1597990955815885056,1597990956436000000,2020-08-21 14:22:36.436000,3460.0,3470.0,3458.0,3460.0,nan,3464.0,12639,437818770.0,15980,3461.0,138,3460.0,175,nan,0,nan,0,nan,0,nan,0,nan,0,nan,0,nan,0,nan,0
1597990957826300928,1597990958421999872,2020-08-21 14:22:38.422000,3461.0,3470.0,3458.0,3460.0,nan,3464.0,12640,437853380.0,15980,3461.0,137,3460.0,175,nan,0,nan,0,nan,0,nan,0,nan,0,nan,0,nan,0,nan,0
1597990962818020096,1597990963424000000,2020-08-21 14:22:43.424000,3461.0,3470.0,3458.0,3460.0,nan,3464.0,12640,437853380.0,15980,3461.0,87,3460.0,175,nan,0,nan,0,nan,0,nan,0,nan,0,nan,0,nan,0,nan,0
1597990965822100992,1597990966431000064,2020-08-21 14:22:46.431000,3461.0,3470.0,3458.0,3460.0,nan,3464.0,12640,437853380.0,15980,3461.0,121,3460.0,175,nan,0,nan,0,nan,0,nan,0,nan,0,nan,0,nan,0,nan,0
1597990975316232960,1597990975938999808,2020-08-21 14:22:55.939000,3461.0,3470.0,3458.0,3460.0,nan,3464.0,12733,441072110.0,15983,3461.0,19,3460.0,146,nan,0,nan,0,nan,0,nan,0,nan,0,nan,0,nan,0,nan,0
1597990975820324096,1597990976431000064,2020-08-21 14:22:56.431000,3461.0,3470.0,3458.0,3460.0,nan,3464.0,12733,441072110.0,15983,3461.0,14,3460.0,128,nan,0,nan,0,nan,0,nan,0,nan,0,nan,0,nan,0,nan,0
1597990976312068096,1597990976940999936,2020-08-21 14:22:56.941000,3461.0,3470.0,3458.0,3460.0,nan,3464.0,12733,441072110.0,15983,3461.0,24,3460.0,141,nan,0,nan,0,nan,0,nan,0,nan,0,nan,0,nan,0,nan,0
1597990978815563008,1597990979436999936,2020-08-21 14:22:59.437000,3461.0,3470.0,3458.0,3460.0,nan,3464.0,12733,441072110.0,15983,3461.0,24,3460.0,146,nan,0,nan,0,nan,0,nan,0,nan,0,nan,0,nan,0,nan,0
1597990979320054016,1597990979938999808,2020-08-21 14:22:59.939000,3461.0,3470.0,3458.0,3460.0,nan,3464.0,12733,441072110.0,15983,3461.0,44,3460.0,156,nan,0,nan,0,nan,0,nan,0,nan,0,nan,0,nan,0,nan,0
1597990979815518976,1597990980440000000,2020-08-21 14:23:00.440000,3461.0,3470.0,3458.0,3460.0,nan,3464.0,12733,441072110.0,15983,3461.0,44,3460.0,161,nan,0,nan,0,nan,0,nan,0,nan,0,nan,0,nan,0,nan,0
1597990980313572096,1597990980932000000,2020-08-21 14:23:00.932000,3461.0,3470.0,3458.0,3460.0,nan,3464.0,12733,441072110.0,15983,3461.0,64,3460.0,176,nan,0,nan,0,nan,0,nan,0,nan,0,nan,0,nan,0,nan,0
1597990980818298880,1597990981436999936,2020-08-21 14:23:01.437000,3461.0,3470.0,3458.0,3460.0,nan,3464.0,12733,441072110.0,15983,3461.0,69,3460.0,181,nan,0,nan,0,nan,0,nan,0,nan,0,nan,0,nan,0,nan,0
1597990981316339968,1597990981940000000,2020-08-21 14:23:01.940000,3461.0,3470.0,3458.0,3460.0,nan,3464.0,12733,441072110.0,15983,3461.0,69,3460.0,182,nan,0,nan,0,nan,0,nan,0,nan,0,nan,0,nan,0,nan,0
1597990982315185920,1597990982940000000,2020-08-21 14:23:02.940000,3461.0,3470.0,3458.0,3460.0,nan,3463.0,12798,443321760.0,16008,3462.0,26,3461.0,5,nan,0,nan,0,nan,0,nan,0,nan,0,nan,0,nan,0,nan,0
