local_nano_time,quote_nano_time,datetime,last_price,highest,lowest,open,close,average,volume,amount,open_interest,ask_price1,ask_volume1,bid_price1,bid_volume1,ask_price2,ask_volume2,bid_price2,bid_volume2,ask_price3,ask_volume3,bid_price3,bid_volume3,ask_price4,ask_volume4,bid_price4,bid_volume4,ask_price5,ask_volume5,bid_price5,bid_volume5
1597988226623038976,1597988226913000192,2020-08-21 13:37:06.913000,12415.0,12420.0,12280.0,12360.0,nan,12350.212,165876,20486037900.0,209610,12420.0,422,12415.0,135,12425.0,520,12410.0,195,12430.0,430,12405.0,159,12435.0,275,12400.0,225,12440.0,196,12395.0,145
1597988227123102976,1597988227436000000,2020-08-21 13:37:07.436000,12420.0,12420.0,12280.0,12360.0,nan,12350.213,165877,20486162100.0,209611,12420.0,426,12415.0,135,12425.0,520,12410.0,195,12430.0,430,12405.0,159,12435.0,275,12400.0,225,12440.0,196,12395.0,145
1597988227626136064,1597988227936000000,2020-08-21 13:37:07.936000,12415.0,12420.0,12280.0,12360.0,nan,12350.217,165888,20487528250.0,209621,12420.0,416,12415.0,134,12425.0,520,12410.0,195,12430.0,430,12405.0,159,12435.0,275,12400.0,225,12440.0,196,12395.0,145
1597988228116579072,1597988228427000064,2020-08-21 13:37:08.427000,12415.0,12420.0,12280.0,12360.0,nan,12350.217,165888,20487528250.0,209621,12420.0,417,12415.0,133,12425.0,520,12410.0,195,12430.0,430,12405.0,158,12435.0,275,12400.0,225,12440.0,196,12395.0,145
1597988228620595968,1597988228901999872,2020-08-21 13:37:08.902000,12415.0,12420.0,12280.0,12360.0,nan,12350.217,165888,20487528250.0,209621,12420.0,417,12415.0,133,12425.0,521,12410.0,196,12430.0,429,12405.0,159,12435.0,275,12400.0,225,12440.0,196,12395.0,146
1597988229117744128,1597988229431000064,2020-08-21 13:37:09.431000,12415.0,12420.0,12280.0,12360.0,nan,12350.217,165888,20487528250.0,209621,12420.0,419,12415.0,135,12425.0,521,12410.0,196,12430.0,429,12405.0,159,12435.0,275,12400.0,224,12440.0,196,12395.0,146
1597988229619252992,1597988229932000000,2020-08-21 13:37:09.932000,12415.0,12420.0,12280.0,12360.0,nan,12350.217,165888,20487528250.0,209621,12420.0,420,12415.0,135,12425.0,521,12410.0,196,12430.0,429,12405.0,159,12435.0,275,12400.0,224,12440.0,196,12395.0,146
1597988230140192000,1597988230432000000,2020-08-21 13:37:10.432000,12415.0,12420.0,12280.0,12360.0,nan,12350.217,165888,20487528250.0,209621,12420.0,421,12415.0,136,12425.0,521,12410.0,196,12430.0,427,12405.0,159,12435.0,275,12400.0,224,12440.0,196,12395.0,146
1597988230626693888,1597988230935000064,2020-08-21 13:37:10.935000,12420.0,12420.0,12280.0,12360.0,nan,12350.223,165901,20489142800.0,209632,12420.0,409,12415.0,135,12425.0,521,12410.0,196,12430.0,427,12405.0,159,12435.0,275,12400.0,224,12440.0,196,12395.0,146
1597988231125920000,1597988231436999936,2020-08-21 13:37:11.437000,12415.0,12420.0,12280.0,12360.0,nan,12350.223,165902,20489266950.0,209632,12420.0,409,12415.0,167,12425.0,521,12410.0,196,12430.0,427,12405.0,159,12435.0,275,12400.0,224,12440.0,196,12395.0,146
1597988231625565952,1597988231910000128,2020-08-21 13:37:11.910000,12415.0,12420.0,12280.0,12360.0,nan,12350.224,165905,20489639400.0,209634,12420.0,411,12415.0,166,12425.0,521,12410.0,196,12430.0,427,12405.0,159,12435.0,275,12400.0,224,12440.0,196,12395.0,146
1597988232127290112,1597988232423000064,2020-08-21 13:37:12.423000,12420.0,12420.0,12280.0,12360.0,nan,12350.225,165906,20489763600.0,209635,12420.0,412,12415.0,166,12425.0,521,12410.0,196,12430.0,427,12405.0,159,12435.0,275,12400.0,224,12440.0,196,12395.0,146
1597988232632605952,1597988232932000000,2020-08-21 13:37:12.932000,12420.0,12420.0,12280.0,12360.0,nan,12350.225,165906,20489763600.0,209635,12420.0,414,12415.0,166,12425.0,521,12410.0,196,12430.0,427,12405.0,159,12435.0,275,12400.0,224,12440.0,196,12395.0,146
1597988233121238016,1597988233405999872,2020-08-21 13:37:13.406000,12420.0,12420.0,12280.0,12360.0,nan,12350.225,165906,20489763600.0,209635,12420.0,414,12415.0,166,12425.0,521,12410.0,196,12430.0,427,12405.0,159,12435.0,255,12400.0,225,12440.0,196,12395.0,146
1597988233629302016,1597988233912000000,2020-08-21 13:37:13.912000,12420.0,12420.0,12280.0,12360.0,nan,12350.228,165915,20490881400.0,209635,12420.0,405,12415.0,166,12425.0,521,12410.0,197,12430.0,427,12405.0,159,12435.0,255,12400.0,225,12440.0,196,12395.0,147
1597988234141481984,1597988234427000064,2020-08-21 13:37:14.427000,12415.0,12420.0,12280.0,12360.0,nan,12350.23,165918,20491253850.0,209635,12420.0,407,12415.0,163,12425.0,521,12410.0,197,12430.0,427,12405.0,159,12435.0,255,12400.0,225,12440.0,196,12395.0,147
1597988234624734976,1597988234937999872,2020-08-21 13:37:14.938000,12415.0,12420.0,12280.0,12360.0,nan,12350.23,165919,20491378000.0,209636,12420.0,407,12415.0,162,12425.0,521,12410.0,196,12430.0,427,12405.0,159,12435.0,255,12400.0,225,12440.0,196,12395.0,147
1597988235131449088,1597988235413000192,2020-08-21 13:37:15.413000,12420.0,12420.0,12280.0,12360.0,nan,12350.231,165922,20491750500.0,209636,12420.0,406,12415.0,160,12425.0,520,12410.0,197,12430.0,427,12405.0,159,12435.0,255,12400.0,220,12440.0,196,12395.0,147
1597988235660457984,1597988235905999872,2020-08-21 13:37:15.906000,12420.0,12420.0,12280.0,12360.0,nan,12350.232,165923,20491874700.0,209637,12420.0,405,12415.0,160,12425.0,520,12410.0,197,12430.0,427,12405.0,159,12435.0,255,12400.0,220,12440.0,196,12395.0,147
1597988236115447040,1597988236432000000,2020-08-21 13:37:16.432000,12415.0,12420.0,12280.0,12360.0,nan,12350.233,165926,20492247250.0,209639,12420.0,405,12415.0,159,12425.0,520,12410.0,197,12430.0,427,12405.0,159,12435.0,255,12400.0,220,12440.0,196,12395.0,147
1597988236619226112,1597988236918999808,2020-08-21 13:37:16.919000,12420.0,12420.0,12280.0,12360.0,nan,12350.237,165936,20493489250.0,209644,12420.0,394,12415.0,159,12425.0,520,12410.0,196,12430.0,427,12405.0,159,12435.0,252,12400.0,220,12440.0,196,12395.0,147
1597988237129672960,1597988237435000064,2020-08-21 13:37:17.435000,12415.0,12420.0,12280.0,12360.0,nan,12350.247,165959,20496345650.0,209661,12420.0,377,12415.0,162,12425.0,520,12410.0,196,12430.0,427,12405.0,161,12435.0,252,12400.0,220,12440.0,196,12395.0,147
1597988237639322880,1597988237934000128,2020-08-21 13:37:17.934000,12415.0,12420.0,12280.0,12360.0,nan,12350.248,165962,20496718200.0,209662,12420.0,376,12415.0,161,12425.0,520,12410.0,196,12430.0,429,12405.0,163,12435.0,252,12400.0,220,12440.0,195,12395.0,147
1597988238126287104,1597988238430000128,2020-08-21 13:37:18.430000,12420.0,12420.0,12280.0,12360.0,nan,12350.256,165982,20499201950.0,209670,12420.0,361,12415.0,163,12425.0,520,12410.0,197,12430.0,429,12405.0,164,12435.0,252,12400.0,220,12440.0,195,12395.0,147
1597988238635279872,1597988238932000000,2020-08-21 13:37:18.932000,12415.0,12420.0,12280.0,12360.0,nan,12350.257,165984,20499450300.0,209671,12420.0,360,12415.0,164,12425.0,522,12410.0,197,12430.0,429,12405.0,164,12435.0,252,12400.0,220,12440.0,195,12395.0,147
1597988239130475008,1597988239420999936,2020-08-21 13:37:19.421000,12415.0,12420.0,12280.0,12360.0,nan,12350.257,165984,20499450300.0,209671,12420.0,361,12415.0,167,12425.0,523,12410.0,196,12430.0,429,12405.0,164,12435.0,252,12400.0,220,12440.0,195,12395.0,147
1597988239629862912,1597988239932000000,2020-08-21 13:37:19.932000,12415.0,12420.0,12280.0,12360.0,nan,12350.257,165984,20499450300.0,209671,12420.0,361,12415.0,168,12425.0,523,12410.0,196,12430.0,429,12405.0,164,12435.0,252,12400.0,220,12440.0,195,12395.0,147
1597988240138557952,1597988240416999936,2020-08-21 13:37:20.417000,12420.0,12420.0,12280.0,12360.0,nan,12350.29,166064,20509386300.0,209698,12420.0,281,12415.0,171,12425.0,523,12410.0,196,12430.0,429,12405.0,164,12435.0,252,12400.0,221,12440.0,195,12395.0,147
1597988240627328000,1597988240916000000,2020-08-21 13:37:20.916000,12420.0,12420.0,12280.0,12360.0,nan,12350.293,166071,20510255400.0,209704,12420.0,284,12415.0,174,12425.0,524,12410.0,196,12430.0,430,12405.0,164,12435.0,252,12400.0,221,12440.0,195,12395.0,147
1597988241127589120,1597988241423000064,2020-08-21 13:37:21.423000,12415.0,12420.0,12280.0,12360.0,nan,12350.294,166073,20510503750.0,209704,12420.0,283,12415.0,170,12425.0,524,12410.0,196,12430.0,430,12405.0,164,12435.0,252,12400.0,221,12440.0,195,12395.0,147
1597988241632391936,1597988241936000000,2020-08-21 13:37:21.936000,12415.0,12420.0,12280.0,12360.0,nan,12350.295,166075,20510752050.0,209706,12420.0,284,12415.0,165,12425.0,523,12410.0,197,12430.0,430,12405.0,164,12435.0,252,12400.0,221,12440.0,196,12395.0,147
1597988242139785984,1597988242423000064,2020-08-21 13:37:22.423000,12415.0,12420.0,12280.0,12360.0,nan,12350.295,166075,20510752050.0,209706,12420.0,285,12415.0,168,12425.0,522,12410.0,197,12430.0,430,12405.0,169,12435.0,252,12400.0,221,12440.0,197,12395.0,147
1597988242650891008,1597988242935000064,2020-08-21 13:37:22.935000,12420.0,12420.0,12280.0,12360.0,nan,12350.295,166076,20510876250.0,209706,12420.0,283,12415.0,167,12425.0,522,12410.0,197,12430.0,430,12405.0,168,12435.0,252,12400.0,221,12440.0,197,12395.0,147
1597988243118968064,1597988243432000000,2020-08-21 13:37:23.432000,12420.0,12420.0,12280.0,12360.0,nan,12350.296,166077,20511000450.0,209706,12420.0,277,12415.0,167,12425.0,522,12410.0,197,12430.0,431,12405.0,170,12435.0,252,12400.0,221,12440.0,197,12395.0,147
1597988243629993984,1597988243917999872,2020-08-21 13:37:23.918000,12420.0,12420.0,12280.0,12360.0,nan,12350.296,166078,20511124650.0,209706,12420.0,288,12415.0,167,12425.0,524,12410.0,196,12430.0,431,12405.0,170,12435.0,252,12400.0,221,12440.0,197,12395.0,147
1597988244112865024,1597988244433000192,2020-08-21 13:37:24.433000,12420.0,12420.0,12280.0,12360.0,nan,12350.296,166079,20511248850.0,209706,12420.0,290,12415.0,167,12425.0,524,12410.0,197,12430.0,431,12405.0,170,12435.0,252,12400.0,221,12440.0,197,12395.0,147
1597988244642127872,1597988244932000000,2020-08-21 13:37:24.932000,12415.0,12420.0,12280.0,12360.0,nan,12350.3,166087,20512242050.0,209706,12420.0,292,12415.0,159,12425.0,524,12410.0,197,12430.0,431,12405.0,170,12435.0,252,12400.0,221,12440.0,197,12395.0,147
1597988245133477888,1597988245427000064,2020-08-21 13:37:25.427000,12415.0,12420.0,12280.0,12360.0,nan,12350.3,166087,20512242050.0,209706,12420.0,302,12415.0,159,12425.0,524,12410.0,198,12430.0,431,12405.0,170,12435.0,252,12400.0,221,12440.0,198,12395.0,147
1597988245625409024,1597988245882999808,2020-08-21 13:37:25.883000,12415.0,12420.0,12280.0,12360.0,nan,12350.3,166087,20512242050.0,209706,12420.0,313,12415.0,159,12425.0,524,12410.0,198,12430.0,431,12405.0,170,12435.0,252,12400.0,221,12440.0,198,12395.0,147
1597988246152841984,1597988246423000064,2020-08-21 13:37:26.423000,12415.0,12420.0,12280.0,12360.0,nan,12350.3,166087,20512242050.0,209706,12420.0,315,12415.0,159,12425.0,524,12410.0,198,12430.0,432,12405.0,170,12435.0,252,12400.0,221,12440.0,198,12395.0,147
1597988246664857088,1597988246932000000,2020-08-21 13:37:26.932000,12420.0,12420.0,12280.0,12360.0,nan,12350.3,166089,20512490450.0,209707,12420.0,313,12415.0,161,12425.0,524,12410.0,198,12430.0,433,12405.0,169,12435.0,252,12400.0,221,12440.0,198,12395.0,147
1597988247125882880,1597988247436999936,2020-08-21 13:37:27.437000,12415.0,12420.0,12280.0,12360.0,nan,12350.303,166096,20513359750.0,209712,12420.0,309,12415.0,159,12425.0,524,12410.0,198,12430.0,433,12405.0,169,12435.0,252,12400.0,221,12440.0,198,12395.0,147
1597988247624371968,1597988247912000000,2020-08-21 13:37:27.912000,12415.0,12420.0,12280.0,12360.0,nan,12350.303,166096,20513359750.0,209712,12420.0,310,12415.0,159,12425.0,524,12410.0,197,12430.0,437,12405.0,170,12435.0,252,12400.0,220,12440.0,198,12395.0,147
1597988248151525120,1597988248420999936,2020-08-21 13:37:28.421000,12420.0,12420.0,12280.0,12360.0,nan,12350.304,166097,20513483950.0,209711,12420.0,310,12415.0,161,12425.0,524,12410.0,197,12430.0,437,12405.0,170,12435.0,252,12400.0,221,12440.0,198,12395.0,147
1597988248636080128,1597988248938999808,2020-08-21 13:37:28.939000,12420.0,12420.0,12280.0,12360.0,nan,12350.304,166098,20513608150.0,209711,12420.0,309,12415.0,163,12425.0,524,12410.0,197,12430.0,437,12405.0,170,12435.0,252,12400.0,221,12440.0,198,12395.0,147
1597988249125854976,1597988249420000000,2020-08-21 13:37:29.420000,12420.0,12420.0,12280.0,12360.0,nan,12350.304,166098,20513608150.0,209711,12420.0,311,12415.0,164,12425.0,523,12410.0,197,12430.0,437,12405.0,170,12435.0,256,12400.0,221,12440.0,198,12395.0,147
1597988249637185024,1597988249930000128,2020-08-21 13:37:29.930000,12420.0,12420.0,12280.0,12360.0,nan,12350.305,166099,20513732350.0,209711,12420.0,310,12415.0,164,12425.0,523,12410.0,197,12430.0,437,12405.0,170,12435.0,256,12400.0,221,12440.0,198,12395.0,147
1597988250181811968,1597988250435000064,2020-08-21 13:37:30.435000,12420.0,12420.0,12280.0,12360.0,nan,12350.305,166099,20513732350.0,209711,12420.0,313,12415.0,165,12425.0,523,12410.0,197,12430.0,436,12405.0,170,12435.0,256,12400.0,221,12440.0,202,12395.0,147
1597988250664803072,1597988250933000192,2020-08-21 13:37:30.933000,12420.0,12420.0,12280.0,12360.0,nan,12350.305,166099,20513732350.0,209711,12420.0,314,12415.0,165,12425.0,523,12410.0,198,12430.0,436,12405.0,170,12435.0,256,12400.0,221,12440.0,202,12395.0,147
1597988251144599040,1597988251436000000,2020-08-21 13:37:31.436000,12415.0,12420.0,12280.0,12360.0,nan,12350.305,166101,20513980650.0,209711,12420.0,316,12415.0,163,12425.0,524,12410.0,201,12430.0,436,12405.0,170,12435.0,256,12400.0,221,12440.0,202,12395.0,147
1597988251647574016,1597988251914000128,2020-08-21 13:37:31.914000,12420.0,12420.0,12280.0,12360.0,nan,12350.307,166105,20514477450.0,209711,12420.0,312,12415.0,163,12425.0,524,12410.0,201,12430.0,439,12405.0,170,12435.0,256,12400.0,223,12440.0,202,12395.0,147
1597988252131026944,1597988252421999872,2020-08-21 13:37:32.422000,12420.0,12420.0,12280.0,12360.0,nan,12350.307,166105,20514477450.0,209711,12420.0,312,12415.0,167,12425.0,524,12410.0,201,12430.0,439,12405.0,170,12435.0,256,12400.0,223,12440.0,202,12395.0,147
1597988252638135040,1597988252933000192,2020-08-21 13:37:32.933000,12420.0,12420.0,12280.0,12360.0,nan,12350.307,166105,20514477450.0,209711,12420.0,313,12415.0,168,12425.0,524,12410.0,201,12430.0,439,12405.0,170,12435.0,256,12400.0,224,12440.0,202,12395.0,147
1597988253130694912,1597988253424000000,2020-08-21 13:37:33.424000,12420.0,12420.0,12280.0,12360.0,nan,12350.307,166105,20514477450.0,209711,12420.0,313,12415.0,168,12425.0,524,12410.0,217,12430.0,439,12405.0,170,12435.0,256,12400.0,224,12440.0,202,12395.0,147
1597988253625136128,1597988253898999808,2020-08-21 13:37:33.899000,12420.0,12420.0,12280.0,12360.0,nan,12350.307,166106,20514601650.0,209712,12420.0,312,12415.0,169,12425.0,524,12410.0,217,12430.0,440,12405.0,170,12435.0,256,12400.0,224,12440.0,202,12395.0,147
1597988254117218048,1597988254438999808,2020-08-21 13:37:34.439000,12420.0,12420.0,12280.0,12360.0,nan,12350.31,166112,20515346750.0,209716,12420.0,308,12415.0,167,12425.0,524,12410.0,217,12430.0,440,12405.0,170,12435.0,256,12400.0,224,12440.0,202,12395.0,147
1597988254635313920,1597988254935000064,2020-08-21 13:37:34.935000,12420.0,12420.0,12280.0,12360.0,nan,12350.31,166113,20515470950.0,209716,12420.0,310,12415.0,167,12425.0,524,12410.0,217,12430.0,440,12405.0,170,12435.0,256,12400.0,224,12440.0,202,12395.0,147
1597988255105444096,1597988255433000192,2020-08-21 13:37:35.433000,12420.0,12420.0,12280.0,12360.0,nan,12350.311,166115,20515719300.0,209715,12420.0,314,12415.0,167,12425.0,524,12410.0,217,12430.0,440,12405.0,170,12435.0,256,12400.0,224,12440.0,202,12395.0,147
1597988255617389056,1597988255931000064,2020-08-21 13:37:35.931000,12420.0,12420.0,12280.0,12360.0,nan,12350.315,166126,20517085000.0,209715,12420.0,313,12415.0,162,12425.0,525,12410.0,217,12430.0,439,12405.0,170,12435.0,256,12400.0,225,12440.0,202,12395.0,147
1597988256112152064,1597988256426000128,2020-08-21 13:37:36.426000,12420.0,12420.0,12280.0,12360.0,nan,12350.317,166129,20517457600.0,209715,12420.0,311,12415.0,163,12425.0,525,12410.0,217,12430.0,439,12405.0,170,12435.0,256,12400.0,225,12440.0,202,12395.0,147
1597988256638597888,1597988256924999936,2020-08-21 13:37:36.925000,12415.0,12420.0,12280.0,12360.0,nan,12350.317,166130,20517581750.0,209715,12420.0,311,12415.0,162,12425.0,526,12410.0,217,12430.0,440,12405.0,170,12435.0,256,12400.0,225,12440.0,202,12395.0,147
1597988257136273920,1597988257427000064,2020-08-21 13:37:37.427000,12415.0,12420.0,12280.0,12360.0,nan,12350.317,166130,20517581750.0,209715,12420.0,311,12415.0,163,12425.0,526,12410.0,217,12430.0,450,12405.0,170,12435.0,256,12400.0,225,12440.0,202,12395.0,147
1597988257614403072,1597988257933000192,2020-08-21 13:37:37.933000,12415.0,12420.0,12280.0,12360.0,nan,12350.317,166130,20517581750.0,209715,12420.0,312,12415.0,163,12425.0,526,12410.0,217,12430.0,450,12405.0,170,12435.0,256,12400.0,225,12440.0,202,12395.0,147
1597988258111888896,1597988258416999936,2020-08-21 13:37:38.417000,12415.0,12420.0,12280.0,12360.0,nan,12350.317,166130,20517581750.0,209715,12420.0,312,12415.0,158,12425.0,526,12410.0,217,12430.0,450,12405.0,170,12435.0,256,12400.0,225,12440.0,202,12395.0,147
1597988258606885120,1597988258935000064,2020-08-21 13:37:38.935000,12415.0,12420.0,12280.0,12360.0,nan,12350.317,166130,20517581750.0,209715,12420.0,312,12415.0,158,12425.0,526,12410.0,218,12430.0,450,12405.0,170,12435.0,256,12400.0,225,12440.0,202,12395.0,147
1597988259136564992,1597988259405999872,2020-08-21 13:37:39.406000,12420.0,12420.0,12280.0,12360.0,nan,12350.318,166133,20517954300.0,209716,12420.0,315,12415.0,157,12425.0,527,12410.0,218,12430.0,450,12405.0,170,12435.0,256,12400.0,225,12440.0,202,12395.0,147
1597988259628305920,1597988259921999872,2020-08-21 13:37:39.922000,12420.0,12420.0,12280.0,12360.0,nan,12350.319,166135,20518202700.0,209716,12420.0,314,12415.0,157,12425.0,527,12410.0,218,12430.0,450,12405.0,170,12435.0,256,12400.0,225,12440.0,202,12395.0,147
1597988260135515904,1597988260427000064,2020-08-21 13:37:40.427000,12420.0,12420.0,12280.0,12360.0,nan,12350.319,166135,20518202700.0,209716,12420.0,314,12415.0,157,12425.0,527,12410.0,218,12430.0,451,12405.0,170,12435.0,256,12400.0,225,12440.0,212,12395.0,147
1597988260617992960,1597988260932000000,2020-08-21 13:37:40.932000,12420.0,12420.0,12280.0,12360.0,nan,12350.319,166135,20518202700.0,209716,12420.0,312,12415.0,157,12425.0,527,12410.0,218,12430.0,451,12405.0,170,12435.0,256,12400.0,225,12440.0,212,12395.0,147
1597988261148203008,1597988261436000000,2020-08-21 13:37:41.436000,12415.0,12420.0,12280.0,12360.0,nan,12350.32,166137,20518451000.0,209718,12420.0,307,12415.0,156,12425.0,527,12410.0,218,12430.0,451,12405.0,170,12435.0,256,12400.0,225,12440.0,212,12395.0,147
1597988261618588928,1597988261931000064,2020-08-21 13:37:41.931000,12420.0,12420.0,12280.0,12360.0,nan,12350.32,166138,20518575200.0,209718,12420.0,306,12415.0,157,12425.0,527,12410.0,218,12430.0,451,12405.0,170,12435.0,256,12400.0,225,12440.0,212,12395.0,147
1597988262117576960,1597988262435000064,2020-08-21 13:37:42.435000,12420.0,12420.0,12280.0,12360.0,nan,12350.322,166141,20518947750.0,209719,12420.0,304,12415.0,156,12425.0,526,12410.0,218,12430.0,451,12405.0,170,12435.0,256,12400.0,225,12440.0,212,12395.0,147
1597988262628590080,1597988262910000128,2020-08-21 13:37:42.910000,12420.0,12420.0,12280.0,12360.0,nan,12350.326,166151,20520189750.0,209727,12420.0,295,12415.0,155,12425.0,526,12410.0,218,12430.0,451,12405.0,170,12435.0,268,12400.0,225,12440.0,212,12395.0,147
1597988263120891904,1597988263379000064,2020-08-21 13:37:43.379000,12420.0,12420.0,12280.0,12360.0,nan,12350.326,166152,20520313950.0,209727,12420.0,297,12415.0,156,12425.0,525,12410.0,219,12430.0,451,12405.0,170,12435.0,269,12400.0,225,12440.0,208,12395.0,147
1597988263623099904,1597988263930000128,2020-08-21 13:37:43.930000,12420.0,12420.0,12280.0,12360.0,nan,12350.327,166155,20520686550.0,209724,12420.0,294,12415.0,156,12425.0,525,12410.0,219,12430.0,451,12405.0,170,12435.0,269,12400.0,225,12440.0,208,12395.0,147
1597988264134576896,1597988264433000192,2020-08-21 13:37:44.433000,12415.0,12420.0,12280.0,12360.0,nan,12350.39,166315,20540550650.0,209742,12415.0,47,12410.0,219,12420.0,294,12405.0,170,12425.0,525,12400.0,225,12430.0,451,12395.0,147,12435.0,270,12390.0,239
1597988264622127104,1597988264935000064,2020-08-21 13:37:44.935000,12415.0,12420.0,12280.0,12360.0,nan,12350.401,166345,20544275150.0,209741,12415.0,62,12410.0,220,12420.0,310,12405.0,170,12425.0,525,12400.0,225,12430.0,451,12395.0,147,12435.0,270,12390.0,239
1597988265133708032,1597988265413000192,2020-08-21 13:37:45.413000,12415.0,12420.0,12280.0,12360.0,nan,12350.403,166349,20544771750.0,209739,12415.0,41,12410.0,220,12420.0,309,12405.0,170,12425.0,525,12400.0,225,12430.0,451,12395.0,147,12435.0,270,12390.0,239
1597988265625715968,1597988265935000064,2020-08-21 13:37:45.935000,12415.0,12420.0,12280.0,12360.0,nan,12350.408,166361,20546261550.0,209739,12415.0,29,12410.0,220,12420.0,311,12405.0,170,12425.0,525,12400.0,225,12430.0,451,12395.0,147,12435.0,271,12390.0,239
1597988266147785984,1597988266424999936,2020-08-21 13:37:46.425000,12410.0,12420.0,12280.0,12360.0,nan,12350.413,166374,20547875400.0,209741,12415.0,18,12410.0,218,12420.0,311,12405.0,170,12425.0,535,12400.0,225,12430.0,452,12395.0,147,12435.0,271,12390.0,239
1597988266621937920,1597988266924000000,2020-08-21 13:37:46.924000,12410.0,12420.0,12280.0,12360.0,nan,12350.413,166375,20547999500.0,209741,12415.0,19,12410.0,218,12420.0,312,12405.0,170,12425.0,536,12400.0,225,12430.0,452,12395.0,147,12435.0,271,12390.0,239
1597988267138148096,1597988267416999936,2020-08-21 13:37:47.417000,12415.0,12420.0,12280.0,12360.0,nan,12350.414,166377,20548247800.0,209741,12415.0,29,12410.0,213,12420.0,311,12405.0,170,12425.0,536,12400.0,225,12430.0,452,12395.0,147,12435.0,271,12390.0,239
1597988267620336896,1597988267938999808,2020-08-21 13:37:47.939000,12415.0,12420.0,12280.0,12360.0,nan,12350.416,166383,20548992700.0,209743,12415.0,66,12410.0,213,12420.0,311,12405.0,170,12425.0,536,12400.0,225,12430.0,452,12395.0,147,12435.0,271,12390.0,239
1597988268133378048,1597988268428999936,2020-08-21 13:37:48.429000,12415.0,12420.0,12280.0,12360.0,nan,12350.424,166403,20551475700.0,209750,12415.0,60,12410.0,214,12420.0,311,12405.0,170,12425.0,536,12400.0,225,12430.0,452,12395.0,147,12435.0,271,12390.0,239
1597988268636474880,1597988268924999936,2020-08-21 13:37:48.925000,12415.0,12420.0,12280.0,12360.0,nan,12350.424,166403,20551475700.0,209750,12415.0,71,12410.0,214,12420.0,311,12405.0,171,12425.0,536,12400.0,225,12430.0,452,12395.0,147,12435.0,271,12390.0,239
1597988269127755008,1597988269407000064,2020-08-21 13:37:49.407000,12415.0,12420.0,12280.0,12360.0,nan,12350.424,166403,20551475700.0,209750,12415.0,73,12410.0,215,12420.0,311,12405.0,171,12425.0,536,12400.0,225,12430.0,452,12395.0,147,12435.0,271,12390.0,239
1597988269664233984,1597988269923000064,2020-08-21 13:37:49.923000,12415.0,12420.0,12280.0,12360.0,nan,12350.424,166403,20551475700.0,209750,12415.0,74,12410.0,215,12420.0,311,12405.0,171,12425.0,536,12400.0,225,12430.0,452,12395.0,147,12435.0,271,12390.0,239
1597988270132256000,1597988270424000000,2020-08-21 13:37:50.424000,12415.0,12420.0,12280.0,12360.0,nan,12350.43,166419,20553461950.0,209763,12415.0,65,12410.0,212,12420.0,311,12405.0,171,12425.0,536,12400.0,225,12430.0,452,12395.0,147,12435.0,271,12390.0,239
1597988270620748032,1597988270935000064,2020-08-21 13:37:50.935000,12410.0,12420.0,12280.0,12360.0,nan,12350.431,166422,20553834250.0,209762,12415.0,67,12410.0,210,12420.0,310,12405.0,171,12425.0,536,12400.0,225,12430.0,452,12395.0,147,12435.0,271,12390.0,239
1597988271138832896,1597988271434000128,2020-08-21 13:37:51.434000,12415.0,12420.0,12280.0,12360.0,nan,12350.431,166423,20553958400.0,209763,12415.0,67,12410.0,210,12420.0,310,12405.0,171,12425.0,536,12400.0,227,12430.0,452,12395.0,147,12435.0,271,12390.0,239
1597988271606750976,1597988271913000192,2020-08-21 13:37:51.913000,12415.0,12420.0,12280.0,12360.0,nan,12350.435,166432,20555075750.0,209772,12415.0,63,12410.0,210,12420.0,311,12405.0,171,12425.0,536,12400.0,227,12430.0,452,12395.0,147,12435.0,271,12390.0,239
1597988272119326976,1597988272432000000,2020-08-21 13:37:52.432000,12415.0,12420.0,12280.0,12360.0,nan,12350.435,166432,20555075750.0,209772,12415.0,63,12410.0,209,12420.0,313,12405.0,171,12425.0,536,12400.0,227,12430.0,452,12395.0,147,12435.0,272,12390.0,239
1597988272623441920,1597988272932000000,2020-08-21 13:37:52.932000,12415.0,12420.0,12280.0,12360.0,nan,12350.435,166433,20555199900.0,209773,12415.0,62,12410.0,208,12420.0,310,12405.0,171,12425.0,536,12400.0,227,12430.0,452,12395.0,147,12435.0,272,12390.0,239
1597988273107532032,1597988273434000128,2020-08-21 13:37:53.434000,12415.0,12420.0,12280.0,12360.0,nan,12350.435,166433,20555199900.0,209773,12415.0,61,12410.0,208,12420.0,310,12405.0,172,12425.0,536,12400.0,227,12430.0,452,12395.0,147,12435.0,272,12390.0,239
1597988273608321024,1597988273932000000,2020-08-21 13:37:53.932000,12415.0,12420.0,12280.0,12360.0,nan,12350.435,166433,20555199900.0,209773,12415.0,62,12410.0,208,12420.0,320,12405.0,172,12425.0,536,12400.0,227,12430.0,452,12395.0,147,12435.0,272,12390.0,239
1597988274121097984,1597988274432000000,2020-08-21 13:37:54.432000,12410.0,12420.0,12280.0,12360.0,nan,12350.436,166435,20555448100.0,209773,12415.0,62,12410.0,207,12420.0,322,12405.0,172,12425.0,536,12400.0,227,12430.0,452,12395.0,147,12435.0,272,12390.0,239
1597988274645576960,1597988275229000192,2020-08-21 13:37:55.229000,12415.0,12420.0,12280.0,12360.0,nan,12350.438,166441,20556192950.0,209777,12415.0,63,12410.0,206,12420.0,322,12405.0,172,12425.0,536,12400.0,227,12430.0,452,12395.0,147,12435.0,272,12390.0,239
1597988275130469888,1597988275411000064,2020-08-21 13:37:55.411000,12410.0,12420.0,12280.0,12360.0,nan,12350.439,166444,20556565250.0,209777,12415.0,59,12410.0,204,12420.0,323,12405.0,172,12425.0,536,12400.0,227,12430.0,452,12395.0,147,12435.0,272,12390.0,239
1597988275650430976,1597988275917999872,2020-08-21 13:37:55.918000,12410.0,12420.0,12280.0,12360.0,nan,12350.439,166444,20556565250.0,209777,12415.0,66,12410.0,204,12420.0,321,12405.0,172,12425.0,536,12400.0,227,12430.0,452,12395.0,147,12435.0,272,12390.0,239
1597988276124472064,1597988276423000064,2020-08-21 13:37:56.423000,12410.0,12420.0,12280.0,12360.0,nan,12350.439,166444,20556565250.0,209777,12415.0,68,12410.0,205,12420.0,322,12405.0,172,12425.0,536,12400.0,227,12430.0,452,12395.0,147,12435.0,272,12390.0,239
1597988276678192896,1597988276926000128,2020-08-21 13:37:56.926000,12415.0,12420.0,12280.0,12360.0,nan,12350.441,166447,20556937700.0,209780,12415.0,65,12410.0,206,12420.0,322,12405.0,172,12425.0,535,12400.0,227,12430.0,451,12395.0,147,12435.0,272,12390.0,239
1597988277226611968,1597988277428999936,2020-08-21 13:37:57.429000,12415.0,12420.0,12280.0,12360.0,nan,12350.441,166447,20556937700.0,209780,12415.0,66,12410.0,207,12420.0,323,12405.0,180,12425.0,535,12400.0,220,12430.0,451,12395.0,147,12435.0,274,12390.0,239
1597988277627744000,1597988277920000000,2020-08-21 13:37:57.920000,12410.0,12420.0,12280.0,12360.0,nan,12350.441,166449,20557185900.0,209780,12415.0,66,12410.0,205,12420.0,322,12405.0,180,12425.0,535,12400.0,220,12430.0,451,12395.0,147,12435.0,274,12390.0,239
1597988278134786048,1597988278436000000,2020-08-21 13:37:58.436000,12410.0,12420.0,12280.0,12360.0,nan,12350.441,166449,20557185900.0,209780,12415.0,67,12410.0,210,12420.0,322,12405.0,180,12425.0,535,12400.0,220,12430.0,451,12395.0,147,12435.0,274,12390.0,239
1597988278631856896,1597988278937999872,2020-08-21 13:37:58.938000,12410.0,12420.0,12280.0,12360.0,nan,12350.442,166450,20557310000.0,209781,12415.0,69,12410.0,210,12420.0,321,12405.0,180,12425.0,535,12400.0,220,12430.0,451,12395.0,147,12435.0,274,12390.0,239
1597988279140193024,1597988279436000000,2020-08-21 13:37:59.436000,12415.0,12420.0,12280.0,12360.0,nan,12350.457,166490,20562276000.0,209800,12415.0,32,12410.0,210,12420.0,321,12405.0,180,12425.0,535,12400.0,220,12430.0,451,12395.0,147,12435.0,274,12390.0,239
1597988279657939968,1597988280138000128,2020-08-21 13:38:00.138000,12415.0,12420.0,12280.0,12360.0,nan,12350.466,166514,20565255600.0,209789,12415.0,8,12410.0,216,12420.0,323,12405.0,181,12425.0,535,12400.0,220,12430.0,451,12395.0,147,12435.0,274,12390.0,239
1597988280132217088,1597988280436000000,2020-08-21 13:38:00.436000,12420.0,12420.0,12280.0,12360.0,nan,12350.471,166526,20566745600.0,209793,12420.0,319,12415.0,59,12425.0,535,12410.0,218,12430.0,451,12405.0,181,12435.0,274,12400.0,220,12440.0,219,12395.0,147
1597988280627397120,1597988280933000192,2020-08-21 13:38:00.933000,12420.0,12420.0,12280.0,12360.0,nan,12350.471,166526,20566745600.0,209793,12420.0,321,12415.0,99,12425.0,535,12410.0,212,12430.0,451,12405.0,181,12435.0,274,12400.0,220,12440.0,220,12395.0,147
1597988281128628992,1597988281405999872,2020-08-21 13:38:01.406000,12415.0,12420.0,12280.0,12360.0,nan,12350.477,166542,20568732000.0,209793,12420.0,323,12415.0,109,12425.0,535,12410.0,212,12430.0,451,12405.0,181,12435.0,274,12400.0,220,12440.0,220,12395.0,154
1597988281618851072,1597988281924999936,2020-08-21 13:38:01.925000,12415.0,12420.0,12280.0,12360.0,nan,12350.478,166544,20568980300.0,209793,12420.0,323,12415.0,117,12425.0,534,12410.0,212,12430.0,451,12405.0,182,12435.0,274,12400.0,220,12440.0,220,12395.0,154
1597988282131251968,1597988282423000064,2020-08-21 13:38:02.423000,12420.0,12420.0,12280.0,12360.0,nan,12350.479,166546,20569228650.0,209795,12420.0,334,12415.0,137,12425.0,534,12410.0,212,12430.0,451,12405.0,183,12435.0,274,12400.0,220,12440.0,220,12395.0,154
1597988282634372096,1597988282935000064,2020-08-21 13:38:02.935000,12415.0,12420.0,12280.0,12360.0,nan,12350.48,166549,20569601100.0,209797,12420.0,327,12415.0,129,12425.0,534,12410.0,213,12430.0,451,12405.0,187,12435.0,274,12400.0,219,12440.0,220,12395.0,154
1597988283118306048,1597988283430000128,2020-08-21 13:38:03.430000,12420.0,12420.0,12280.0,12360.0,nan,12350.481,166550,20569725300.0,209798,12420.0,327,12415.0,129,12425.0,534,12410.0,213,12430.0,451,12405.0,187,12435.0,274,12400.0,220,12440.0,220,12395.0,161
1597988283624449024,1597988283913000192,2020-08-21 13:38:03.913000,12420.0,12420.0,12280.0,12360.0,nan,12350.483,166555,20570346200.0,209801,12420.0,325,12415.0,127,12425.0,534,12410.0,213,12430.0,451,12405.0,187,12435.0,274,12400.0,221,12440.0,220,12395.0,161
1597988284145602048,1597988284435000064,2020-08-21 13:38:04.435000,12415.0,12420.0,12280.0,12360.0,nan,12350.488,166568,20571960250.0,209804,12420.0,323,12415.0,118,12425.0,534,12410.0,213,12430.0,455,12405.0,187,12435.0,274,12400.0,221,12440.0,220,12395.0,161
1597988284619790080,1597988284932000000,2020-08-21 13:38:04.932000,12415.0,12420.0,12280.0,12360.0,nan,12350.488,166570,20572208600.0,209805,12420.0,321,12415.0,117,12425.0,534,12410.0,213,12430.0,455,12405.0,187,12435.0,274,12400.0,221,12440.0,220,12395.0,161
1597988285121512960,1597988285413000192,2020-08-21 13:38:05.413000,12415.0,12420.0,12280.0,12360.0,nan,12350.488,166570,20572208600.0,209805,12420.0,328,12415.0,125,12425.0,534,12410.0,213,12430.0,455,12405.0,187,12435.0,274,12400.0,221,12440.0,220,12395.0,161
1597988285630450944,1597988285937999872,2020-08-21 13:38:05.938000,12415.0,12420.0,12280.0,12360.0,nan,12350.489,166571,20572332750.0,209805,12420.0,328,12415.0,125,12425.0,534,12410.0,213,12430.0,455,12405.0,187,12435.0,274,12400.0,221,12440.0,220,12395.0,161
1597988286138861056,1597988286428000000,2020-08-21 13:38:06.428000,12415.0,12420.0,12280.0,12360.0,nan,12350.492,166579,20573325950.0,209805,12420.0,328,12415.0,117,12425.0,534,12410.0,213,12430.0,455,12405.0,187,12435.0,274,12400.0,221,12440.0,220,12395.0,161
1597988286637764096,1597988286936000000,2020-08-21 13:38:06.936000,12415.0,12420.0,12280.0,12360.0,nan,12350.492,166579,20573325950.0,209805,12420.0,329,12415.0,118,12425.0,534,12410.0,213,12430.0,455,12405.0,187,12435.0,274,12400.0,221,12440.0,220,12395.0,161
1597988287142945024,1597988287435000064,2020-08-21 13:38:07.435000,12415.0,12420.0,12280.0,12360.0,nan,12350.492,166579,20573325950.0,209805,12420.0,330,12415.0,118,12425.0,534,12410.0,213,12430.0,455,12405.0,187,12435.0,274,12400.0,221,12440.0,220,12395.0,161
1597988287623515904,1597988287937999872,2020-08-21 13:38:07.938000,12415.0,12420.0,12280.0,12360.0,nan,12350.496,166589,20574567450.0,209805,12420.0,332,12415.0,111,12425.0,534,12410.0,213,12430.0,455,12405.0,187,12435.0,274,12400.0,222,12440.0,220,12395.0,161
1597988288121456896,1597988288436999936,2020-08-21 13:38:08.437000,12415.0,12420.0,12280.0,12360.0,nan,12350.496,166589,20574567450.0,209805,12420.0,334,12415.0,112,12425.0,534,12410.0,213,12430.0,455,12405.0,187,12435.0,274,12400.0,223,12440.0,220,12395.0,161
1597988288615186944,1597988288913000192,2020-08-21 13:38:08.913000,12415.0,12420.0,12280.0,12360.0,nan,12350.497,166593,20575064050.0,209806,12420.0,334,12415.0,109,12425.0,534,12410.0,212,12430.0,455,12405.0,187,12435.0,274,12400.0,223,12440.0,220,12395.0,161
1597988289110029056,1597988289432000000,2020-08-21 13:38:09.432000,12415.0,12420.0,12280.0,12360.0,nan,12350.497,166593,20575064050.0,209806,12420.0,343,12415.0,109,12425.0,534,12410.0,212,12430.0,455,12405.0,187,12435.0,274,12400.0,223,12440.0,220,12395.0,161
1597988289636769024,1597988289911000064,2020-08-21 13:38:09.911000,12415.0,12420.0,12280.0,12360.0,nan,12350.498,166594,20575188200.0,209806,12420.0,345,12415.0,108,12425.0,534,12410.0,212,12430.0,455,12405.0,187,12435.0,274,12400.0,223,12440.0,220,12395.0,161
1597988290120780032,1597988290417999872,2020-08-21 13:38:10.418000,12415.0,12420.0,12280.0,12360.0,nan,12350.502,166605,20576553850.0,209802,12420.0,344,12415.0,97,12425.0,535,12410.0,212,12430.0,456,12405.0,187,12435.0,274,12400.0,223,12440.0,220,12395.0,161
1597988290606745088,1597988290931000064,2020-08-21 13:38:10.931000,12415.0,12420.0,12280.0,12360.0,nan,12350.503,166608,20576926400.0,209804,12420.0,343,12415.0,96,12425.0,535,12410.0,212,12430.0,456,12405.0,187,12435.0,274,12400.0,223,12440.0,220,12395.0,161
1597988291116421888,1597988291432000000,2020-08-21 13:38:11.432000,12415.0,12420.0,12280.0,12360.0,nan,12350.503,166608,20576926400.0,209804,12420.0,344,12415.0,125,12425.0,535,12410.0,212,12430.0,457,12405.0,187,12435.0,274,12400.0,223,12440.0,220,12395.0,161
1597988291625524992,1597988291936000000,2020-08-21 13:38:11.936000,12420.0,12420.0,12280.0,12360.0,nan,12350.505,166613,20577547400.0,209805,12420.0,339,12415.0,129,12425.0,535,12410.0,212,12430.0,457,12405.0,186,12435.0,274,12400.0,224,12440.0,220,12395.0,161
1597988292130699008,1597988292436999936,2020-08-21 13:38:12.437000,12415.0,12420.0,12280.0,12360.0,nan,12350.508,166620,20578416500.0,209805,12420.0,338,12415.0,125,12425.0,534,12410.0,212,12430.0,457,12405.0,186,12435.0,274,12400.0,224,12440.0,220,12395.0,161
1597988292626106112,1597988292936000000,2020-08-21 13:38:12.936000,12415.0,12420.0,12280.0,12360.0,nan,12350.51,166624,20578913100.0,209804,12420.0,339,12415.0,121,12425.0,534,12410.0,213,12430.0,458,12405.0,185,12435.0,274,12400.0,224,12440.0,220,12395.0,161
1597988293126633984,1597988293428000000,2020-08-21 13:38:13.428000,12420.0,12420.0,12280.0,12360.0,nan,12350.511,166628,20579409850.0,209805,12420.0,337,12415.0,120,12425.0,534,12410.0,217,12430.0,458,12405.0,185,12435.0,274,12400.0,224,12440.0,220,12395.0,161
1597988293612421888,1597988293931000064,2020-08-21 13:38:13.931000,12415.0,12420.0,12280.0,12360.0,nan,12350.512,166629,20579534000.0,209804,12420.0,336,12415.0,120,12425.0,534,12410.0,217,12430.0,458,12405.0,184,12435.0,274,12400.0,223,12440.0,220,12395.0,161
1597988294620531968,1597988294933000192,2020-08-21 13:38:14.933000,12415.0,12420.0,12280.0,12360.0,nan,12350.512,166629,20579534000.0,209804,12420.0,336,12415.0,120,12425.0,535,12410.0,217,12430.0,458,12405.0,184,12435.0,274,12400.0,223,12440.0,220,12395.0,161
1597988295150458880,1597988295438999808,2020-08-21 13:38:15.439000,12415.0,12420.0,12280.0,12360.0,nan,12350.513,166633,20580030650.0,209803,12420.0,337,12415.0,117,12425.0,537,12410.0,217,12430.0,458,12405.0,184,12435.0,274,12400.0,225,12440.0,220,12395.0,161
1597988295625211904,1597988295937999872,2020-08-21 13:38:15.938000,12415.0,12420.0,12280.0,12360.0,nan,12350.513,166633,20580030650.0,209803,12420.0,338,12415.0,117,12425.0,537,12410.0,217,12430.0,458,12405.0,183,12435.0,274,12400.0,225,12440.0,220,12395.0,161
1597988296128624128,1597988296431000064,2020-08-21 13:38:16.431000,12415.0,12420.0,12280.0,12360.0,nan,12350.517,166644,20581396300.0,209813,12420.0,339,12415.0,107,12425.0,537,12410.0,217,12430.0,458,12405.0,183,12435.0,274,12400.0,225,12440.0,220,12395.0,161
1597988296635660032,1597988296903000064,2020-08-21 13:38:16.903000,12415.0,12420.0,12280.0,12360.0,nan,12350.517,166644,20581396300.0,209813,12420.0,339,12415.0,123,12425.0,537,12410.0,217,12430.0,458,12405.0,183,12435.0,274,12400.0,225,12440.0,220,12395.0,161
1597988297144642048,1597988297424999936,2020-08-21 13:38:17.425000,12415.0,12420.0,12280.0,12360.0,nan,12350.523,166659,20583258550.0,209813,12420.0,341,12415.0,108,12425.0,538,12410.0,217,12430.0,480,12405.0,183,12435.0,274,12400.0,225,12440.0,220,12395.0,161
1597988297630179072,1597988297937999872,2020-08-21 13:38:17.938000,12415.0,12420.0,12280.0,12360.0,nan,12350.523,166659,20583258550.0,209813,12420.0,337,12415.0,113,12425.0,538,12410.0,230,12430.0,480,12405.0,183,12435.0,274,12400.0,225,12440.0,220,12395.0,161
1597988298118927872,1597988298433000192,2020-08-21 13:38:18.433000,12420.0,12420.0,12280.0,12360.0,nan,12350.524,166662,20583631050.0,209815,12420.0,337,12415.0,114,12425.0,538,12410.0,231,12430.0,480,12405.0,183,12435.0,274,12400.0,225,12440.0,220,12395.0,161
1597988298627619072,1597988298876000000,2020-08-21 13:38:18.876000,12415.0,12420.0,12280.0,12360.0,nan,12350.525,166663,20583755200.0,209815,12420.0,338,12415.0,115,12425.0,539,12410.0,231,12430.0,480,12405.0,184,12435.0,274,12400.0,225,12440.0,220,12395.0,161
1597988299133427968,1597988299417999872,2020-08-21 13:38:19.418000,12415.0,12420.0,12280.0,12360.0,nan,12350.526,166666,20584127650.0,209815,12420.0,338,12415.0,112,12425.0,539,12410.0,231,12430.0,480,12405.0,184,12435.0,274,12400.0,225,12440.0,220,12395.0,161
1597988299644843008,1597988299933000192,2020-08-21 13:38:19.933000,12415.0,12420.0,12280.0,12360.0,nan,12350.527,166669,20584500100.0,209816,12420.0,338,12415.0,109,12425.0,539,12410.0,231,12430.0,479,12405.0,184,12435.0,274,12400.0,225,12440.0,220,12395.0,161
1597988300139208960,1597988300418999808,2020-08-21 13:38:20.419000,12415.0,12420.0,12280.0,12360.0,nan,12350.528,166670,20584624250.0,209816,12420.0,338,12415.0,114,12425.0,540,12410.0,231,12430.0,479,12405.0,184,12435.0,275,12400.0,226,12440.0,220,12395.0,161
1597988300623009024,1597988300936999936,2020-08-21 13:38:20.937000,12415.0,12420.0,12280.0,12360.0,nan,12350.528,166671,20584748400.0,209817,12420.0,338,12415.0,113,12425.0,540,12410.0,231,12430.0,482,12405.0,184,12435.0,275,12400.0,226,12440.0,220,12395.0,161
1597988301533833984,1597988301433000192,2020-08-21 13:38:21.433000,12415.0,12420.0,12280.0,12360.0,nan,12350.528,166671,20584748400.0,209817,12420.0,349,12415.0,113,12425.0,550,12410.0,231,12430.0,482,12405.0,184,12435.0,275,12400.0,226,12440.0,221,12395.0,161
1597988301932930048,1597988301933000192,2020-08-21 13:38:21.933000,12415.0,12420.0,12280.0,12360.0,nan,12350.528,166671,20584748400.0,209817,12420.0,350,12415.0,113,12425.0,550,12410.0,231,12430.0,482,12405.0,184,12435.0,275,12400.0,226,12440.0,221,12395.0,161
1597988302142920960,1597988302412000000,2020-08-21 13:38:22.412000,12420.0,12420.0,12280.0,12360.0,nan,12350.528,166672,20584872600.0,209817,12420.0,349,12415.0,113,12425.0,551,12410.0,231,12430.0,482,12405.0,184,12435.0,275,12400.0,226,12440.0,221,12395.0,161
1597988302652756992,1597988302926000128,2020-08-21 13:38:22.926000,12415.0,12420.0,12280.0,12360.0,nan,12350.53,166675,20585245050.0,209815,12420.0,352,12415.0,130,12425.0,551,12410.0,231,12430.0,482,12405.0,184,12435.0,274,12400.0,226,12440.0,221,12395.0,161
1597988303113058048,1597988303428000000,2020-08-21 13:38:23.428000,12415.0,12420.0,12280.0,12360.0,nan,12350.53,166675,20585245050.0,209815,12420.0,353,12415.0,131,12425.0,551,12410.0,231,12430.0,482,12405.0,184,12435.0,274,12400.0,226,12440.0,221,12395.0,161
1597988303812513024,1597988303917999872,2020-08-21 13:38:23.918000,12415.0,12420.0,12280.0,12360.0,nan,12350.53,166675,20585245050.0,209815,12420.0,363,12415.0,129,12425.0,551,12410.0,231,12430.0,482,12405.0,184,12435.0,274,12400.0,226,12440.0,221,12395.0,161
1597988304139905024,1597988304435000064,2020-08-21 13:38:24.435000,12415.0,12420.0,12280.0,12360.0,nan,12350.53,166676,20585369200.0,209815,12420.0,363,12415.0,128,12425.0,551,12410.0,231,12430.0,482,12405.0,184,12435.0,274,12400.0,226,12440.0,221,12395.0,161
1597988304639749120,1597988304928999936,2020-08-21 13:38:24.929000,12415.0,12420.0,12280.0,12360.0,nan,12350.53,166677,20585493350.0,209814,12420.0,363,12415.0,147,12425.0,550,12410.0,233,12430.0,482,12405.0,184,12435.0,274,12400.0,226,12440.0,221,12395.0,161
1597988305123137024,1597988305433000192,2020-08-21 13:38:25.433000,12415.0,12420.0,12280.0,12360.0,nan,12350.53,166677,20585493350.0,209814,12420.0,363,12415.0,150,12425.0,550,12410.0,233,12430.0,482,12405.0,182,12435.0,274,12400.0,227,12440.0,221,12395.0,161
1597988305643384064,1597988305936999936,2020-08-21 13:38:25.937000,12415.0,12420.0,12280.0,12360.0,nan,12350.53,166677,20585493350.0,209814,12420.0,363,12415.0,150,12425.0,550,12410.0,233,12430.0,482,12405.0,182,12435.0,274,12400.0,227,12440.0,222,12395.0,162
1597988306122318080,1597988306417999872,2020-08-21 13:38:26.418000,12415.0,12420.0,12280.0,12360.0,nan,12350.531,166678,20585617500.0,209815,12420.0,363,12415.0,150,12425.0,550,12410.0,233,12430.0,482,12405.0,182,12435.0,274,12400.0,228,12440.0,221,12395.0,162
1597988306624787968,1597988306932000000,2020-08-21 13:38:26.932000,12420.0,12420.0,12280.0,12360.0,nan,12350.552,166729,20591951700.0,209830,12420.0,315,12415.0,150,12425.0,550,12410.0,233,12430.0,481,12405.0,182,12435.0,274,12400.0,228,12440.0,221,12395.0,162
1597988307113483008,1597988307413000192,2020-08-21 13:38:27.413000,12415.0,12420.0,12280.0,12360.0,nan,12350.553,166732,20592324150.0,209830,12420.0,316,12415.0,155,12425.0,550,12410.0,233,12430.0,481,12405.0,182,12435.0,274,12400.0,228,12440.0,221,12395.0,162
1597988307620666112,1597988307923000064,2020-08-21 13:38:27.923000,12415.0,12420.0,12280.0,12360.0,nan,12350.553,166732,20592324150.0,209830,12420.0,316,12415.0,153,12425.0,550,12410.0,233,12430.0,481,12405.0,182,12435.0,274,12400.0,228,12440.0,219,12395.0,162
1597988308139175936,1597988308432000000,2020-08-21 13:38:28.432000,12415.0,12420.0,12280.0,12360.0,nan,12350.553,166732,20592324150.0,209830,12420.0,316,12415.0,149,12425.0,550,12410.0,233,12430.0,481,12405.0,182,12435.0,274,12400.0,228,12440.0,219,12395.0,162
1597988308633701888,1597988308936999936,2020-08-21 13:38:28.937000,12415.0,12420.0,12280.0,12360.0,nan,12350.553,166732,20592324150.0,209830,12420.0,318,12415.0,149,12425.0,550,12410.0,234,12430.0,481,12405.0,182,12435.0,274,12400.0,229,12440.0,219,12395.0,162
1597988309128219904,1597988309437999872,2020-08-21 13:38:29.438000,12415.0,12420.0,12280.0,12360.0,nan,12350.553,166733,20592448300.0,209831,12420.0,319,12415.0,148,12425.0,550,12410.0,234,12430.0,481,12405.0,182,12435.0,274,12400.0,229,12440.0,219,12395.0,162
1597988309907977984,1597988309937999872,2020-08-21 13:38:29.938000,12420.0,12420.0,12280.0,12360.0,nan,12350.554,166735,20592696700.0,209833,12420.0,317,12415.0,148,12425.0,550,12410.0,238,12430.0,481,12405.0,182,12435.0,274,12400.0,228,12440.0,219,12395.0,163
1597988310221370880,1597988310433000192,2020-08-21 13:38:30.433000,12420.0,12420.0,12280.0,12360.0,nan,12350.564,166759,20595677500.0,209856,12420.0,293,12415.0,148,12425.0,549,12410.0,238,12430.0,481,12405.0,182,12435.0,274,12400.0,228,12440.0,219,12395.0,163
1597988310625334016,1597988310916000000,2020-08-21 13:38:30.916000,12420.0,12420.0,12280.0,12360.0,nan,12350.564,166759,20595677500.0,209856,12420.0,295,12415.0,148,12425.0,549,12410.0,238,12430.0,481,12405.0,184,12435.0,274,12400.0,228,12440.0,219,12395.0,164
1597988311146494976,1597988311407000064,2020-08-21 13:38:31.407000,12420.0,12420.0,12280.0,12360.0,nan,12350.566,166762,20596050100.0,209858,12420.0,292,12415.0,148,12425.0,549,12410.0,243,12430.0,481,12405.0,184,12435.0,274,12400.0,228,12440.0,219,12395.0,164
1597988311617636096,1597988311936000000,2020-08-21 13:38:31.936000,12415.0,12420.0,12280.0,12360.0,nan,12350.567,166767,20596670850.0,209858,12420.0,292,12415.0,143,12425.0,549,12410.0,243,12430.0,481,12405.0,184,12435.0,274,12400.0,228,12440.0,219,12395.0,164
1597988312120929024,1597988312436999936,2020-08-21 13:38:32.437000,12415.0,12420.0,12280.0,12360.0,nan,12350.569,166772,20597291600.0,209863,12420.0,292,12415.0,145,12425.0,549,12410.0,243,12430.0,481,12405.0,185,12435.0,274,12400.0,228,12440.0,219,12395.0,164
1597988312636016128,1597988312916999936,2020-08-21 13:38:32.917000,12415.0,12420.0,12280.0,12360.0,nan,12350.569,166772,20597291600.0,209863,12420.0,292,12415.0,146,12425.0,550,12410.0,243,12430.0,481,12405.0,185,12435.0,274,12400.0,228,12440.0,219,12395.0,164
1597988313155277056,1597988313424000000,2020-08-21 13:38:33.424000,12415.0,12420.0,12280.0,12360.0,nan,12350.569,166772,20597291600.0,209863,12420.0,293,12415.0,146,12425.0,550,12410.0,243,12430.0,481,12405.0,185,12435.0,274,12400.0,228,12440.0,219,12395.0,164
1597988313629437952,1597988313927000064,2020-08-21 13:38:33.927000,12415.0,12420.0,12280.0,12360.0,nan,12350.569,166772,20597291600.0,209863,12420.0,296,12415.0,146,12425.0,550,12410.0,243,12430.0,481,12405.0,185,12435.0,274,12400.0,228,12440.0,219,12395.0,164
1597988314140784128,1597988314420999936,2020-08-21 13:38:34.421000,12415.0,12420.0,12280.0,12360.0,nan,12350.569,166772,20597291600.0,209863,12420.0,296,12415.0,148,12425.0,550,12410.0,241,12430.0,481,12405.0,185,12435.0,274,12400.0,228,12440.0,219,12395.0,164
1597988314616171008,1597988314897000192,2020-08-21 13:38:34.897000,12420.0,12420.0,12280.0,12360.0,nan,12350.57,166774,20597540000.0,209863,12420.0,295,12415.0,150,12425.0,549,12410.0,241,12430.0,481,12405.0,185,12435.0,274,12400.0,228,12440.0,219,12395.0,164
1597988315125808896,1597988315403000064,2020-08-21 13:38:35.403000,12420.0,12420.0,12280.0,12360.0,nan,12350.57,166774,20597540000.0,209863,12420.0,295,12415.0,151,12425.0,549,12410.0,241,12430.0,481,12405.0,185,12435.0,274,12400.0,228,12440.0,219,12395.0,164
1597988315692278016,1597988315878000128,2020-08-21 13:38:35.878000,12415.0,12420.0,12280.0,12360.0,nan,12350.571,166775,20597664150.0,209864,12420.0,295,12415.0,150,12425.0,550,12410.0,241,12430.0,481,12405.0,185,12435.0,274,12400.0,228,12440.0,219,12395.0,164
1597988316129372928,1597988316420000000,2020-08-21 13:38:36.420000,12415.0,12420.0,12280.0,12360.0,nan,12350.571,166775,20597664150.0,209864,12420.0,296,12415.0,156,12425.0,550,12410.0,241,12430.0,481,12405.0,185,12435.0,274,12400.0,228,12440.0,219,12395.0,163
1597988316632822016,1597988316920999936,2020-08-21 13:38:36.921000,12415.0,12420.0,12280.0,12360.0,nan,12350.571,166775,20597664150.0,209864,12420.0,297,12415.0,156,12425.0,550,12410.0,241,12430.0,481,12405.0,185,12435.0,274,12400.0,228,12440.0,219,12395.0,163
1597988317128813056,1597988317431000064,2020-08-21 13:38:37.431000,12415.0,12420.0,12280.0,12360.0,nan,12350.571,166777,20597912450.0,209864,12420.0,299,12415.0,156,12425.0,550,12410.0,241,12430.0,481,12405.0,185,12435.0,284,12400.0,228,12440.0,219,12395.0,163
1597988317616141056,1597988317900999936,2020-08-21 13:38:37.901000,12420.0,12420.0,12280.0,12360.0,nan,12350.572,166778,20598036650.0,209864,12420.0,301,12415.0,156,12425.0,550,12410.0,241,12430.0,481,12405.0,185,12435.0,284,12400.0,228,12440.0,219,12395.0,163
1597988318166193920,1597988318714999808,2020-08-21 13:38:38.715000,12420.0,12420.0,12280.0,12360.0,nan,12350.572,166778,20598036650.0,209864,12420.0,301,12415.0,150,12425.0,550,12410.0,241,12430.0,481,12405.0,185,12435.0,284,12400.0,228,12440.0,219,12395.0,163
1597988318617996032,1597988318931000064,2020-08-21 13:38:38.931000,12420.0,12420.0,12280.0,12360.0,nan,12350.572,166779,20598160850.0,209865,12420.0,300,12415.0,150,12425.0,550,12410.0,241,12430.0,481,12405.0,185,12435.0,284,12400.0,228,12440.0,219,12395.0,163
1597988319115529984,1597988319404000000,2020-08-21 13:38:39.404000,12420.0,12420.0,12280.0,12360.0,nan,12350.575,166785,20598906050.0,209867,12420.0,294,12415.0,144,12425.0,550,12410.0,241,12430.0,481,12405.0,185,12435.0,284,12400.0,228,12440.0,219,12395.0,163
1597988319629288960,1597988319927000064,2020-08-21 13:38:39.927000,12420.0,12420.0,12280.0,12360.0,nan,12350.575,166785,20598906050.0,209867,12420.0,294,12415.0,145,12425.0,550,12410.0,241,12430.0,481,12405.0,185,12435.0,284,12400.0,228,12440.0,219,12395.0,163
1597988320139200000,1597988320428999936,2020-08-21 13:38:40.429000,12415.0,12420.0,12280.0,12360.0,nan,12350.575,166786,20599030200.0,209867,12420.0,284,12415.0,145,12425.0,550,12410.0,241,12430.0,481,12405.0,185,12435.0,284,12400.0,228,12440.0,219,12395.0,163
1597988320620022016,1597988320934000128,2020-08-21 13:38:40.934000,12415.0,12420.0,12280.0,12360.0,nan,12350.575,166787,20599154350.0,209867,12420.0,285,12415.0,146,12425.0,550,12410.0,246,12430.0,481,12405.0,185,12435.0,284,12400.0,228,12440.0,219,12395.0,163
1597988321140644096,1597988321436999936,2020-08-21 13:38:41.437000,12420.0,12420.0,12280.0,12360.0,nan,12350.578,166793,20599899550.0,209868,12420.0,280,12415.0,146,12425.0,537,12410.0,245,12430.0,481,12405.0,185,12435.0,284,12400.0,228,12440.0,219,12395.0,163
1597988322129368064,1597988322426000128,2020-08-21 13:38:42.426000,12415.0,12420.0,12280.0,12360.0,nan,12350.578,166794,20600023700.0,209868,12420.0,281,12415.0,145,12425.0,537,12410.0,244,12430.0,481,12405.0,185,12435.0,284,12400.0,228,12440.0,219,12395.0,163
1597988322635461120,1597988322928999936,2020-08-21 13:38:42.929000,12415.0,12420.0,12280.0,12360.0,nan,12350.579,166795,20600147850.0,209868,12420.0,281,12415.0,148,12425.0,537,12410.0,243,12430.0,482,12405.0,185,12435.0,284,12400.0,228,12440.0,219,12395.0,163
1597988323130782976,1597988323428999936,2020-08-21 13:38:43.429000,12420.0,12420.0,12280.0,12360.0,nan,12350.58,166797,20600396250.0,209870,12420.0,320,12415.0,148,12425.0,537,12410.0,243,12430.0,482,12405.0,185,12435.0,284,12400.0,227,12440.0,219,12395.0,163
1597988323626383104,1597988323924999936,2020-08-21 13:38:43.925000,12420.0,12420.0,12280.0,12360.0,nan,12350.58,166798,20600520450.0,209870,12420.0,322,12415.0,148,12425.0,537,12410.0,243,12430.0,482,12405.0,185,12435.0,284,12400.0,227,12440.0,219,12395.0,163
1597988324123323904,1597988324424999936,2020-08-21 13:38:44.425000,12420.0,12420.0,12280.0,12360.0,nan,12350.58,166798,20600520450.0,209870,12420.0,322,12415.0,151,12425.0,538,12410.0,243,12430.0,482,12405.0,185,12435.0,284,12400.0,227,12440.0,229,12395.0,163
1597988324628314112,1597988324895000064,2020-08-21 13:38:44.895000,12420.0,12420.0,12280.0,12360.0,nan,12350.58,166798,20600520450.0,209870,12420.0,322,12415.0,152,12425.0,538,12410.0,243,12430.0,486,12405.0,185,12435.0,284,12400.0,227,12440.0,229,12395.0,163
1597988325136171008,1597988325424000000,2020-08-21 13:38:45.424000,12420.0,12420.0,12280.0,12360.0,nan,12350.58,166799,20600644650.0,209869,12420.0,322,12415.0,153,12425.0,536,12410.0,243,12430.0,487,12405.0,185,12435.0,284,12400.0,227,12440.0,229,12395.0,163
1597988325676079104,1597988325935000064,2020-08-21 13:38:45.935000,12420.0,12420.0,12280.0,12360.0,nan,12350.58,166799,20600644650.0,209869,12420.0,322,12415.0,153,12425.0,536,12410.0,243,12430.0,488,12405.0,185,12435.0,284,12400.0,227,12440.0,229,12395.0,163
1597988326231211008,1597988326413000192,2020-08-21 13:38:46.413000,12420.0,12420.0,12280.0,12360.0,nan,12350.581,166801,20600893000.0,209869,12420.0,321,12415.0,148,12425.0,537,12410.0,243,12430.0,488,12405.0,185,12435.0,284,12400.0,227,12440.0,229,12395.0,163
1597988326654566912,1597988326921999872,2020-08-21 13:38:46.922000,12420.0,12420.0,12280.0,12360.0,nan,12350.582,166804,20601265600.0,209869,12420.0,318,12415.0,151,12425.0,537,12410.0,243,12430.0,488,12405.0,185,12435.0,284,12400.0,227,12440.0,229,12395.0,163
1597988327123004928,1597988327434000128,2020-08-21 13:38:47.434000,12420.0,12420.0,12280.0,12360.0,nan,12350.582,166804,20601265600.0,209869,12420.0,320,12415.0,151,12425.0,537,12410.0,242,12430.0,488,12405.0,185,12435.0,280,12400.0,227,12440.0,233,12395.0,163
1597988327632658944,1597988327936999936,2020-08-21 13:38:47.937000,12420.0,12420.0,12280.0,12360.0,nan,12350.583,166805,20601389800.0,209868,12420.0,319,12415.0,151,12425.0,537,12410.0,242,12430.0,488,12405.0,186,12435.0,280,12400.0,227,12440.0,233,12395.0,163
1597988328251240960,1597988328431000064,2020-08-21 13:38:48.431000,12420.0,12420.0,12280.0,12360.0,nan,12350.583,166806,20601514000.0,209868,12420.0,318,12415.0,151,12425.0,537,12410.0,242,12430.0,488,12405.0,186,12435.0,280,12400.0,227,12440.0,233,12395.0,163
1597988328641874944,1597988328881999872,2020-08-21 13:38:48.882000,12420.0,12420.0,12280.0,12360.0,nan,12350.583,166806,20601514000.0,209868,12420.0,318,12415.0,153,12425.0,537,12410.0,242,12430.0,488,12405.0,186,12435.0,280,12400.0,227,12440.0,233,12395.0,163
1597988329260237056,1597988329400000000,2020-08-21 13:38:49.400000,12420.0,12420.0,12280.0,12360.0,nan,12350.583,166806,20601514000.0,209868,12420.0,281,12415.0,153,12425.0,537,12410.0,242,12430.0,488,12405.0,186,12435.0,280,12400.0,227,12440.0,233,12395.0,163
1597988329627230976,1597988329930000128,2020-08-21 13:38:49.930000,12415.0,12420.0,12280.0,12360.0,nan,12350.584,166808,20601762300.0,209866,12420.0,281,12415.0,151,12425.0,537,12410.0,242,12430.0,488,12405.0,186,12435.0,280,12400.0,227,12440.0,233,12395.0,163
1597988330148549888,1597988330434000128,2020-08-21 13:38:50.434000,12420.0,12420.0,12280.0,12360.0,nan,12350.588,166817,20602880100.0,209871,12420.0,271,12415.0,153,12425.0,537,12410.0,242,12430.0,488,12405.0,186,12435.0,280,12400.0,227,12440.0,233,12395.0,163
1597988330650757120,1597988330931000064,2020-08-21 13:38:50.931000,12420.0,12420.0,12280.0,12360.0,nan,12350.589,166820,20603252650.0,209870,12420.0,271,12415.0,152,12425.0,537,12410.0,243,12430.0,488,12405.0,186,12435.0,280,12400.0,227,12440.0,233,12395.0,163
1597988331648378880,1597988331923000064,2020-08-21 13:38:51.923000,12415.0,12420.0,12280.0,12360.0,nan,12350.589,166821,20603376800.0,209870,12420.0,271,12415.0,150,12425.0,537,12410.0,243,12430.0,488,12405.0,186,12435.0,280,12400.0,227,12440.0,233,12395.0,163
1597988332697063936,1597988332932000000,2020-08-21 13:38:52.932000,12415.0,12420.0,12280.0,12360.0,nan,12350.589,166821,20603376800.0,209870,12420.0,273,12415.0,150,12425.0,537,12410.0,243,12430.0,488,12405.0,186,12435.0,280,12400.0,227,12440.0,233,12395.0,163
1597988333145276928,1597988333436000000,2020-08-21 13:38:53.436000,12415.0,12420.0,12280.0,12360.0,nan,12350.605,166861,20608342800.0,209869,12420.0,273,12415.0,109,12425.0,537,12410.0,243,12430.0,488,12405.0,186,12435.0,280,12400.0,227,12440.0,233,12395.0,163
1597988333674754048,1597988333913000192,2020-08-21 13:38:53.913000,12420.0,12420.0,12280.0,12360.0,nan,12350.614,166882,20610951000.0,209886,12420.0,254,12415.0,123,12425.0,537,12410.0,245,12430.0,488,12405.0,186,12435.0,280,12400.0,227,12440.0,233,12395.0,163
1597988334148913920,1597988334436000000,2020-08-21 13:38:54.436000,12420.0,12420.0,12280.0,12360.0,nan,12350.614,166882,20610951000.0,209886,12420.0,254,12415.0,126,12425.0,537,12410.0,245,12430.0,488,12405.0,186,12435.0,280,12400.0,227,12440.0,233,12395.0,163
1597988334653700096,1597988334927000064,2020-08-21 13:38:54.927000,12415.0,12420.0,12280.0,12360.0,nan,12350.614,166883,20611075150.0,209887,12420.0,256,12415.0,116,12425.0,537,12410.0,245,12430.0,488,12405.0,186,12435.0,280,12400.0,227,12440.0,233,12395.0,163
1597988335670558976,1597988335924999936,2020-08-21 13:38:55.925000,12415.0,12420.0,12280.0,12360.0,nan,12350.614,166884,20611199300.0,209888,12420.0,256,12415.0,119,12425.0,537,12410.0,245,12430.0,488,12405.0,186,12435.0,280,12400.0,227,12440.0,233,12395.0,163
1597988336151192064,1597988336403000064,2020-08-21 13:38:56.403000,12415.0,12420.0,12280.0,12360.0,nan,12350.615,166885,20611323450.0,209888,12420.0,257,12415.0,121,12425.0,537,12410.0,245,12430.0,488,12405.0,186,12435.0,280,12400.0,227,12440.0,233,12395.0,163
1597988336614824960,1597988336936999936,2020-08-21 13:38:56.937000,12420.0,12420.0,12280.0,12360.0,nan,12350.62,166897,20612813800.0,209889,12420.0,246,12415.0,121,12425.0,537,12410.0,245,12430.0,488,12405.0,186,12435.0,280,12400.0,227,12440.0,233,12395.0,163
1597988337140504064,1597988337416999936,2020-08-21 13:38:57.417000,12420.0,12420.0,12280.0,12360.0,nan,12350.62,166897,20612813800.0,209889,12420.0,246,12415.0,123,12425.0,537,12410.0,244,12430.0,488,12405.0,186,12435.0,280,12400.0,227,12440.0,233,12395.0,163
1597988337641089024,1597988337934000128,2020-08-21 13:38:57.934000,12420.0,12420.0,12280.0,12360.0,nan,12350.62,166897,20612813800.0,209889,12420.0,246,12415.0,183,12425.0,537,12410.0,244,12430.0,488,12405.0,186,12435.0,281,12400.0,227,12440.0,233,12395.0,163
1597988338138164992,1597988338428000000,2020-08-21 13:38:58.428000,12420.0,12420.0,12280.0,12360.0,nan,12350.62,166898,20612938000.0,209889,12420.0,247,12415.0,193,12425.0,537,12410.0,228,12430.0,488,12405.0,186,12435.0,281,12400.0,227,12440.0,233,12395.0,163
1597988338631200000,1597988338928999936,2020-08-21 13:38:58.929000,12420.0,12420.0,12280.0,12360.0,nan,12350.62,166898,20612938000.0,209889,12420.0,247,12415.0,207,12425.0,537,12410.0,228,12430.0,488,12405.0,186,12435.0,281,12400.0,226,12440.0,233,12395.0,163
1597988339274369024,1597988339424000000,2020-08-21 13:38:59.424000,12420.0,12420.0,12280.0,12360.0,nan,12350.621,166899,20613062200.0,209889,12420.0,246,12415.0,208,12425.0,537,12410.0,228,12430.0,488,12405.0,186,12435.0,281,12400.0,226,12440.0,233,12395.0,163
1597988339636303872,1597988339934000128,2020-08-21 13:38:59.934000,12415.0,12420.0,12280.0,12360.0,nan,12350.634,166933,20617283300.0,209889,12420.0,246,12415.0,176,12425.0,537,12410.0,228,12430.0,489,12405.0,186,12435.0,281,12400.0,226,12440.0,233,12395.0,163
1597988340137918976,1597988340432000000,2020-08-21 13:39:00.432000,12420.0,12420.0,12280.0,12360.0,nan,12350.634,166934,20617407500.0,209889,12420.0,246,12415.0,182,12425.0,537,12410.0,228,12430.0,489,12405.0,186,12435.0,281,12400.0,226,12440.0,233,12395.0,163
1597988340666622976,1597988340924000000,2020-08-21 13:39:00.924000,12420.0,12420.0,12280.0,12360.0,nan,12350.646,166962,20620884850.0,209898,12420.0,224,12415.0,178,12425.0,538,12410.0,228,12430.0,489,12405.0,186,12435.0,281,12400.0,226,12440.0,233,12395.0,163
1597988341140414976,1597988341415000064,2020-08-21 13:39:01.415000,12420.0,12420.0,12280.0,12360.0,nan,12350.649,166971,20622002650.0,209899,12420.0,215,12415.0,179,12425.0,538,12410.0,215,12430.0,489,12405.0,186,12435.0,281,12400.0,226,12440.0,233,12395.0,163
1597988341658618880,1597988341936999936,2020-08-21 13:39:01.937000,12420.0,12420.0,12280.0,12360.0,nan,12350.65,166973,20622251050.0,209899,12420.0,213,12415.0,180,12425.0,538,12410.0,215,12430.0,489,12405.0,187,12435.0,281,12400.0,226,12440.0,233,12395.0,163
1597988342166124032,1597988342410000128,2020-08-21 13:39:02.410000,12420.0,12420.0,12280.0,12360.0,nan,12350.65,166973,20622251050.0,209899,12420.0,214,12415.0,201,12425.0,539,12410.0,215,12430.0,489,12405.0,187,12435.0,281,12400.0,226,12440.0,233,12395.0,163
1597988342724229888,1597988342924999936,2020-08-21 13:39:02.925000,12420.0,12420.0,12280.0,12360.0,nan,12350.652,166978,20622872050.0,209899,12420.0,209,12415.0,203,12425.0,540,12410.0,215,12430.0,488,12405.0,187,12435.0,281,12400.0,226,12440.0,233,12395.0,163
1597988343139161088,1597988343435000064,2020-08-21 13:39:03.435000,12420.0,12420.0,12280.0,12360.0,nan,12350.653,166979,20622996250.0,209899,12420.0,209,12415.0,206,12425.0,540,12410.0,215,12430.0,488,12405.0,187,12435.0,281,12400.0,226,12440.0,233,12395.0,163
1597988344152504064,1597988344374000128,2020-08-21 13:39:04.374000,12420.0,12420.0,12280.0,12360.0,nan,12350.653,166981,20623244650.0,209899,12420.0,207,12415.0,207,12425.0,541,12410.0,215,12430.0,488,12405.0,187,12435.0,281,12400.0,226,12440.0,233,12395.0,163
1597988344619713024,1597988344918999808,2020-08-21 13:39:04.919000,12415.0,12420.0,12280.0,12360.0,nan,12350.658,166992,20624610750.0,209902,12420.0,198,12415.0,204,12425.0,541,12410.0,215,12430.0,488,12405.0,187,12435.0,281,12400.0,226,12440.0,233,12395.0,163
1597988345142908928,1597988345416999936,2020-08-21 13:39:05.417000,12415.0,12420.0,12280.0,12360.0,nan,12350.659,166995,20624983200.0,209902,12420.0,198,12415.0,200,12425.0,541,12410.0,215,12430.0,488,12405.0,187,12435.0,281,12400.0,226,12440.0,233,12395.0,163
1597988346649050880,1597988346920000000,2020-08-21 13:39:06.920000,12420.0,12420.0,12280.0,12360.0,nan,12350.66,166998,20625355800.0,209902,12420.0,195,12415.0,200,12425.0,541,12410.0,215,12430.0,488,12405.0,187,12435.0,281,12400.0,226,12440.0,233,12395.0,163
1597988347377638912,1597988347420999936,2020-08-21 13:39:07.421000,12415.0,12420.0,12280.0,12360.0,nan,12350.661,166999,20625479950.0,209903,12420.0,202,12415.0,199,12425.0,541,12410.0,215,12430.0,488,12405.0,188,12435.0,281,12400.0,241,12440.0,233,12395.0,163
1597988347647919104,1597988347923000064,2020-08-21 13:39:07.923000,12420.0,12420.0,12280.0,12360.0,nan,12350.662,167001,20625728300.0,209904,12420.0,201,12415.0,198,12425.0,541,12410.0,215,12430.0,488,12405.0,188,12435.0,281,12400.0,241,12440.0,233,12395.0,163
1597988348142889984,1597988348430000128,2020-08-21 13:39:08.430000,12420.0,12420.0,12280.0,12360.0,nan,12350.662,167003,20625976700.0,209905,12420.0,199,12415.0,197,12425.0,541,12410.0,215,12430.0,488,12405.0,188,12435.0,281,12400.0,241,12440.0,233,12395.0,163
1597988348638703104,1597988348932000000,2020-08-21 13:39:08.932000,12420.0,12420.0,12280.0,12360.0,nan,12350.663,167005,20626225100.0,209906,12420.0,197,12415.0,197,12425.0,541,12410.0,215,12430.0,488,12405.0,188,12435.0,281,12400.0,241,12440.0,233,12395.0,163
1597988349194330880,1597988349437999872,2020-08-21 13:39:09.438000,12420.0,12420.0,12280.0,12360.0,nan,12350.665,167009,20626721850.0,209910,12420.0,193,12415.0,196,12425.0,541,12410.0,214,12430.0,488,12405.0,188,12435.0,281,12400.0,241,12440.0,233,12395.0,163
1597988349623420928,1597988349898000128,2020-08-21 13:39:09.898000,12420.0,12420.0,12280.0,12360.0,nan,12350.665,167010,20626846050.0,209911,12420.0,192,12415.0,197,12425.0,541,12410.0,214,12430.0,488,12405.0,188,12435.0,281,12400.0,241,12440.0,233,12395.0,163
1597988350113993984,1597988350412000000,2020-08-21 13:39:10.412000,12415.0,12420.0,12280.0,12360.0,nan,12350.666,167011,20626970200.0,209912,12420.0,192,12415.0,196,12425.0,541,12410.0,214,12430.0,488,12405.0,188,12435.0,281,12400.0,241,12440.0,233,12395.0,163
1597988350659005952,1597988350888000000,2020-08-21 13:39:10.888000,12420.0,12420.0,12280.0,12360.0,nan,12350.666,167012,20627094400.0,209913,12420.0,194,12415.0,196,12425.0,541,12410.0,216,12430.0,488,12405.0,188,12435.0,281,12400.0,242,12440.0,233,12395.0,163
1597988351144397056,1597988351423000064,2020-08-21 13:39:11.423000,12420.0,12420.0,12280.0,12360.0,nan,12350.666,167013,20627218600.0,209914,12420.0,193,12415.0,196,12425.0,541,12410.0,216,12430.0,488,12405.0,188,12435.0,281,12400.0,242,12440.0,233,12395.0,163
1597988351767060992,1597988351935000064,2020-08-21 13:39:11.935000,12420.0,12420.0,12280.0,12360.0,nan,12350.666,167013,20627218600.0,209914,12420.0,193,12415.0,196,12425.0,541,12410.0,216,12430.0,488,12405.0,188,12435.0,281,12400.0,242,12440.0,233,12395.0,165
1597988352124945920,1597988352436999936,2020-08-21 13:39:12.437000,12420.0,12420.0,12280.0,12360.0,nan,12350.666,167013,20627218600.0,209914,12420.0,193,12415.0,199,12425.0,541,12410.0,216,12430.0,488,12405.0,188,12435.0,281,12400.0,242,12440.0,233,12395.0,165
1597988352686032896,1597988352927000064,2020-08-21 13:39:12.927000,12420.0,12420.0,12280.0,12360.0,nan,12350.667,167014,20627342800.0,209915,12420.0,192,12415.0,200,12425.0,541,12410.0,216,12430.0,488,12405.0,188,12435.0,281,12400.0,242,12440.0,233,12395.0,165
1597988353177324032,1597988353404999936,2020-08-21 13:39:13.405000,12415.0,12420.0,12280.0,12360.0,nan,12350.667,167015,20627466950.0,209916,12420.0,192,12415.0,199,12425.0,541,12410.0,216,12430.0,488,12405.0,188,12435.0,281,12400.0,242,12440.0,233,12395.0,165
1597988353631932928,1597988353924999936,2020-08-21 13:39:13.925000,12415.0,12420.0,12280.0,12360.0,nan,12350.667,167015,20627466950.0,209916,12420.0,192,12415.0,187,12425.0,541,12410.0,217,12430.0,488,12405.0,188,12435.0,281,12400.0,242,12440.0,233,12395.0,165
1597988354130085120,1597988354382999808,2020-08-21 13:39:14.383000,12415.0,12420.0,12280.0,12360.0,nan,12350.667,167015,20627466950.0,209916,12420.0,192,12415.0,190,12425.0,541,12410.0,216,12430.0,488,12405.0,188,12435.0,281,12400.0,242,12440.0,233,12395.0,165
1597988354634799104,1597988354903000064,2020-08-21 13:39:14.903000,12415.0,12420.0,12280.0,12360.0,nan,12350.668,167016,20627591100.0,209916,12420.0,192,12415.0,190,12425.0,541,12410.0,216,12430.0,488,12405.0,188,12435.0,281,12400.0,242,12440.0,233,12395.0,165
1597988355123017984,1597988355434000128,2020-08-21 13:39:15.434000,12420.0,12420.0,12280.0,12360.0,nan,12350.671,167025,20628708900.0,209919,12420.0,183,12415.0,191,12425.0,541,12410.0,216,12430.0,488,12405.0,188,12435.0,281,12400.0,242,12440.0,233,12395.0,165
1597988355631225088,1597988355934000128,2020-08-21 13:39:15.934000,12420.0,12420.0,12280.0,12360.0,nan,12350.671,167025,20628708900.0,209919,12420.0,187,12415.0,191,12425.0,541,12410.0,216,12430.0,488,12405.0,188,12435.0,281,12400.0,244,12440.0,233,12395.0,165
1597988356125510912,1597988356436000000,2020-08-21 13:39:16.436000,12420.0,12420.0,12280.0,12360.0,nan,12350.677,167039,20630447700.0,209925,12420.0,178,12415.0,191,12425.0,541,12410.0,216,12430.0,489,12405.0,188,12435.0,281,12400.0,244,12440.0,233,12395.0,165
1597988356629964032,1597988356924999936,2020-08-21 13:39:16.925000,12415.0,12420.0,12280.0,12360.0,nan,12350.687,167062,20633304250.0,209926,12420.0,160,12415.0,197,12425.0,541,12410.0,216,12430.0,489,12405.0,188,12435.0,281,12400.0,244,12440.0,233,12395.0,165
1597988357129744896,1597988357430000128,2020-08-21 13:39:17.430000,12420.0,12420.0,12280.0,12360.0,nan,12350.689,167067,20633925250.0,209927,12420.0,155,12415.0,202,12425.0,541,12410.0,216,12430.0,489,12405.0,188,12435.0,281,12400.0,244,12440.0,233,12395.0,165
1597988357630647040,1597988357931000064,2020-08-21 13:39:17.931000,12420.0,12420.0,12280.0,12360.0,nan,12350.689,167067,20633925250.0,209927,12420.0,155,12415.0,202,12425.0,541,12410.0,216,12430.0,488,12405.0,190,12435.0,281,12400.0,244,12440.0,233,12395.0,165
1597988358130713088,1597988358344000000,2020-08-21 13:39:18.344000,12420.0,12420.0,12280.0,12360.0,nan,12350.69,167069,20634173600.0,209927,12420.0,154,12415.0,201,12425.0,541,12410.0,216,12430.0,488,12405.0,190,12435.0,281,12400.0,244,12440.0,233,12395.0,165
1597988358630525952,1597988358920000000,2020-08-21 13:39:18.920000,12420.0,12420.0,12280.0,12360.0,nan,12350.694,167080,20635539750.0,209931,12420.0,145,12415.0,200,12425.0,541,12410.0,216,12430.0,488,12405.0,190,12435.0,281,12400.0,244,12440.0,233,12395.0,165
1597988359148601088,1597988359424999936,2020-08-21 13:39:19.425000,12420.0,12420.0,12280.0,12360.0,nan,12350.705,167107,20638893150.0,209943,12420.0,138,12415.0,200,12425.0,540,12410.0,216,12430.0,488,12405.0,190,12435.0,281,12400.0,244,12440.0,233,12395.0,165
1597988359619288064,1597988359923000064,2020-08-21 13:39:19.923000,12420.0,12420.0,12280.0,12360.0,nan,12350.712,167124,20641004550.0,209947,12420.0,120,12415.0,200,12425.0,540,12410.0,217,12430.0,488,12405.0,190,12435.0,281,12400.0,244,12440.0,233,12395.0,165
1597988360124792064,1597988360408999936,2020-08-21 13:39:20.409000,12420.0,12420.0,12280.0,12360.0,nan,12350.718,167138,20642743350.0,209948,12420.0,106,12415.0,199,12425.0,543,12410.0,217,12430.0,488,12405.0,190,12435.0,281,12400.0,245,12440.0,233,12395.0,165
1597988360619212032,1597988360845999872,2020-08-21 13:39:20.846000,12420.0,12420.0,12280.0,12360.0,nan,12350.731,167170,20646716250.0,209944,12420.0,105,12415.0,166,12425.0,543,12410.0,217,12430.0,488,12405.0,190,12435.0,281,12400.0,245,12440.0,233,12395.0,165
1597988361129001984,1597988361430000128,2020-08-21 13:39:21.430000,12420.0,12420.0,12280.0,12360.0,nan,12350.742,167197,20650069650.0,209962,12420.0,100,12415.0,169,12425.0,543,12410.0,227,12430.0,488,12405.0,190,12435.0,281,12400.0,245,12440.0,233,12395.0,165
1597988361623802112,1597988361904000000,2020-08-21 13:39:21.904000,12420.0,12420.0,12280.0,12360.0,nan,12350.742,167198,20650193850.0,209961,12420.0,94,12415.0,158,12425.0,543,12410.0,227,12430.0,488,12405.0,190,12435.0,283,12400.0,245,12440.0,233,12395.0,165
1597988362139444992,1597988362424999936,2020-08-21 13:39:22.425000,12420.0,12420.0,12280.0,12360.0,nan,12350.749,167214,20652181050.0,209969,12420.0,80,12415.0,159,12425.0,543,12410.0,226,12430.0,488,12405.0,190,12435.0,283,12400.0,245,12440.0,233,12395.0,166
1597988362669583872,1597988362903000064,2020-08-21 13:39:22.903000,12420.0,12420.0,12280.0,12360.0,nan,12350.768,167261,20658018450.0,209974,12420.0,37,12415.0,160,12425.0,543,12410.0,226,12430.0,488,12405.0,190,12435.0,283,12400.0,245,12440.0,233,12395.0,166
1597988363140120064,1597988363433000192,2020-08-21 13:39:23.433000,12420.0,12420.0,12280.0,12360.0,nan,12350.784,167298,20662613850.0,209965,12425.0,543,12420.0,34,12430.0,488,12415.0,163,12435.0,283,12410.0,226,12440.0,233,12405.0,191,12445.0,289,12400.0,245
1597988363627890944,1597988363923000064,2020-08-21 13:39:23.923000,12425.0,12425.0,12280.0,12360.0,nan,12350.833,167418,20677517900.0,210010,12425.0,562,12420.0,6,12430.0,488,12415.0,124,12435.0,283,12410.0,225,12440.0,234,12405.0,191,12445.0,291,12400.0,244
1597988364116325120,1597988364416000000,2020-08-21 13:39:24.416000,12415.0,12425.0,12280.0,12360.0,nan,12350.866,167499,20687577650.0,210005,12420.0,14,12415.0,114,12425.0,562,12410.0,225,12430.0,488,12405.0,193,12435.0,284,12400.0,243,12440.0,234,12395.0,165
1597988364637210880,1597988364924999936,2020-08-21 13:39:24.925000,12420.0,12425.0,12280.0,12360.0,nan,12350.867,167501,20687826050.0,210004,12420.0,17,12415.0,156,12425.0,562,12410.0,225,12430.0,488,12405.0,193,12435.0,285,12400.0,243,12440.0,234,12395.0,165
1597988365132774912,1597988365427000064,2020-08-21 13:39:25.427000,12420.0,12425.0,12280.0,12360.0,nan,12350.874,167518,20689937450.0,210000,12425.0,563,12420.0,93,12430.0,493,12415.0,158,12435.0,285,12410.0,227,12440.0,234,12405.0,195,12445.0,292,12400.0,243
1597988365630804992,1597988365927000064,2020-08-21 13:39:25.927000,12420.0,12425.0,12280.0,12360.0,nan,12350.875,167520,20690185850.0,210001,12425.0,565,12420.0,114,12430.0,494,12415.0,157,12435.0,285,12410.0,227,12440.0,234,12405.0,195,12445.0,292,12400.0,242
1597988366194856960,1597988366421999872,2020-08-21 13:39:26.422000,12420.0,12425.0,12280.0,12360.0,nan,12350.875,167521,20690310050.0,210002,12425.0,554,12420.0,117,12430.0,494,12415.0,158,12435.0,285,12410.0,227,12440.0,234,12405.0,195,12445.0,292,12400.0,242
1597988366652367872,1597988366920000000,2020-08-21 13:39:26.920000,12420.0,12425.0,12280.0,12360.0,nan,12350.878,167527,20691055350.0,210002,12425.0,555,12420.0,119,12430.0,494,12415.0,158,12435.0,285,12410.0,227,12440.0,234,12405.0,195,12445.0,292,12400.0,242
1597988367176265984,1597988367416000000,2020-08-21 13:39:27.416000,12420.0,12425.0,12280.0,12360.0,nan,12350.878,167527,20691055350.0,210002,12425.0,555,12420.0,120,12430.0,494,12415.0,158,12435.0,285,12410.0,227,12440.0,234,12405.0,195,12445.0,292,12400.0,242
1597988367665462016,1597988367901999872,2020-08-21 13:39:27.902000,12420.0,12425.0,12280.0,12360.0,nan,12350.879,167530,20691428000.0,210003,12425.0,554,12420.0,121,12430.0,494,12415.0,158,12435.0,285,12410.0,227,12440.0,234,12405.0,195,12445.0,292,12400.0,242
1597988368127089920,1597988368420999936,2020-08-21 13:39:28.421000,12420.0,12425.0,12280.0,12360.0,nan,12350.88,167532,20691676400.0,210004,12425.0,555,12420.0,119,12430.0,494,12415.0,158,12435.0,285,12410.0,227,12440.0,234,12405.0,195,12445.0,292,12400.0,242
1597988368619473920,1597988368928999936,2020-08-21 13:39:28.929000,12420.0,12425.0,12280.0,12360.0,nan,12350.88,167533,20691800600.0,210004,12425.0,555,12420.0,119,12430.0,494,12415.0,140,12435.0,285,12410.0,226,12440.0,234,12405.0,195,12445.0,292,12400.0,242
1597988369133271040,1597988369394000128,2020-08-21 13:39:29.394000,12420.0,12425.0,12280.0,12360.0,nan,12350.883,167538,20692421600.0,210009,12425.0,556,12420.0,114,12430.0,494,12415.0,140,12435.0,286,12410.0,226,12440.0,234,12405.0,195,12445.0,292,12400.0,242
1597988369625383936,1597988369829999872,2020-08-21 13:39:29.830000,12420.0,12425.0,12280.0,12360.0,nan,12350.885,167543,20693042650.0,210012,12425.0,557,12420.0,108,12430.0,494,12415.0,140,12435.0,286,12410.0,226,12440.0,234,12405.0,195,12445.0,292,12400.0,241
1597988370138274048,1597988370428999936,2020-08-21 13:39:30.429000,12420.0,12425.0,12280.0,12360.0,nan,12350.885,167544,20693166850.0,210012,12425.0,555,12420.0,110,12430.0,494,12415.0,140,12435.0,286,12410.0,226,12440.0,234,12405.0,195,12445.0,292,12400.0,241
1597988370648794112,1597988370926000128,2020-08-21 13:39:30.926000,12420.0,12425.0,12280.0,12360.0,nan,12350.885,167545,20693291050.0,210013,12425.0,595,12420.0,110,12430.0,494,12415.0,140,12435.0,286,12410.0,229,12440.0,234,12405.0,195,12445.0,292,12400.0,241
1597988371130563072,1597988371364000000,2020-08-21 13:39:31.364000,12420.0,12425.0,12280.0,12360.0,nan,12350.898,167576,20697141250.0,210032,12425.0,598,12420.0,72,12430.0,494,12415.0,140,12435.0,286,12410.0,229,12440.0,234,12405.0,195,12445.0,292,12400.0,241
1597988371636016128,1597988371914000128,2020-08-21 13:39:31.914000,12420.0,12425.0,12280.0,12360.0,nan,12350.928,167647,20705959450.0,210075,12420.0,111,12415.0,141,12425.0,596,12410.0,229,12430.0,494,12405.0,195,12435.0,286,12400.0,241,12440.0,234,12395.0,164
1597988372129842944,1597988372426000128,2020-08-21 13:39:32.426000,12420.0,12425.0,12280.0,12360.0,nan,12350.928,167648,20706083650.0,210076,12420.0,139,12415.0,142,12425.0,595,12410.0,229,12430.0,494,12405.0,195,12435.0,286,12400.0,241,12440.0,234,12395.0,164
1597988372634507008,1597988372927000064,2020-08-21 13:39:32.927000,12420.0,12425.0,12280.0,12360.0,nan,12350.93,167654,20706828800.0,210080,12420.0,135,12415.0,135,12425.0,596,12410.0,229,12430.0,494,12405.0,195,12435.0,286,12400.0,241,12440.0,234,12395.0,164
1597988373133341952,1597988373426000128,2020-08-21 13:39:33.426000,12420.0,12425.0,12280.0,12360.0,nan,12350.932,167657,20707201400.0,210083,12420.0,135,12415.0,135,12425.0,596,12410.0,229,12430.0,494,12405.0,195,12435.0,286,12400.0,241,12440.0,234,12395.0,164
1597988373629352960,1597988373934000128,2020-08-21 13:39:33.934000,12420.0,12425.0,12280.0,12360.0,nan,12350.932,167657,20707201400.0,210083,12420.0,136,12415.0,135,12425.0,597,12410.0,229,12430.0,494,12405.0,195,12435.0,286,12400.0,241,12440.0,234,12395.0,164
1597988374134817024,1597988374433000192,2020-08-21 13:39:34.433000,12420.0,12425.0,12280.0,12360.0,nan,12350.932,167657,20707201400.0,210083,12420.0,127,12415.0,132,12425.0,598,12410.0,229,12430.0,494,12405.0,195,12435.0,287,12400.0,241,12440.0,234,12395.0,164
1597988374691486976,1597988374936999936,2020-08-21 13:39:34.937000,12420.0,12425.0,12280.0,12360.0,nan,12350.932,167658,20707325600.0,210084,12420.0,127,12415.0,134,12425.0,598,12410.0,229,12430.0,494,12405.0,195,12435.0,287,12400.0,240,12440.0,234,12395.0,164
1597988375130721024,1597988375430000128,2020-08-21 13:39:35.430000,12420.0,12425.0,12280.0,12360.0,nan,12350.932,167658,20707325600.0,210084,12420.0,121,12415.0,133,12425.0,598,12410.0,229,12430.0,494,12405.0,195,12435.0,287,12400.0,240,12440.0,234,12395.0,164
1597988375647578112,1597988375897000192,2020-08-21 13:39:35.897000,12420.0,12425.0,12280.0,12360.0,nan,12350.932,167658,20707325600.0,210084,12420.0,121,12415.0,135,12425.0,598,12410.0,229,12430.0,494,12405.0,195,12435.0,287,12400.0,240,12440.0,234,12395.0,164
1597988376126036992,1597988376411000064,2020-08-21 13:39:36.411000,12420.0,12425.0,12280.0,12360.0,nan,12350.932,167658,20707325600.0,210084,12420.0,122,12415.0,131,12425.0,599,12410.0,229,12430.0,494,12405.0,195,12435.0,287,12400.0,240,12440.0,234,12395.0,164
1597988376643352064,1597988376935000064,2020-08-21 13:39:36.935000,12420.0,12425.0,12280.0,12360.0,nan,12350.932,167658,20707325600.0,210084,12420.0,137,12415.0,126,12425.0,599,12410.0,230,12430.0,496,12405.0,195,12435.0,287,12400.0,237,12440.0,234,12395.0,164
1597988377132389888,1597988377420999936,2020-08-21 13:39:37.421000,12420.0,12425.0,12280.0,12360.0,nan,12350.933,167660,20707574000.0,210084,12420.0,136,12415.0,118,12425.0,599,12410.0,230,12430.0,496,12405.0,195,12435.0,287,12400.0,237,12440.0,234,12395.0,164
1597988377643365120,1597988377936000000,2020-08-21 13:39:37.936000,12415.0,12425.0,12280.0,12360.0,nan,12350.934,167663,20707946450.0,210081,12420.0,138,12415.0,114,12425.0,599,12410.0,230,12430.0,496,12405.0,196,12435.0,287,12400.0,237,12440.0,234,12395.0,164
1597988378141530880,1597988378437999872,2020-08-21 13:39:38.438000,12415.0,12425.0,12280.0,12360.0,nan,12350.936,167667,20708443050.0,210077,12420.0,139,12415.0,113,12425.0,599,12410.0,230,12430.0,496,12405.0,196,12435.0,287,12400.0,237,12440.0,234,12395.0,164
1597988378620150016,1597988378920999936,2020-08-21 13:39:38.921000,12415.0,12425.0,12280.0,12360.0,nan,12350.936,167667,20708443050.0,210077,12420.0,142,12415.0,113,12425.0,604,12410.0,230,12430.0,496,12405.0,196,12435.0,287,12400.0,237,12440.0,234,12395.0,164
1597988379116350976,1597988379394000128,2020-08-21 13:39:39.394000,12420.0,12425.0,12280.0,12360.0,nan,12350.94,167678,20709809250.0,210077,12420.0,131,12415.0,112,12425.0,604,12410.0,230,12430.0,496,12405.0,196,12435.0,287,12400.0,237,12440.0,234,12395.0,164
1597988379619783936,1597988379928000000,2020-08-21 13:39:39.928000,12420.0,12425.0,12280.0,12360.0,nan,12350.943,167685,20710678650.0,210077,12420.0,126,12415.0,113,12425.0,604,12410.0,230,12430.0,496,12405.0,196,12435.0,287,12400.0,246,12440.0,234,12395.0,164
1597988380148171008,1597988380382999808,2020-08-21 13:39:40.383000,12420.0,12425.0,12280.0,12360.0,nan,12350.943,167685,20710678650.0,210077,12420.0,127,12415.0,113,12425.0,604,12410.0,230,12430.0,496,12405.0,196,12435.0,287,12400.0,246,12440.0,234,12395.0,164
1597988380659770880,1597988380934000128,2020-08-21 13:39:40.934000,12420.0,12425.0,12280.0,12360.0,nan,12350.945,167690,20711299650.0,210077,12420.0,125,12415.0,113,12425.0,604,12410.0,232,12430.0,496,12405.0,196,12435.0,287,12400.0,246,12440.0,234,12395.0,164
1597988381148177920,1597988381404000000,2020-08-21 13:39:41.404000,12420.0,12425.0,12280.0,12360.0,nan,12350.945,167690,20711299650.0,210077,12420.0,132,12415.0,113,12425.0,600,12410.0,232,12430.0,496,12405.0,199,12435.0,287,12400.0,246,12440.0,234,12395.0,164
1597988381633446912,1597988381904999936,2020-08-21 13:39:41.905000,12420.0,12425.0,12280.0,12360.0,nan,12350.946,167692,20711548050.0,210077,12420.0,131,12415.0,113,12425.0,600,12410.0,232,12430.0,497,12405.0,199,12435.0,287,12400.0,246,12440.0,234,12395.0,164
1597988382124016896,1597988382435000064,2020-08-21 13:39:42.435000,12420.0,12425.0,12280.0,12360.0,nan,12350.949,167701,20712665700.0,210074,12420.0,125,12415.0,111,12425.0,601,12410.0,232,12430.0,496,12405.0,198,12435.0,287,12400.0,237,12440.0,234,12395.0,164
1597988382644176896,1597988382921999872,2020-08-21 13:39:42.922000,12420.0,12425.0,12280.0,12360.0,nan,12350.954,167712,20714031900.0,210074,12420.0,114,12415.0,112,12425.0,561,12410.0,232,12430.0,496,12405.0,207,12435.0,287,12400.0,237,12440.0,234,12395.0,164
1597988383119162880,1597988383423000064,2020-08-21 13:39:43.423000,12420.0,12425.0,12280.0,12360.0,nan,12350.954,167712,20714031900.0,210074,12420.0,115,12415.0,126,12425.0,563,12410.0,232,12430.0,496,12405.0,207,12435.0,287,12400.0,237,12440.0,234,12395.0,164
1597988383622419968,1597988383916000000,2020-08-21 13:39:43.916000,12420.0,12425.0,12280.0,12360.0,nan,12350.954,167712,20714031900.0,210074,12420.0,116,12415.0,126,12425.0,563,12410.0,232,12430.0,496,12405.0,207,12435.0,287,12400.0,237,12440.0,234,12395.0,164
1597988384144274944,1597988384434000128,2020-08-21 13:39:44.434000,12420.0,12425.0,12280.0,12360.0,nan,12350.954,167713,20714156100.0,210074,12420.0,120,12415.0,126,12425.0,563,12410.0,232,12430.0,496,12405.0,207,12435.0,287,12400.0,237,12440.0,234,12395.0,164
1597988384634288896,1597988384924000000,2020-08-21 13:39:44.924000,12420.0,12425.0,12280.0,12360.0,nan,12350.954,167713,20714156100.0,210074,12420.0,122,12415.0,133,12425.0,564,12410.0,232,12430.0,496,12405.0,207,12435.0,287,12400.0,237,12440.0,234,12395.0,164
1597988385137554944,1597988385400999936,2020-08-21 13:39:45.401000,12420.0,12425.0,12280.0,12360.0,nan,12350.955,167715,20714404500.0,210074,12420.0,121,12415.0,134,12425.0,564,12410.0,232,12430.0,501,12405.0,207,12435.0,287,12400.0,237,12440.0,234,12395.0,164
1597988385613100032,1597988385924000000,2020-08-21 13:39:45.924000,12415.0,12425.0,12280.0,12360.0,nan,12350.956,167716,20714528650.0,210073,12420.0,121,12415.0,133,12425.0,564,12410.0,232,12430.0,500,12405.0,207,12435.0,287,12400.0,237,12440.0,234,12395.0,164
1597988386151186944,1597988386428999936,2020-08-21 13:39:46.429000,12420.0,12425.0,12280.0,12360.0,nan,12350.956,167717,20714652850.0,210073,12420.0,121,12415.0,133,12425.0,564,12410.0,232,12430.0,500,12405.0,207,12435.0,288,12400.0,241,12440.0,234,12395.0,164
1597988386624602880,1597988386927000064,2020-08-21 13:39:46.927000,12415.0,12425.0,12280.0,12360.0,nan,12350.956,167718,20714777000.0,210072,12420.0,121,12415.0,132,12425.0,566,12410.0,232,12430.0,500,12405.0,207,12435.0,288,12400.0,241,12440.0,234,12395.0,164
1597988387139762944,1597988387426000128,2020-08-21 13:39:47.426000,12415.0,12425.0,12280.0,12360.0,nan,12350.956,167718,20714777000.0,210072,12420.0,121,12415.0,133,12425.0,566,12410.0,232,12430.0,500,12405.0,207,12435.0,288,12400.0,241,12440.0,234,12395.0,164
1597988387632665088,1597988387872000000,2020-08-21 13:39:47.872000,12415.0,12425.0,12280.0,12360.0,nan,12350.956,167718,20714777000.0,210072,12420.0,121,12415.0,133,12425.0,566,12410.0,232,12430.0,502,12405.0,207,12435.0,288,12400.0,241,12440.0,234,12395.0,164
1597988388143217920,1597988388436999936,2020-08-21 13:39:48.437000,12415.0,12425.0,12280.0,12360.0,nan,12350.956,167718,20714777000.0,210072,12420.0,122,12415.0,134,12425.0,567,12410.0,232,12430.0,502,12405.0,207,12435.0,288,12400.0,241,12440.0,234,12395.0,164
1597988388631435008,1597988388936000000,2020-08-21 13:39:48.936000,12420.0,12425.0,12280.0,12360.0,nan,12350.957,167719,20714901200.0,210072,12420.0,122,12415.0,134,12425.0,568,12410.0,232,12430.0,502,12405.0,207,12435.0,288,12400.0,241,12440.0,234,12395.0,164
1597988389135539968,1597988389374000128,2020-08-21 13:39:49.374000,12420.0,12425.0,12280.0,12360.0,nan,12350.957,167720,20715025400.0,210071,12420.0,128,12415.0,134,12425.0,568,12410.0,232,12430.0,502,12405.0,207,12435.0,288,12400.0,241,12440.0,234,12395.0,164
1597988389614648064,1597988389934000128,2020-08-21 13:39:49.934000,12415.0,12425.0,12280.0,12360.0,nan,12350.958,167721,20715149550.0,210071,12420.0,127,12415.0,133,12425.0,568,12410.0,232,12430.0,502,12405.0,207,12435.0,288,12400.0,241,12440.0,234,12395.0,164
1597988390160871936,1597988390432000000,2020-08-21 13:39:50.432000,12420.0,12425.0,12280.0,12360.0,nan,12350.96,167728,20716018950.0,210071,12420.0,120,12415.0,129,12425.0,568,12410.0,232,12430.0,502,12405.0,207,12435.0,288,12400.0,241,12440.0,234,12395.0,164
1597988390633306112,1597988390937999872,2020-08-21 13:39:50.938000,12420.0,12425.0,12280.0,12360.0,nan,12350.96,167728,20716018950.0,210071,12420.0,121,12415.0,129,12425.0,568,12410.0,232,12430.0,502,12405.0,207,12435.0,288,12400.0,241,12440.0,234,12395.0,164
1597988391141742080,1597988391348000000,2020-08-21 13:39:51.348000,12420.0,12425.0,12280.0,12360.0,nan,12350.96,167728,20716018950.0,210071,12420.0,135,12415.0,129,12425.0,568,12410.0,232,12430.0,502,12405.0,207,12435.0,288,12400.0,241,12440.0,234,12395.0,164
1597988391630006016,1597988391932000000,2020-08-21 13:39:51.932000,12420.0,12425.0,12280.0,12360.0,nan,12350.96,167728,20716018950.0,210071,12420.0,134,12415.0,122,12425.0,568,12410.0,232,12430.0,502,12405.0,207,12435.0,288,12400.0,241,12440.0,234,12395.0,164
1597988392131656960,1597988392435000064,2020-08-21 13:39:52.435000,12420.0,12425.0,12280.0,12360.0,nan,12350.96,167728,20716018950.0,210071,12420.0,135,12415.0,123,12425.0,568,12410.0,232,12430.0,502,12405.0,207,12435.0,288,12400.0,241,12440.0,234,12395.0,164
1597988392628672000,1597988392937999872,2020-08-21 13:39:52.938000,12420.0,12425.0,12280.0,12360.0,nan,12350.961,167729,20716143150.0,210070,12420.0,134,12415.0,123,12425.0,569,12410.0,232,12430.0,502,12405.0,207,12435.0,288,12400.0,241,12440.0,234,12395.0,164
1597988393164329984,1597988393432000000,2020-08-21 13:39:53.432000,12415.0,12425.0,12280.0,12360.0,nan,12350.961,167730,20716267300.0,210070,12420.0,134,12415.0,123,12425.0,570,12410.0,232,12430.0,501,12405.0,208,12435.0,288,12400.0,241,12440.0,234,12395.0,164
1597988393621336064,1597988393904999936,2020-08-21 13:39:53.905000,12415.0,12425.0,12280.0,12360.0,nan,12350.97,167752,20718999600.0,210068,12420.0,115,12415.0,121,12425.0,570,12410.0,232,12430.0,501,12405.0,208,12435.0,288,12400.0,241,12440.0,234,12395.0,164
1597988394117350912,1597988394424999936,2020-08-21 13:39:54.425000,12420.0,12425.0,12280.0,12360.0,nan,12350.972,167757,20719620400.0,210064,12420.0,124,12415.0,117,12425.0,570,12410.0,232,12430.0,501,12405.0,208,12435.0,288,12400.0,241,12440.0,234,12395.0,164
1597988394650266880,1597988394903000064,2020-08-21 13:39:54.903000,12420.0,12425.0,12280.0,12360.0,nan,12350.972,167757,20719620400.0,210064,12420.0,138,12415.0,117,12425.0,571,12410.0,232,12430.0,501,12405.0,208,12435.0,288,12400.0,241,12440.0,234,12395.0,164
1597988395133755904,1597988395416000000,2020-08-21 13:39:55.416000,12420.0,12425.0,12280.0,12360.0,nan,12350.977,167768,20720986600.0,210064,12420.0,128,12415.0,117,12425.0,571,12410.0,232,12430.0,502,12405.0,208,12435.0,288,12400.0,241,12440.0,234,12395.0,164
1597988395633171968,1597988395937999872,2020-08-21 13:39:55.938000,12420.0,12425.0,12280.0,12360.0,nan,12350.977,167769,20721110800.0,210064,12420.0,129,12415.0,118,12425.0,571,12410.0,232,12430.0,502,12405.0,208,12435.0,288,12400.0,241,12440.0,234,12395.0,164
1597988396136442112,1597988396436000000,2020-08-21 13:39:56.436000,12420.0,12425.0,12280.0,12360.0,nan,12350.977,167769,20721110800.0,210064,12420.0,130,12415.0,117,12425.0,571,12410.0,232,12430.0,502,12405.0,208,12435.0,288,12400.0,241,12440.0,234,12395.0,164
1597988396684839936,1597988396937999872,2020-08-21 13:39:56.938000,12420.0,12425.0,12280.0,12360.0,nan,12350.977,167769,20721110800.0,210064,12420.0,130,12415.0,119,12425.0,571,12410.0,232,12430.0,502,12405.0,208,12435.0,288,12400.0,242,12440.0,234,12395.0,164
1597988397134464000,1597988397437999872,2020-08-21 13:39:57.438000,12420.0,12425.0,12280.0,12360.0,nan,12350.977,167769,20721110800.0,210064,12420.0,130,12415.0,121,12425.0,571,12410.0,232,12430.0,502,12405.0,208,12435.0,288,12400.0,242,12440.0,234,12395.0,164
1597988397647965952,1597988397901999872,2020-08-21 13:39:57.902000,12420.0,12425.0,12280.0,12360.0,nan,12350.977,167769,20721110800.0,210064,12420.0,131,12415.0,121,12425.0,571,12410.0,232,12430.0,502,12405.0,208,12435.0,288,12400.0,242,12440.0,234,12395.0,164
1597988398172046080,1597988398421999872,2020-08-21 13:39:58.422000,12420.0,12425.0,12280.0,12360.0,nan,12350.978,167770,20721235000.0,210064,12420.0,130,12415.0,123,12425.0,571,12410.0,232,12430.0,502,12405.0,208,12435.0,288,12400.0,242,12440.0,234,12395.0,164
1597988398630150912,1597988398860999936,2020-08-21 13:39:58.861000,12420.0,12425.0,12280.0,12360.0,nan,12350.98,167775,20721856000.0,210064,12420.0,126,12415.0,124,12425.0,571,12410.0,232,12430.0,502,12405.0,208,12435.0,288,12400.0,242,12440.0,234,12395.0,164
1597988399128805888,1597988399408999936,2020-08-21 13:39:59.409000,12420.0,12425.0,12280.0,12360.0,nan,12350.98,167775,20721856000.0,210064,12420.0,131,12415.0,125,12425.0,571,12410.0,232,12430.0,502,12405.0,208,12435.0,288,12400.0,242,12440.0,234,12395.0,164
1597988399621521920,1597988399924999936,2020-08-21 13:39:59.925000,12420.0,12425.0,12280.0,12360.0,nan,12350.981,167779,20722352650.0,210065,12420.0,131,12415.0,132,12425.0,571,12410.0,232,12430.0,502,12405.0,208,12435.0,288,12400.0,242,12440.0,234,12395.0,164
1597988400140227072,1597988400420999936,2020-08-21 13:40:00.421000,12420.0,12425.0,12280.0,12360.0,nan,12350.981,167779,20722352650.0,210065,12420.0,131,12415.0,133,12425.0,571,12410.0,232,12430.0,502,12405.0,209,12435.0,289,12400.0,243,12440.0,235,12395.0,164
1597988400644103936,1597988400937999872,2020-08-21 13:40:00.938000,12420.0,12425.0,12280.0,12360.0,nan,12350.991,167802,20725209250.0,210072,12420.0,109,12415.0,154,12425.0,571,12410.0,232,12430.0,502,12405.0,209,12435.0,289,12400.0,243,12440.0,235,12395.0,164
1597988401119150080,1597988401428999936,2020-08-21 13:40:01.429000,12420.0,12425.0,12280.0,12360.0,nan,12351.005,167837,20729556200.0,210090,12420.0,79,12415.0,161,12425.0,570,12410.0,232,12430.0,502,12405.0,209,12435.0,289,12400.0,243,12440.0,235,12395.0,164
1597988401631970048,1597988401930000128,2020-08-21 13:40:01.930000,12420.0,12425.0,12280.0,12360.0,nan,12351.009,167846,20730673950.0,210090,12420.0,72,12415.0,161,12425.0,570,12410.0,232,12430.0,502,12405.0,209,12435.0,289,12400.0,243,12440.0,235,12395.0,164
1597988402152249088,1597988402413000192,2020-08-21 13:40:02.413000,12420.0,12425.0,12280.0,12360.0,nan,12351.009,167847,20730798150.0,210091,12420.0,71,12415.0,161,12425.0,570,12410.0,232,12430.0,502,12405.0,209,12435.0,289,12400.0,243,12440.0,235,12395.0,164
1597988402627369984,1597988402918999808,2020-08-21 13:40:02.919000,12420.0,12425.0,12280.0,12360.0,nan,12351.026,167889,20736014550.0,210111,12420.0,29,12415.0,161,12425.0,570,12410.0,232,12430.0,502,12405.0,209,12435.0,289,12400.0,243,12440.0,235,12395.0,164
1597988403134673920,1597988403432000000,2020-08-21 13:40:03.432000,12420.0,12425.0,12280.0,12360.0,nan,12351.041,167924,20740361550.0,210100,12425.0,571,12420.0,76,12430.0,504,12415.0,167,12435.0,289,12410.0,230,12440.0,236,12405.0,209,12445.0,322,12400.0,245
1597988403631877120,1597988403924000000,2020-08-21 13:40:03.924000,12420.0,12425.0,12280.0,12360.0,nan,12351.064,167980,20747316750.0,210151,12425.0,579,12420.0,77,12430.0,505,12415.0,165,12435.0,289,12410.0,232,12440.0,237,12405.0,207,12445.0,322,12400.0,246
1597988404166609920,1597988404411000064,2020-08-21 13:40:04.411000,12420.0,12425.0,12280.0,12360.0,nan,12351.064,167982,20747565150.0,210151,12425.0,570,12420.0,82,12430.0,505,12415.0,164,12435.0,289,12410.0,232,12440.0,237,12405.0,207,12445.0,322,12400.0,246
1597988404654904064,1597988404903000064,2020-08-21 13:40:04.903000,12420.0,12425.0,12280.0,12360.0,nan,12351.065,167984,20747813550.0,210152,12425.0,576,12420.0,87,12430.0,505,12415.0,164,12435.0,289,12410.0,232,12440.0,237,12405.0,207,12445.0,322,12400.0,246
1597988405156726016,1597988405420000000,2020-08-21 13:40:05.420000,12420.0,12425.0,12280.0,12360.0,nan,12351.067,167987,20748186150.0,210155,12425.0,577,12420.0,84,12430.0,505,12415.0,164,12435.0,289,12410.0,232,12440.0,237,12405.0,207,12445.0,322,12400.0,246
1597988405652327936,1597988405897000192,2020-08-21 13:40:05.897000,12420.0,12425.0,12280.0,12360.0,nan,12351.067,167989,20748434550.0,210156,12425.0,576,12420.0,82,12430.0,506,12415.0,165,12435.0,289,12410.0,232,12440.0,237,12405.0,207,12445.0,322,12400.0,246
1597988406150350080,1597988406427000064,2020-08-21 13:40:06.427000,12420.0,12425.0,12280.0,12360.0,nan,12351.068,167990,20748558750.0,210156,12425.0,576,12420.0,111,12430.0,515,12415.0,165,12435.0,289,12410.0,232,12440.0,237,12405.0,207,12445.0,322,12400.0,247
1597988406631834880,1597988406927000064,2020-08-21 13:40:06.927000,12425.0,12425.0,12280.0,12360.0,nan,12351.069,167992,20748807200.0,210156,12425.0,575,12420.0,111,12430.0,515,12415.0,167,12435.0,289,12410.0,232,12440.0,237,12405.0,207,12445.0,322,12400.0,247
1597988407278705920,1597988407437999872,2020-08-21 13:40:07.438000,12420.0,12425.0,12280.0,12360.0,nan,12351.072,167999,20749676900.0,210156,12425.0,569,12420.0,113,12430.0,515,12415.0,172,12435.0,289,12410.0,232,12440.0,237,12405.0,207,12445.0,322,12400.0,247
1597988407636369920,1597988407897000192,2020-08-21 13:40:07.897000,12420.0,12425.0,12280.0,12360.0,nan,12351.072,167999,20749676900.0,210156,12425.0,569,12420.0,113,12430.0,515,12415.0,172,12435.0,289,12410.0,233,12440.0,237,12405.0,207,12445.0,322,12400.0,247
1597988408153037056,1597988408431000064,2020-08-21 13:40:08.431000,12420.0,12425.0,12280.0,12360.0,nan,12351.072,168000,20749801100.0,210157,12425.0,569,12420.0,114,12430.0,515,12415.0,172,12435.0,289,12410.0,233,12440.0,237,12405.0,207,12445.0,322,12400.0,247
1597988408644344064,1597988408918999808,2020-08-21 13:40:08.919000,12420.0,12425.0,12280.0,12360.0,nan,12351.074,168005,20750422100.0,210162,12425.0,570,12420.0,110,12430.0,515,12415.0,172,12435.0,289,12410.0,233,12440.0,237,12405.0,207,12445.0,322,12400.0,247
1597988409131636992,1597988409415000064,2020-08-21 13:40:09.415000,12420.0,12425.0,12280.0,12360.0,nan,12351.075,168006,20750546300.0,210162,12425.0,570,12420.0,137,12430.0,515,12415.0,172,12435.0,290,12410.0,233,12440.0,237,12405.0,207,12445.0,322,12400.0,247
1597988409642298112,1597988409904999936,2020-08-21 13:40:09.905000,12420.0,12425.0,12280.0,12360.0,nan,12351.075,168007,20750670500.0,210162,12425.0,570,12420.0,143,12430.0,515,12415.0,172,12435.0,290,12410.0,233,12440.0,237,12405.0,207,12445.0,322,12400.0,247
1597988410115620096,1597988410403000064,2020-08-21 13:40:10.403000,12420.0,12425.0,12280.0,12360.0,nan,12351.092,168048,20755762700.0,210199,12425.0,575,12420.0,102,12430.0,515,12415.0,174,12435.0,290,12410.0,233,12440.0,237,12405.0,207,12445.0,322,12400.0,247
1597988410655341056,1597988410931000064,2020-08-21 13:40:10.931000,12420.0,12425.0,12280.0,12360.0,nan,12351.109,168091,20761103300.0,210196,12425.0,575,12420.0,62,12430.0,515,12415.0,173,12435.0,278,12410.0,232,12440.0,237,12405.0,207,12445.0,322,12400.0,242
1597988411124057088,1597988411436000000,2020-08-21 13:40:11.436000,12420.0,12425.0,12280.0,12360.0,nan,12351.114,168103,20762593700.0,210196,12425.0,575,12420.0,50,12430.0,515,12415.0,175,12435.0,278,12410.0,231,12440.0,237,12405.0,207,12445.0,322,12400.0,242
1597988411640342016,1597988411924999936,2020-08-21 13:40:11.925000,12420.0,12425.0,12280.0,12360.0,nan,12351.116,168108,20763214700.0,210198,12425.0,575,12420.0,49,12430.0,515,12415.0,175,12435.0,278,12410.0,231,12440.0,237,12405.0,207,12445.0,322,12400.0,242
1597988412118123008,1597988412411000064,2020-08-21 13:40:12.411000,12420.0,12425.0,12280.0,12360.0,nan,12351.12,168116,20764208650.0,210198,12425.0,568,12420.0,49,12430.0,516,12415.0,175,12435.0,278,12410.0,231,12440.0,237,12405.0,207,12445.0,322,12400.0,242
1597988412663610880,1597988412930000128,2020-08-21 13:40:12.930000,12425.0,12425.0,12280.0,12360.0,nan,12351.121,168118,20764457150.0,210198,12425.0,567,12420.0,48,12430.0,516,12415.0,174,12435.0,278,12410.0,230,12440.0,237,12405.0,207,12445.0,322,12400.0,242
1597988413156749056,1597988413426000128,2020-08-21 13:40:13.426000,12420.0,12425.0,12280.0,12360.0,nan,12351.122,168120,20764705550.0,210200,12425.0,567,12420.0,50,12430.0,516,12415.0,174,12435.0,278,12410.0,230,12440.0,237,12405.0,207,12445.0,322,12400.0,242
1597988413672180992,1597988413916000000,2020-08-21 13:40:13.916000,12420.0,12425.0,12280.0,12360.0,nan,12351.126,168131,20766071750.0,210204,12425.0,567,12420.0,40,12430.0,516,12415.0,174,12435.0,277,12410.0,230,12440.0,237,12405.0,207,12445.0,322,12400.0,242
1597988414145745920,1597988414356000000,2020-08-21 13:40:14.356000,12420.0,12425.0,12280.0,12360.0,nan,12351.133,168149,20768307350.0,210219,12425.0,568,12420.0,24,12430.0,516,12415.0,174,12435.0,277,12410.0,227,12440.0,238,12405.0,207,12445.0,322,12400.0,242
1597988414655300096,1597988414920999936,2020-08-21 13:40:14.921000,12420.0,12425.0,12280.0,12360.0,nan,12351.146,168180,20772157350.0,210230,12420.0,53,12415.0,173,12425.0,569,12410.0,227,12430.0,516,12405.0,207,12435.0,277,12400.0,242,12440.0,238,12395.0,161
1597988415127781120,1597988415437999872,2020-08-21 13:40:15.438000,12415.0,12425.0,12280.0,12360.0,nan,12351.146,168181,20772281500.0,210229,12420.0,72,12415.0,174,12425.0,564,12410.0,227,12430.0,516,12405.0,207,12435.0,278,12400.0,242,12440.0,238,12395.0,161
1597988415711904000,1597988415935000064,2020-08-21 13:40:15.935000,12415.0,12425.0,12280.0,12360.0,nan,12351.148,168185,20772778250.0,210226,12420.0,86,12415.0,173,12425.0,564,12410.0,227,12430.0,516,12405.0,207,12435.0,278,12400.0,242,12440.0,238,12395.0,161
1597988416139104000,1597988416325999872,2020-08-21 13:40:16.326000,12415.0,12425.0,12280.0,12360.0,nan,12351.148,168186,20772902400.0,210225,12420.0,88,12415.0,173,12425.0,561,12410.0,227,12430.0,513,12405.0,207,12435.0,279,12400.0,242,12440.0,238,12395.0,161
1597988416626600960,1597988416935000064,2020-08-21 13:40:16.935000,12420.0,12425.0,12280.0,12360.0,nan,12351.149,168187,20773026600.0,210225,12420.0,92,12415.0,174,12425.0,560,12410.0,227,12430.0,513,12405.0,207,12435.0,279,12400.0,242,12440.0,238,12395.0,161
1597988417150147072,1597988417744000000,2020-08-21 13:40:17.744000,12420.0,12425.0,12280.0,12360.0,nan,12351.149,168188,20773150800.0,210225,12420.0,96,12415.0,166,12425.0,566,12410.0,228,12430.0,514,12405.0,207,12435.0,279,12400.0,242,12440.0,238,12395.0,161
1597988417651241984,1597988417892999936,2020-08-21 13:40:17.893000,12420.0,12425.0,12280.0,12360.0,nan,12351.15,168190,20773399200.0,210225,12420.0,141,12415.0,166,12425.0,568,12410.0,228,12430.0,514,12405.0,207,12435.0,279,12400.0,242,12440.0,238,12395.0,161
1597988418141317120,1597988418427000064,2020-08-21 13:40:18.427000,12420.0,12425.0,12280.0,12360.0,nan,12351.15,168190,20773399200.0,210225,12420.0,144,12415.0,166,12425.0,568,12410.0,228,12430.0,514,12405.0,207,12435.0,279,12400.0,242,12440.0,238,12395.0,161
1597988418633562880,1597988418931000064,2020-08-21 13:40:18.931000,12415.0,12425.0,12280.0,12360.0,nan,12351.153,168197,20774268350.0,210225,12420.0,142,12415.0,161,12425.0,568,12410.0,226,12430.0,514,12405.0,207,12435.0,279,12400.0,242,12440.0,238,12395.0,161
1597988419138947072,1597988419430000128,2020-08-21 13:40:19.430000,12420.0,12425.0,12280.0,12360.0,nan,12351.153,168198,20774392550.0,210225,12420.0,148,12415.0,161,12425.0,564,12410.0,226,12430.0,515,12405.0,207,12435.0,279,12400.0,243,12440.0,238,12395.0,161
1597988419654331904,1597988419924999936,2020-08-21 13:40:19.925000,12420.0,12425.0,12280.0,12360.0,nan,12351.153,168198,20774392550.0,210225,12420.0,149,12415.0,161,12425.0,564,12410.0,226,12430.0,515,12405.0,207,12435.0,279,12400.0,243,12440.0,238,12395.0,161
1597988420116460032,1597988420433000192,2020-08-21 13:40:20.433000,12420.0,12425.0,12280.0,12360.0,nan,12351.153,168198,20774392550.0,210225,12420.0,150,12415.0,161,12425.0,564,12410.0,227,12430.0,515,12405.0,207,12435.0,279,12400.0,243,12440.0,238,12395.0,161
