local_nano_time,quote_nano_time,datetime,last_price,highest,lowest,open,close,average,volume,amount,open_interest,ask_price1,ask_volume1,bid_price1,bid_volume1,ask_price2,ask_volume2,bid_price2,bid_volume2,ask_price3,ask_volume3,bid_price3,bid_volume3,ask_price4,ask_volume4,bid_price4,bid_volume4,ask_price5,ask_volume5,bid_price5,bid_volume5
1597988230148480000,1597988230579000064,2020-08-21 13:37:10.579000,3904.0,3924.0,3868.0,3897.0,nan,3895.0,137537,5357579070.0,200060,3904.0,44,3903.0,242,nan,0,nan,0,nan,0,nan,0,nan,0,nan,0,nan,0,nan,0
1597988230634244096,1597988231226000128,2020-08-21 13:37:11.226000,3904.0,3924.0,3868.0,3897.0,nan,3895.0,137537,5357579070.0,200060,3904.0,64,3903.0,242,nan,0,nan,0,nan,0,nan,0,nan,0,nan,0,nan,0,nan,0
1597988231151769088,1597988231719000064,2020-08-21 13:37:11.719000,3903.0,3924.0,3868.0,3897.0,nan,3895.0,137541,5357735190.0,200060,3904.0,64,3903.0,238,nan,0,nan,0,nan,0,nan,0,nan,0,nan,0,nan,0,nan,0
1597988232175452928,1597988232732999936,2020-08-21 13:37:12.733000,3904.0,3924.0,3868.0,3897.0,nan,3895.0,137543,5357813270.0,200060,3904.0,65,3903.0,238,nan,0,nan,0,nan,0,nan,0,nan,0,nan,0,nan,0,nan,0
1597988233131385088,1597988233693000192,2020-08-21 13:37:13.693000,3904.0,3924.0,3868.0,3897.0,nan,3895.0,137544,5357852310.0,200061,3904.0,64,3903.0,238,nan,0,nan,0,nan,0,nan,0,nan,0,nan,0,nan,0,nan,0
1597988234169456128,1597988234667000064,2020-08-21 13:37:14.667000,3903.0,3924.0,3868.0,3897.0,nan,3895.0,137546,5357930370.0,200061,3904.0,65,3903.0,236,nan,0,nan,0,nan,0,nan,0,nan,0,nan,0,nan,0,nan,0
1597988234631019008,1597988234937999872,2020-08-21 13:37:14.938000,3903.0,3924.0,3868.0,3897.0,nan,3895.0,137546,5357930370.0,200061,3904.0,50,3903.0,236,nan,0,nan,0,nan,0,nan,0,nan,0,nan,0,nan,0,nan,0
1597988236625890048,1597988237207000064,2020-08-21 13:37:17.207000,3903.0,3924.0,3868.0,3897.0,nan,3895.0,137546,5357930370.0,200061,3904.0,50,3903.0,237,nan,0,nan,0,nan,0,nan,0,nan,0,nan,0,nan,0,nan,0
1597988237179735040,1597988237734999808,2020-08-21 13:37:17.735000,3903.0,3924.0,3868.0,3897.0,nan,3895.0,137553,5358203580.0,200061,3904.0,51,3903.0,221,nan,0,nan,0,nan,0,nan,0,nan,0,nan,0,nan,0,nan,0
1597988237635833088,1597988238211000064,2020-08-21 13:37:18.211000,3904.0,3924.0,3868.0,3897.0,nan,3895.0,137558,5358398780.0,200057,3904.0,47,3903.0,223,nan,0,nan,0,nan,0,nan,0,nan,0,nan,0,nan,0,nan,0
1597988238196809984,1597988238667000064,2020-08-21 13:37:18.667000,3903.0,3924.0,3868.0,3897.0,nan,3895.0,137571,5358906270.0,200063,3904.0,36,3903.0,221,nan,0,nan,0,nan,0,nan,0,nan,0,nan,0,nan,0,nan,0
1597988240152547072,1597988240690000128,2020-08-21 13:37:20.690000,3903.0,3924.0,3868.0,3897.0,nan,3895.0,137571,5358906270.0,200063,3904.0,37,3903.0,220,nan,0,nan,0,nan,0,nan,0,nan,0,nan,0,nan,0,nan,0
1597988240627891968,1597988241131000064,2020-08-21 13:37:21.131000,3903.0,3924.0,3868.0,3897.0,nan,3895.0,137572,5358945300.0,200064,3904.0,37,3903.0,220,nan,0,nan,0,nan,0,nan,0,nan,0,nan,0,nan,0,nan,0
1597988241148073984,1597988241632000000,2020-08-21 13:37:21.632000,3904.0,3924.0,3868.0,3897.0,nan,3895.0,137573,5358984340.0,200065,3904.0,36,3903.0,219,nan,0,nan,0,nan,0,nan,0,nan,0,nan,0,nan,0,nan,0
1597988241649789952,1597988242147000064,2020-08-21 13:37:22.147000,3903.0,3924.0,3868.0,3897.0,nan,3895.0,137575,5359062400.0,200065,3904.0,36,3903.0,214,nan,0,nan,0,nan,0,nan,0,nan,0,nan,0,nan,0,nan,0
1597988242144208896,1597988242693000192,2020-08-21 13:37:22.693000,3903.0,3924.0,3868.0,3897.0,nan,3895.0,137575,5359062400.0,200065,3904.0,37,3903.0,224,nan,0,nan,0,nan,0,nan,0,nan,0,nan,0,nan,0,nan,0
1597988243164284928,1597988243612000000,2020-08-21 13:37:23.612000,3903.0,3924.0,3868.0,3897.0,nan,3895.0,137576,5359101430.0,200065,3904.0,37,3903.0,224,nan,0,nan,0,nan,0,nan,0,nan,0,nan,0,nan,0,nan,0
1597988244140836096,1597988244653000192,2020-08-21 13:37:24.653000,3904.0,3924.0,3868.0,3897.0,nan,3895.0,137578,5359179510.0,200067,3904.0,37,3903.0,224,nan,0,nan,0,nan,0,nan,0,nan,0,nan,0,nan,0,nan,0
1597988244640866048,1597988245172000000,2020-08-21 13:37:25.172000,3903.0,3924.0,3868.0,3897.0,nan,3895.0,137589,5359608930.0,200073,3904.0,39,3903.0,222,nan,0,nan,0,nan,0,nan,0,nan,0,nan,0,nan,0,nan,0
1597988245135153920,1597988245647000064,2020-08-21 13:37:25.647000,3903.0,3924.0,3868.0,3897.0,nan,3895.0,137695,5363746110.0,200173,3904.0,45,3903.0,116,nan,0,nan,0,nan,0,nan,0,nan,0,nan,0,nan,0,nan,0
1597988245637801984,1597988246232999936,2020-08-21 13:37:26.233000,3902.0,3924.0,3868.0,3897.0,nan,3895.0,137824,5368780850.0,200195,3903.0,134,3902.0,25,nan,0,nan,0,nan,0,nan,0,nan,0,nan,0,nan,0,nan,0
1597988246204709120,1597988246602999808,2020-08-21 13:37:26.603000,3902.0,3924.0,3868.0,3897.0,nan,3895.0,137857,5370068510.0,200203,3902.0,8,3901.0,26,nan,0,nan,0,nan,0,nan,0,nan,0,nan,0,nan,0,nan,0
1597988246683399936,1597988247192000000,2020-08-21 13:37:27.192000,3902.0,3924.0,3868.0,3897.0,nan,3895.0,137874,5370731850.0,200193,3903.0,135,3902.0,24,nan,0,nan,0,nan,0,nan,0,nan,0,nan,0,nan,0,nan,0
1597988247162703872,1597988247686000128,2020-08-21 13:37:27.686000,3902.0,3924.0,3868.0,3897.0,nan,3895.0,137877,5370848910.0,200193,3903.0,136,3902.0,21,nan,0,nan,0,nan,0,nan,0,nan,0,nan,0,nan,0,nan,0
1597988247635977984,1597988248221999872,2020-08-21 13:37:28.222000,3902.0,3924.0,3868.0,3897.0,nan,3895.0,137877,5370848910.0,200193,3903.0,136,3902.0,27,nan,0,nan,0,nan,0,nan,0,nan,0,nan,0,nan,0,nan,0
1597988248184037888,1597988248716000000,2020-08-21 13:37:28.716000,3902.0,3924.0,3868.0,3897.0,nan,3895.0,137881,5371004990.0,200192,3903.0,138,3902.0,23,nan,0,nan,0,nan,0,nan,0,nan,0,nan,0,nan,0,nan,0
1597988248645305088,1597988249240000000,2020-08-21 13:37:29.240000,3902.0,3924.0,3868.0,3897.0,nan,3895.0,137917,5372409710.0,200198,3903.0,138,3902.0,1,nan,0,nan,0,nan,0,nan,0,nan,0,nan,0,nan,0,nan,0
1597988249184733952,1597988249728000000,2020-08-21 13:37:29.728000,3901.0,3924.0,3868.0,3897.0,nan,3895.0,137920,5372526750.0,200196,3902.0,9,3901.0,35,nan,0,nan,0,nan,0,nan,0,nan,0,nan,0,nan,0,nan,0
1597988249629925120,1597988250240000000,2020-08-21 13:37:30.240000,3902.0,3924.0,3868.0,3897.0,nan,3895.0,137933,5373034010.0,200208,3903.0,140,3902.0,33,nan,0,nan,0,nan,0,nan,0,nan,0,nan,0,nan,0,nan,0
1597988250213470976,1597988250739000064,2020-08-21 13:37:30.739000,3902.0,3924.0,3868.0,3897.0,nan,3895.0,137966,5374321670.0,200239,3902.0,2,3901.0,34,nan,0,nan,0,nan,0,nan,0,nan,0,nan,0,nan,0,nan,0
1597988250655344128,1597988251240000000,2020-08-21 13:37:31.240000,3902.0,3924.0,3868.0,3897.0,nan,3895.0,137976,5374711870.0,200239,3902.0,2,3901.0,39,nan,0,nan,0,nan,0,nan,0,nan,0,nan,0,nan,0,nan,0
1597988251143130112,1597988251664000000,2020-08-21 13:37:31.664000,3902.0,3924.0,3868.0,3897.0,nan,3895.0,137979,5374828930.0,200240,3903.0,135,3902.0,9,nan,0,nan,0,nan,0,nan,0,nan,0,nan,0,nan,0,nan,0
1597988251661788928,1597988252137000192,2020-08-21 13:37:32.137000,3902.0,3924.0,3868.0,3897.0,nan,3895.0,137988,5375180110.0,200240,3902.0,27,3901.0,39,nan,0,nan,0,nan,0,nan,0,nan,0,nan,0,nan,0,nan,0
1597988252146120960,1597988252742000128,2020-08-21 13:37:32.742000,3901.0,3924.0,3868.0,3897.0,nan,3895.0,137995,5375453240.0,200242,3902.0,27,3901.0,29,nan,0,nan,0,nan,0,nan,0,nan,0,nan,0,nan,0,nan,0
1597988252667874048,1597988253234999808,2020-08-21 13:37:33.235000,3901.0,3924.0,3868.0,3897.0,nan,3895.0,137995,5375453240.0,200242,3902.0,27,3901.0,30,nan,0,nan,0,nan,0,nan,0,nan,0,nan,0,nan,0,nan,0
1597988253160812032,1597988253723000064,2020-08-21 13:37:33.723000,3902.0,3924.0,3868.0,3897.0,nan,3895.0,137996,5375492260.0,200243,3902.0,27,3901.0,31,nan,0,nan,0,nan,0,nan,0,nan,0,nan,0,nan,0,nan,0
1597988253635617024,1597988254224000000,2020-08-21 13:37:34.224000,3901.0,3924.0,3868.0,3897.0,nan,3895.0,137997,5375531270.0,200243,3902.0,27,3901.0,30,nan,0,nan,0,nan,0,nan,0,nan,0,nan,0,nan,0,nan,0
1597988254136535040,1597988254696000000,2020-08-21 13:37:34.696000,3901.0,3924.0,3868.0,3897.0,nan,3895.0,137999,5375609290.0,200242,3902.0,30,3901.0,28,nan,0,nan,0,nan,0,nan,0,nan,0,nan,0,nan,0,nan,0
1597988254634616064,1597988255148000000,2020-08-21 13:37:35.148000,3902.0,3924.0,3868.0,3897.0,nan,3895.0,138000,5375648310.0,200243,3902.0,31,3901.0,28,nan,0,nan,0,nan,0,nan,0,nan,0,nan,0,nan,0,nan,0
1597988255139706880,1597988255696000000,2020-08-21 13:37:35.696000,3902.0,3924.0,3868.0,3897.0,nan,3895.0,138003,5375765370.0,200246,3902.0,28,3901.0,32,nan,0,nan,0,nan,0,nan,0,nan,0,nan,0,nan,0,nan,0
1597988255630145024,1597988256232999936,2020-08-21 13:37:36.233000,3902.0,3924.0,3868.0,3897.0,nan,3895.0,138006,5375882430.0,200249,3902.0,22,3901.0,37,nan,0,nan,0,nan,0,nan,0,nan,0,nan,0,nan,0,nan,0
1597988256177363968,1597988256673000192,2020-08-21 13:37:36.673000,3901.0,3924.0,3868.0,3897.0,nan,3895.0,138013,5376155500.0,200251,3902.0,17,3901.0,30,nan,0,nan,0,nan,0,nan,0,nan,0,nan,0,nan,0,nan,0
1597988256654684928,1597988257223000064,2020-08-21 13:37:37.223000,3901.0,3924.0,3868.0,3897.0,nan,3895.0,138020,5376428570.0,200253,3902.0,29,3901.0,23,nan,0,nan,0,nan,0,nan,0,nan,0,nan,0,nan,0,nan,0
1597988257131926016,1597988257727000064,2020-08-21 13:37:37.727000,3901.0,3924.0,3868.0,3897.0,nan,3895.0,138020,5376428570.0,200253,3902.0,31,3901.0,22,nan,0,nan,0,nan,0,nan,0,nan,0,nan,0,nan,0,nan,0
1597988257626816000,1597988258223000064,2020-08-21 13:37:38.223000,3901.0,3924.0,3868.0,3897.0,nan,3895.0,138021,5376467580.0,200252,3902.0,31,3901.0,21,nan,0,nan,0,nan,0,nan,0,nan,0,nan,0,nan,0,nan,0
1597988258143847936,1597988258616000000,2020-08-21 13:37:38.616000,3901.0,3924.0,3868.0,3897.0,nan,3895.0,138021,5376467580.0,200252,3902.0,32,3901.0,21,nan,0,nan,0,nan,0,nan,0,nan,0,nan,0,nan,0,nan,0
1597988258623638016,1597988259081000192,2020-08-21 13:37:39.081000,3901.0,3924.0,3868.0,3897.0,nan,3895.0,138021,5376467580.0,200252,3902.0,32,3901.0,22,nan,0,nan,0,nan,0,nan,0,nan,0,nan,0,nan,0,nan,0
1597988260132157952,1597988260736999936,2020-08-21 13:37:40.737000,3901.0,3924.0,3868.0,3897.0,nan,3895.0,138021,5376467580.0,200252,3902.0,49,3901.0,24,nan,0,nan,0,nan,0,nan,0,nan,0,nan,0,nan,0,nan,0
1597988260642164992,1597988261233999872,2020-08-21 13:37:41.234000,3901.0,3924.0,3868.0,3897.0,nan,3895.0,138022,5376506590.0,200251,3902.0,49,3901.0,26,nan,0,nan,0,nan,0,nan,0,nan,0,nan,0,nan,0,nan,0
1597988261147238912,1597988261723000064,2020-08-21 13:37:41.723000,3901.0,3924.0,3868.0,3897.0,nan,3895.0,138023,5376545600.0,200250,3902.0,49,3901.0,30,nan,0,nan,0,nan,0,nan,0,nan,0,nan,0,nan,0,nan,0
1597988261625584896,1597988262239000064,2020-08-21 13:37:42.239000,3901.0,3924.0,3868.0,3897.0,nan,3895.0,138023,5376545600.0,200250,3902.0,49,3901.0,32,nan,0,nan,0,nan,0,nan,0,nan,0,nan,0,nan,0,nan,0
1597988262181014016,1597988262732000000,2020-08-21 13:37:42.732000,3901.0,3924.0,3868.0,3897.0,nan,3895.0,138028,5376740650.0,200245,3902.0,50,3901.0,29,nan,0,nan,0,nan,0,nan,0,nan,0,nan,0,nan,0,nan,0
1597988263128061952,1597988263453000192,2020-08-21 13:37:43.453000,3901.0,3924.0,3868.0,3897.0,nan,3895.0,138028,5376740650.0,200245,3902.0,52,3901.0,29,nan,0,nan,0,nan,0,nan,0,nan,0,nan,0,nan,0,nan,0
1597988263629893120,1597988264227000064,2020-08-21 13:37:44.227000,3901.0,3924.0,3868.0,3897.0,nan,3895.0,138028,5376740650.0,200245,3902.0,52,3901.0,27,nan,0,nan,0,nan,0,nan,0,nan,0,nan,0,nan,0,nan,0
1597988264158422016,1597988264724000000,2020-08-21 13:37:44.724000,3901.0,3924.0,3868.0,3897.0,nan,3895.0,138039,5377169760.0,200238,3902.0,52,3901.0,17,nan,0,nan,0,nan,0,nan,0,nan,0,nan,0,nan,0,nan,0
1597988264632044032,1597988265232000000,2020-08-21 13:37:45.232000,3901.0,3924.0,3868.0,3897.0,nan,3895.0,138039,5377169760.0,200238,3902.0,57,3901.0,16,nan,0,nan,0,nan,0,nan,0,nan,0,nan,0,nan,0,nan,0
1597988265138715904,1597988265621999872,2020-08-21 13:37:45.622000,3901.0,3924.0,3868.0,3897.0,nan,3895.0,138039,5377169760.0,200238,3902.0,57,3901.0,17,nan,0,nan,0,nan,0,nan,0,nan,0,nan,0,nan,0,nan,0
1597988265626017024,1597988266206000128,2020-08-21 13:37:46.206000,3901.0,3924.0,3868.0,3897.0,nan,3895.0,138039,5377169760.0,200238,3902.0,58,3901.0,19,nan,0,nan,0,nan,0,nan,0,nan,0,nan,0,nan,0,nan,0
1597988266179367936,1597988266683000064,2020-08-21 13:37:46.683000,3901.0,3924.0,3868.0,3897.0,nan,3895.0,138039,5377169760.0,200238,3902.0,59,3901.0,19,nan,0,nan,0,nan,0,nan,0,nan,0,nan,0,nan,0,nan,0
1597988267174153984,1597988267720999936,2020-08-21 13:37:47.721000,3901.0,3924.0,3868.0,3897.0,nan,3895.0,138041,5377247780.0,200239,3902.0,59,3901.0,17,nan,0,nan,0,nan,0,nan,0,nan,0,nan,0,nan,0,nan,0
1597988268149581056,1597988268652000000,2020-08-21 13:37:48.652000,3901.0,3924.0,3868.0,3897.0,nan,3895.0,138041,5377247780.0,200239,3902.0,60,3901.0,11,nan,0,nan,0,nan,0,nan,0,nan,0,nan,0,nan,0,nan,0
1597988268637342976,1597988269240000000,2020-08-21 13:37:49.240000,3901.0,3924.0,3868.0,3897.0,nan,3895.0,138055,5377793900.0,200246,3901.0,9,3900.0,74,nan,0,nan,0,nan,0,nan,0,nan,0,nan,0,nan,0,nan,0
1597988269131412992,1597988269736000000,2020-08-21 13:37:49.736000,3901.0,3924.0,3868.0,3897.0,nan,3895.0,138067,5378262020.0,200255,3901.0,12,3900.0,75,nan,0,nan,0,nan,0,nan,0,nan,0,nan,0,nan,0,nan,0
1597988269652912896,1597988270220000000,2020-08-21 13:37:50.220000,3901.0,3924.0,3868.0,3897.0,nan,3895.0,138067,5378262020.0,200255,3901.0,12,3900.0,65,nan,0,nan,0,nan,0,nan,0,nan,0,nan,0,nan,0,nan,0
1597988270147312128,1597988270728000000,2020-08-21 13:37:50.728000,3901.0,3924.0,3868.0,3897.0,nan,3895.0,138071,5378418060.0,200257,3901.0,9,3900.0,65,nan,0,nan,0,nan,0,nan,0,nan,0,nan,0,nan,0,nan,0
1597988270622192128,1597988271228000000,2020-08-21 13:37:51.228000,3900.0,3924.0,3868.0,3897.0,nan,3895.0,138076,5378613060.0,200255,3901.0,12,3900.0,61,nan,0,nan,0,nan,0,nan,0,nan,0,nan,0,nan,0,nan,0
1597988271145432064,1597988271693000192,2020-08-21 13:37:51.693000,3901.0,3924.0,3868.0,3897.0,nan,3895.0,138082,5378847120.0,200261,3901.0,5,3900.0,71,nan,0,nan,0,nan,0,nan,0,nan,0,nan,0,nan,0,nan,0
1597988271631742976,1597988272231000064,2020-08-21 13:37:52.231000,3901.0,3924.0,3868.0,3897.0,nan,3895.0,138089,5379120190.0,200258,3902.0,83,3901.0,3,nan,0,nan,0,nan,0,nan,0,nan,0,nan,0,nan,0,nan,0
1597988272135715072,1597988272704999936,2020-08-21 13:37:52.705000,3900.0,3924.0,3868.0,3897.0,nan,3895.0,138103,5379666270.0,200246,3901.0,1,3900.0,69,nan,0,nan,0,nan,0,nan,0,nan,0,nan,0,nan,0,nan,0
1597988272646712064,1597988273233999872,2020-08-21 13:37:53.234000,3900.0,3924.0,3868.0,3897.0,nan,3895.0,138116,5380173280.0,200252,3901.0,2,3900.0,60,nan,0,nan,0,nan,0,nan,0,nan,0,nan,0,nan,0,nan,0
1597988273144176896,1597988273728000000,2020-08-21 13:37:53.728000,3900.0,3924.0,3868.0,3897.0,nan,3895.0,138118,5380251290.0,200253,3901.0,2,3900.0,65,nan,0,nan,0,nan,0,nan,0,nan,0,nan,0,nan,0,nan,0
1597988273627636992,1597988274236000000,2020-08-21 13:37:54.236000,3901.0,3924.0,3868.0,3897.0,nan,3895.0,138120,5380329310.0,200253,3902.0,97,3901.0,58,nan,0,nan,0,nan,0,nan,0,nan,0,nan,0,nan,0,nan,0
1597988274146401024,1597988274632999936,2020-08-21 13:37:54.633000,3901.0,3924.0,3868.0,3897.0,nan,3895.0,138121,5380368320.0,200252,3902.0,98,3901.0,58,nan,0,nan,0,nan,0,nan,0,nan,0,nan,0,nan,0,nan,0
1597988274635023872,1597988275229000192,2020-08-21 13:37:55.229000,3901.0,3924.0,3868.0,3897.0,nan,3895.0,138123,5380446350.0,200252,3902.0,105,3901.0,57,nan,0,nan,0,nan,0,nan,0,nan,0,nan,0,nan,0,nan,0
1597988275134068992,1597988275564999936,2020-08-21 13:37:55.565000,3901.0,3924.0,3868.0,3897.0,nan,3895.0,138123,5380446350.0,200252,3902.0,105,3901.0,63,nan,0,nan,0,nan,0,nan,0,nan,0,nan,0,nan,0,nan,0
1597988275711738880,1597988276232999936,2020-08-21 13:37:56.233000,3901.0,3924.0,3868.0,3897.0,nan,3895.0,138168,5382201800.0,200231,3902.0,105,3901.0,18,nan,0,nan,0,nan,0,nan,0,nan,0,nan,0,nan,0,nan,0
1597988276143766016,1597988276724999936,2020-08-21 13:37:56.725000,3901.0,3924.0,3868.0,3897.0,nan,3895.0,138186,5382903980.0,200243,3901.0,2,3900.0,64,nan,0,nan,0,nan,0,nan,0,nan,0,nan,0,nan,0,nan,0
1597988276813020928,1597988277163000064,2020-08-21 13:37:57.163000,3901.0,3924.0,3868.0,3897.0,nan,3895.0,138186,5382903980.0,200243,3901.0,52,3900.0,65,nan,0,nan,0,nan,0,nan,0,nan,0,nan,0,nan,0,nan,0
1597988277265818112,1597988277667000064,2020-08-21 13:37:57.667000,3900.0,3924.0,3868.0,3897.0,nan,3895.0,138191,5383098990.0,200246,3901.0,54,3900.0,62,nan,0,nan,0,nan,0,nan,0,nan,0,nan,0,nan,0,nan,0
1597988277638259968,1597988278236999936,2020-08-21 13:37:58.237000,3900.0,3924.0,3868.0,3897.0,nan,3895.0,138192,5383137990.0,200247,3901.0,56,3900.0,62,nan,0,nan,0,nan,0,nan,0,nan,0,nan,0,nan,0,nan,0
1597988278132976896,1597988278588000000,2020-08-21 13:37:58.588000,3900.0,3924.0,3868.0,3897.0,nan,3895.0,138193,5383176990.0,200248,3901.0,56,3900.0,58,nan,0,nan,0,nan,0,nan,0,nan,0,nan,0,nan,0,nan,0
1597988278632918016,1597988279236000000,2020-08-21 13:37:59.236000,3900.0,3924.0,3868.0,3897.0,nan,3895.0,138193,5383176990.0,200248,3901.0,56,3900.0,63,nan,0,nan,0,nan,0,nan,0,nan,0,nan,0,nan,0,nan,0
1597988279152772096,1597988279573999872,2020-08-21 13:37:59.574000,3901.0,3924.0,3868.0,3897.0,nan,3895.0,138194,5383216000.0,200249,3901.0,55,3900.0,63,nan,0,nan,0,nan,0,nan,0,nan,0,nan,0,nan,0,nan,0
1597988279643266048,1597988280096999936,2020-08-21 13:38:00.097000,3900.0,3924.0,3868.0,3897.0,nan,3895.0,138195,5383255000.0,200249,3901.0,55,3900.0,63,nan,0,nan,0,nan,0,nan,0,nan,0,nan,0,nan,0,nan,0
1597988280165569024,1597988280742000128,2020-08-21 13:38:00.742000,3901.0,3924.0,3868.0,3897.0,nan,3895.0,138198,5383372020.0,200252,3901.0,70,3900.0,62,nan,0,nan,0,nan,0,nan,0,nan,0,nan,0,nan,0,nan,0
1597988281147076096,1597988281645999872,2020-08-21 13:38:01.646000,3901.0,3924.0,3868.0,3897.0,nan,3895.0,138198,5383372020.0,200252,3901.0,71,3900.0,63,nan,0,nan,0,nan,0,nan,0,nan,0,nan,0,nan,0,nan,0
1597988281633263104,1597988282063000064,2020-08-21 13:38:02.063000,3901.0,3924.0,3868.0,3897.0,nan,3895.0,138198,5383372020.0,200252,3901.0,71,3900.0,64,nan,0,nan,0,nan,0,nan,0,nan,0,nan,0,nan,0,nan,0
1597988282150598912,1597988282513999872,2020-08-21 13:38:02.514000,3901.0,3924.0,3868.0,3897.0,nan,3895.0,138198,5383372020.0,200252,3901.0,76,3900.0,65,nan,0,nan,0,nan,0,nan,0,nan,0,nan,0,nan,0,nan,0
1597988284129463040,1597988284694999808,2020-08-21 13:38:04.695000,3900.0,3924.0,3868.0,3897.0,nan,3895.0,138199,5383411020.0,200252,3901.0,76,3900.0,64,nan,0,nan,0,nan,0,nan,0,nan,0,nan,0,nan,0,nan,0
1597988284632669952,1597988285036999936,2020-08-21 13:38:05.037000,3900.0,3924.0,3868.0,3897.0,nan,3895.0,138199,5383411020.0,200252,3901.0,81,3900.0,64,nan,0,nan,0,nan,0,nan,0,nan,0,nan,0,nan,0,nan,0
1597988285157996032,1597988285524000000,2020-08-21 13:38:05.524000,3900.0,3924.0,3868.0,3897.0,nan,3895.0,138199,5383411020.0,200252,3901.0,81,3900.0,68,nan,0,nan,0,nan,0,nan,0,nan,0,nan,0,nan,0,nan,0
1597988286631138048,1597988287220000000,2020-08-21 13:38:07.220000,3900.0,3924.0,3868.0,3897.0,nan,3895.0,138199,5383411020.0,200252,3901.0,85,3900.0,65,nan,0,nan,0,nan,0,nan,0,nan,0,nan,0,nan,0,nan,0
1597988287142318080,1597988287739000064,2020-08-21 13:38:07.739000,3900.0,3924.0,3868.0,3897.0,nan,3895.0,138200,5383450020.0,200252,3901.0,85,3900.0,64,nan,0,nan,0,nan,0,nan,0,nan,0,nan,0,nan,0,nan,0
1597988287636891904,1597988288242000128,2020-08-21 13:38:08.242000,3901.0,3924.0,3868.0,3897.0,nan,3895.0,138203,5383567030.0,200251,3901.0,85,3900.0,61,nan,0,nan,0,nan,0,nan,0,nan,0,nan,0,nan,0,nan,0
1597988288148420096,1597988288726000128,2020-08-21 13:38:08.726000,3901.0,3924.0,3868.0,3897.0,nan,3895.0,138203,5383567030.0,200251,3901.0,86,3900.0,61,nan,0,nan,0,nan,0,nan,0,nan,0,nan,0,nan,0,nan,0
1597988288630584064,1597988289240999936,2020-08-21 13:38:09.241000,3901.0,3924.0,3868.0,3897.0,nan,3895.0,138208,5383762080.0,200251,3901.0,81,3900.0,61,nan,0,nan,0,nan,0,nan,0,nan,0,nan,0,nan,0,nan,0
1597988289171753984,1597988289703000064,2020-08-21 13:38:09.703000,3900.0,3924.0,3868.0,3897.0,nan,3895.0,138209,5383801080.0,200251,3901.0,81,3900.0,60,nan,0,nan,0,nan,0,nan,0,nan,0,nan,0,nan,0,nan,0
1597988289634342912,1597988290228000000,2020-08-21 13:38:10.228000,3901.0,3924.0,3868.0,3897.0,nan,3895.0,138214,5383996130.0,200256,3901.0,76,3900.0,60,nan,0,nan,0,nan,0,nan,0,nan,0,nan,0,nan,0,nan,0
1597988290626352896,1597988291214999808,2020-08-21 13:38:11.215000,3901.0,3924.0,3868.0,3897.0,nan,3895.0,138214,5383996130.0,200256,3901.0,78,3900.0,60,nan,0,nan,0,nan,0,nan,0,nan,0,nan,0,nan,0,nan,0
1597988292156862976,1597988292713999872,2020-08-21 13:38:12.714000,3901.0,3924.0,3868.0,3897.0,nan,3895.0,138214,5383996130.0,200256,3901.0,78,3900.0,64,nan,0,nan,0,nan,0,nan,0,nan,0,nan,0,nan,0,nan,0
1597988292624741888,1597988293212999936,2020-08-21 13:38:13.213000,3901.0,3924.0,3868.0,3897.0,nan,3895.0,138214,5383996130.0,200256,3901.0,78,3900.0,65,nan,0,nan,0,nan,0,nan,0,nan,0,nan,0,nan,0,nan,0
1597988293140157952,1597988293712000000,2020-08-21 13:38:13.712000,3901.0,3924.0,3868.0,3897.0,nan,3895.0,138214,5383996130.0,200256,3901.0,78,3900.0,66,nan,0,nan,0,nan,0,nan,0,nan,0,nan,0,nan,0,nan,0
1597988295634267904,1597988296234999808,2020-08-21 13:38:16.235000,3901.0,3924.0,3868.0,3897.0,nan,3895.0,138215,5384035140.0,200256,3901.0,77,3900.0,67,nan,0,nan,0,nan,0,nan,0,nan,0,nan,0,nan,0,nan,0
1597988296128891904,1597988296721999872,2020-08-21 13:38:16.722000,3901.0,3924.0,3868.0,3897.0,nan,3895.0,138227,5384503260.0,200256,3901.0,71,3900.0,68,nan,0,nan,0,nan,0,nan,0,nan,0,nan,0,nan,0,nan,0
1597988296647851008,1597988297220000000,2020-08-21 13:38:17.220000,3901.0,3924.0,3868.0,3897.0,nan,3895.0,138240,5385010390.0,200269,3901.0,60,3900.0,68,nan,0,nan,0,nan,0,nan,0,nan,0,nan,0,nan,0,nan,0
1597988297154394880,1597988297716000000,2020-08-21 13:38:17.716000,3901.0,3924.0,3868.0,3897.0,nan,3895.0,138242,5385088400.0,200270,3901.0,59,3900.0,67,nan,0,nan,0,nan,0,nan,0,nan,0,nan,0,nan,0,nan,0
1597988297640350976,1597988298201999872,2020-08-21 13:38:18.202000,3901.0,3924.0,3868.0,3897.0,nan,3895.0,138245,5385205430.0,200273,3901.0,57,3900.0,68,nan,0,nan,0,nan,0,nan,0,nan,0,nan,0,nan,0,nan,0
1597988298639928064,1597988299223000064,2020-08-21 13:38:19.223000,3901.0,3924.0,3868.0,3897.0,nan,3895.0,138247,5385283450.0,200275,3901.0,55,3900.0,73,nan,0,nan,0,nan,0,nan,0,nan,0,nan,0,nan,0,nan,0
1597988299134380032,1597988299731000064,2020-08-21 13:38:19.731000,3901.0,3924.0,3868.0,3897.0,nan,3895.0,138253,5385517510.0,200280,3901.0,49,3900.0,73,nan,0,nan,0,nan,0,nan,0,nan,0,nan,0,nan,0,nan,0
1597988300150556928,1597988300708000000,2020-08-21 13:38:20.708000,3901.0,3924.0,3868.0,3897.0,nan,3895.0,138255,5385595530.0,200282,3901.0,47,3900.0,75,nan,0,nan,0,nan,0,nan,0,nan,0,nan,0,nan,0,nan,0
1597988301465324032,1597988301716999936,2020-08-21 13:38:21.717000,3901.0,3924.0,3868.0,3897.0,nan,3895.0,138256,5385634540.0,200283,3901.0,56,3900.0,76,nan,0,nan,0,nan,0,nan,0,nan,0,nan,0,nan,0,nan,0
1597988301841334016,1597988302231000064,2020-08-21 13:38:22.231000,3900.0,3924.0,3868.0,3897.0,nan,3895.0,138257,5385673540.0,200283,3901.0,57,3900.0,76,nan,0,nan,0,nan,0,nan,0,nan,0,nan,0,nan,0,nan,0
1597988302664947968,1597988303228000000,2020-08-21 13:38:23.228000,3900.0,3924.0,3868.0,3897.0,nan,3895.0,138257,5385673540.0,200283,3901.0,58,3900.0,76,nan,0,nan,0,nan,0,nan,0,nan,0,nan,0,nan,0,nan,0
1597988303649584128,1597988304216999936,2020-08-21 13:38:24.217000,3900.0,3924.0,3868.0,3897.0,nan,3895.0,138257,5385673540.0,200283,3901.0,58,3900.0,94,nan,0,nan,0,nan,0,nan,0,nan,0,nan,0,nan,0,nan,0
1597988304655748096,1597988305243000064,2020-08-21 13:38:25.243000,3901.0,3924.0,3868.0,3897.0,nan,3895.0,138259,5385751560.0,200284,3901.0,56,3900.0,94,nan,0,nan,0,nan,0,nan,0,nan,0,nan,0,nan,0,nan,0
1597988305129309952,1597988305732000000,2020-08-21 13:38:25.732000,3901.0,3924.0,3868.0,3897.0,nan,3895.0,138266,5386024630.0,200284,3901.0,50,3900.0,95,nan,0,nan,0,nan,0,nan,0,nan,0,nan,0,nan,0,nan,0
1597988305635813120,1597988306216000000,2020-08-21 13:38:26.216000,3901.0,3924.0,3868.0,3897.0,nan,3895.0,138266,5386024630.0,200284,3901.0,46,3900.0,95,nan,0,nan,0,nan,0,nan,0,nan,0,nan,0,nan,0,nan,0
1597988306148064000,1597988306707000064,2020-08-21 13:38:26.707000,3901.0,3924.0,3868.0,3897.0,nan,3895.0,138266,5386024630.0,200284,3901.0,47,3900.0,94,nan,0,nan,0,nan,0,nan,0,nan,0,nan,0,nan,0,nan,0
1597988306629915904,1597988306932000000,2020-08-21 13:38:26.932000,3901.0,3924.0,3868.0,3897.0,nan,3895.0,138267,5386063640.0,200283,3901.0,46,3900.0,94,nan,0,nan,0,nan,0,nan,0,nan,0,nan,0,nan,0,nan,0
1597988307137372928,1597988307627000064,2020-08-21 13:38:27.627000,3901.0,3924.0,3868.0,3897.0,nan,3895.0,138267,5386063640.0,200283,3901.0,46,3900.0,97,nan,0,nan,0,nan,0,nan,0,nan,0,nan,0,nan,0,nan,0
1597988307635954944,1597988308203000064,2020-08-21 13:38:28.203000,3901.0,3924.0,3868.0,3897.0,nan,3895.0,138270,5386180670.0,200281,3901.0,34,3900.0,97,nan,0,nan,0,nan,0,nan,0,nan,0,nan,0,nan,0,nan,0
1597988308138113024,1597988308716999936,2020-08-21 13:38:28.717000,3900.0,3924.0,3868.0,3897.0,nan,3895.0,138304,5387507000.0,200262,3902.0,98,3900.0,97,nan,0,nan,0,nan,0,nan,0,nan,0,nan,0,nan,0,nan,0
1597988308656806912,1597988309214999808,2020-08-21 13:38:29.215000,3900.0,3924.0,3868.0,3897.0,nan,3895.0,138320,5388131000.0,200270,3901.0,4,3900.0,92,nan,0,nan,0,nan,0,nan,0,nan,0,nan,0,nan,0,nan,0
1597988309703062016,1597988310226000128,2020-08-21 13:38:30.226000,3900.0,3924.0,3868.0,3897.0,nan,3895.0,138320,5388131000.0,200270,3901.0,5,3900.0,92,nan,0,nan,0,nan,0,nan,0,nan,0,nan,0,nan,0,nan,0
1597988310649576960,1597988311219000064,2020-08-21 13:38:31.219000,3901.0,3924.0,3868.0,3897.0,nan,3895.0,138322,5388209020.0,200270,3901.0,3,3900.0,92,nan,0,nan,0,nan,0,nan,0,nan,0,nan,0,nan,0,nan,0
1597988311135874048,1597988311694000128,2020-08-21 13:38:31.694000,3901.0,3924.0,3868.0,3897.0,nan,3895.0,138325,5388326050.0,200271,3902.0,98,3900.0,92,nan,0,nan,0,nan,0,nan,0,nan,0,nan,0,nan,0,nan,0
1597988312146988032,1597988312573999872,2020-08-21 13:38:32.574000,3901.0,3924.0,3868.0,3897.0,nan,3895.0,138326,5388365060.0,200271,3902.0,98,3900.0,91,nan,0,nan,0,nan,0,nan,0,nan,0,nan,0,nan,0,nan,0
1597988312649195008,1597988313082000128,2020-08-21 13:38:33.082000,3901.0,3924.0,3868.0,3897.0,nan,3895.0,138326,5388365060.0,200271,3902.0,98,3901.0,3,nan,0,nan,0,nan,0,nan,0,nan,0,nan,0,nan,0,nan,0
1597988313167148032,1597988313536000000,2020-08-21 13:38:33.536000,3901.0,3924.0,3868.0,3897.0,nan,3895.0,138326,5388365060.0,200271,3902.0,98,3901.0,9,nan,0,nan,0,nan,0,nan,0,nan,0,nan,0,nan,0,nan,0
1597988313631853056,1597988314064000000,2020-08-21 13:38:34.064000,3901.0,3924.0,3868.0,3897.0,nan,3895.0,138326,5388365060.0,200271,3902.0,98,3901.0,18,nan,0,nan,0,nan,0,nan,0,nan,0,nan,0,nan,0,nan,0
1597988314636655104,1597988315232999936,2020-08-21 13:38:35.233000,3901.0,3924.0,3868.0,3897.0,nan,3895.0,138345,5389106250.0,200254,3902.0,105,3900.0,69,nan,0,nan,0,nan,0,nan,0,nan,0,nan,0,nan,0,nan,0
1597988316637306880,1597988317240999936,2020-08-21 13:38:37.241000,3901.0,3924.0,3868.0,3897.0,nan,3895.0,138345,5389106250.0,200254,3902.0,106,3901.0,4,nan,0,nan,0,nan,0,nan,0,nan,0,nan,0,nan,0,nan,0
1597988317143960064,1597988317588000000,2020-08-21 13:38:37.588000,3901.0,3924.0,3868.0,3897.0,nan,3895.0,138349,5389262290.0,200258,3901.0,1,3900.0,74,nan,0,nan,0,nan,0,nan,0,nan,0,nan,0,nan,0,nan,0
1597988317642814976,1597988318224000000,2020-08-21 13:38:38.224000,3901.0,3924.0,3868.0,3897.0,nan,3895.0,138350,5389301300.0,200258,3901.0,4,3900.0,84,nan,0,nan,0,nan,0,nan,0,nan,0,nan,0,nan,0,nan,0
1597988318152356096,1597988318714999808,2020-08-21 13:38:38.715000,3901.0,3924.0,3868.0,3897.0,nan,3895.0,138354,5389457340.0,200258,3902.0,106,3900.0,85,nan,0,nan,0,nan,0,nan,0,nan,0,nan,0,nan,0,nan,0
1597988319641957888,1597988320240999936,2020-08-21 13:38:40.241000,3901.0,3924.0,3868.0,3897.0,nan,3895.0,138354,5389457340.0,200258,3901.0,30,3900.0,85,nan,0,nan,0,nan,0,nan,0,nan,0,nan,0,nan,0,nan,0
1597988320137089024,1597988320728000000,2020-08-21 13:38:40.728000,3901.0,3924.0,3868.0,3897.0,nan,3895.0,138358,5389613380.0,200262,3901.0,27,3900.0,85,nan,0,nan,0,nan,0,nan,0,nan,0,nan,0,nan,0,nan,0
1597988320643622912,1597988321078000128,2020-08-21 13:38:41.078000,3901.0,3924.0,3868.0,3897.0,nan,3895.0,138376,5390315560.0,200280,3901.0,9,3900.0,85,nan,0,nan,0,nan,0,nan,0,nan,0,nan,0,nan,0,nan,0
1597988321180062976,1597988321740999936,2020-08-21 13:38:41.741000,3901.0,3924.0,3868.0,3897.0,nan,3895.0,138377,5390354570.0,200280,3901.0,8,3900.0,85,nan,0,nan,0,nan,0,nan,0,nan,0,nan,0,nan,0,nan,0
1597988321636411904,1597988322175000064,2020-08-21 13:38:42.175000,3901.0,3924.0,3868.0,3897.0,nan,3895.0,138380,5390471600.0,200283,3901.0,4,3900.0,85,nan,0,nan,0,nan,0,nan,0,nan,0,nan,0,nan,0,nan,0
1597988322160258048,1597988322726000128,2020-08-21 13:38:42.726000,3901.0,3924.0,3868.0,3897.0,nan,3895.0,138380,5390471600.0,200283,3901.0,4,3900.0,90,nan,0,nan,0,nan,0,nan,0,nan,0,nan,0,nan,0,nan,0
1597988322632664064,1597988323046000128,2020-08-21 13:38:43.046000,3901.0,3924.0,3868.0,3897.0,nan,3895.0,138382,5390549620.0,200285,3901.0,2,3900.0,90,nan,0,nan,0,nan,0,nan,0,nan,0,nan,0,nan,0,nan,0
1597988325649701888,1597988325935000064,2020-08-21 13:38:45.935000,3901.0,3924.0,3868.0,3897.0,nan,3895.0,138382,5390549620.0,200285,3901.0,12,3900.0,90,nan,0,nan,0,nan,0,nan,0,nan,0,nan,0,nan,0,nan,0
1597988327302948096,1597988327568000000,2020-08-21 13:38:47.568000,3901.0,3924.0,3868.0,3897.0,nan,3895.0,138383,5390588630.0,200286,3901.0,11,3900.0,90,nan,0,nan,0,nan,0,nan,0,nan,0,nan,0,nan,0,nan,0
1597988327663910912,1597988328172000000,2020-08-21 13:38:48.172000,3901.0,3924.0,3868.0,3897.0,nan,3895.0,138387,5390744670.0,200290,3901.0,7,3900.0,93,nan,0,nan,0,nan,0,nan,0,nan,0,nan,0,nan,0,nan,0
1597988328186021888,1597988328551000064,2020-08-21 13:38:48.551000,3900.0,3924.0,3868.0,3897.0,nan,3895.0,138388,5390783670.0,200290,3901.0,14,3900.0,96,nan,0,nan,0,nan,0,nan,0,nan,0,nan,0,nan,0,nan,0
1597988328709265920,1597988329064000000,2020-08-21 13:38:49.064000,3900.0,3924.0,3868.0,3897.0,nan,3895.0,138389,5390822670.0,200290,3901.0,14,3900.0,95,nan,0,nan,0,nan,0,nan,0,nan,0,nan,0,nan,0,nan,0
1597988331168346880,1597988331506000128,2020-08-21 13:38:51.506000,3901.0,3924.0,3868.0,3897.0,nan,3895.0,138390,5390861680.0,200291,3901.0,13,3900.0,95,nan,0,nan,0,nan,0,nan,0,nan,0,nan,0,nan,0,nan,0
1597988331678300928,1597988332147000064,2020-08-21 13:38:52.147000,3901.0,3924.0,3868.0,3897.0,nan,3895.0,138395,5391056710.0,200293,3901.0,7,3900.0,96,nan,0,nan,0,nan,0,nan,0,nan,0,nan,0,nan,0,nan,0
1597988332221338880,1597988332680999936,2020-08-21 13:38:52.681000,3901.0,3924.0,3868.0,3897.0,nan,3895.0,138395,5391056710.0,200293,3901.0,7,3900.0,100,nan,0,nan,0,nan,0,nan,0,nan,0,nan,0,nan,0,nan,0
1597988332692858112,1597988333118000128,2020-08-21 13:38:53.118000,3901.0,3924.0,3868.0,3897.0,nan,3895.0,138397,5391134730.0,200293,3901.0,5,3900.0,100,nan,0,nan,0,nan,0,nan,0,nan,0,nan,0,nan,0,nan,0
1597988333704423936,1597988334203000064,2020-08-21 13:38:54.203000,3901.0,3924.0,3868.0,3897.0,nan,3895.0,138397,5391134730.0,200293,3901.0,8,3900.0,110,nan,0,nan,0,nan,0,nan,0,nan,0,nan,0,nan,0,nan,0
1597988334631713024,1597988334927000064,2020-08-21 13:38:54.927000,3901.0,3924.0,3868.0,3897.0,nan,3895.0,138397,5391134730.0,200293,3901.0,8,3900.0,112,nan,0,nan,0,nan,0,nan,0,nan,0,nan,0,nan,0,nan,0
1597988335672673024,1597988336101000192,2020-08-21 13:38:56.101000,3901.0,3924.0,3868.0,3897.0,nan,3895.0,138397,5391134730.0,200293,3901.0,9,3900.0,112,nan,0,nan,0,nan,0,nan,0,nan,0,nan,0,nan,0,nan,0
1597988336186716928,1597988336742000128,2020-08-21 13:38:56.742000,3901.0,3924.0,3868.0,3897.0,nan,3895.0,138397,5391134730.0,200293,3901.0,13,3900.0,112,nan,0,nan,0,nan,0,nan,0,nan,0,nan,0,nan,0,nan,0
1597988337636997888,1597988337988000000,2020-08-21 13:38:57.988000,3900.0,3924.0,3868.0,3897.0,nan,3895.0,138398,5391173730.0,200293,3901.0,13,3900.0,112,nan,0,nan,0,nan,0,nan,0,nan,0,nan,0,nan,0,nan,0
1597988338137494016,1597988338573999872,2020-08-21 13:38:58.574000,3901.0,3924.0,3868.0,3897.0,nan,3895.0,138411,5391680740.0,200302,3901.0,19,3900.0,100,nan,0,nan,0,nan,0,nan,0,nan,0,nan,0,nan,0,nan,0
1597988338637491968,1597988339078000128,2020-08-21 13:38:59.078000,3901.0,3924.0,3868.0,3897.0,nan,3895.0,138412,5391719750.0,200302,3901.0,18,3900.0,99,nan,0,nan,0,nan,0,nan,0,nan,0,nan,0,nan,0,nan,0
1597988339290477056,1597988339720000000,2020-08-21 13:38:59.720000,3901.0,3924.0,3868.0,3897.0,nan,3895.0,138413,5391758760.0,200302,3901.0,17,3900.0,99,nan,0,nan,0,nan,0,nan,0,nan,0,nan,0,nan,0,nan,0
1597988339642131968,1597988340132000000,2020-08-21 13:39:00.132000,3901.0,3924.0,3868.0,3897.0,nan,3895.0,138413,5391758760.0,200302,3901.0,18,3900.0,99,nan,0,nan,0,nan,0,nan,0,nan,0,nan,0,nan,0,nan,0
1597988340707934976,1597988341128000000,2020-08-21 13:39:01.128000,3901.0,3924.0,3868.0,3897.0,nan,3895.0,138413,5391758760.0,200302,3901.0,19,3900.0,99,nan,0,nan,0,nan,0,nan,0,nan,0,nan,0,nan,0,nan,0
1597988341151997952,1597988341470000128,2020-08-21 13:39:01.470000,3901.0,3924.0,3868.0,3897.0,nan,3895.0,138414,5391797770.0,200302,3901.0,18,3900.0,99,nan,0,nan,0,nan,0,nan,0,nan,0,nan,0,nan,0,nan,0
1597988342159920128,1597988342688000000,2020-08-21 13:39:02.688000,3901.0,3924.0,3868.0,3897.0,nan,3895.0,138416,5391875790.0,200303,3901.0,14,3900.0,99,nan,0,nan,0,nan,0,nan,0,nan,0,nan,0,nan,0,nan,0
1597988342710811904,1597988343216999936,2020-08-21 13:39:03.217000,3901.0,3924.0,3868.0,3897.0,nan,3895.0,138416,5391875790.0,200303,3901.0,14,3900.0,100,nan,0,nan,0,nan,0,nan,0,nan,0,nan,0,nan,0,nan,0
1597988343159154944,1597988343668999936,2020-08-21 13:39:03.669000,3901.0,3924.0,3868.0,3897.0,nan,3895.0,138430,5392421930.0,200300,3902.0,109,3901.0,9,nan,0,nan,0,nan,0,nan,0,nan,0,nan,0,nan,0,nan,0
1597988343655948032,1597988344221999872,2020-08-21 13:39:04.222000,3901.0,3924.0,3868.0,3897.0,nan,3895.0,138430,5392421930.0,200300,3902.0,68,3901.0,16,nan,0,nan,0,nan,0,nan,0,nan,0,nan,0,nan,0,nan,0
1597988344151158016,1597988344708000000,2020-08-21 13:39:04.708000,3902.0,3924.0,3868.0,3897.0,nan,3895.0,138432,5392499970.0,200302,3902.0,67,3901.0,16,nan,0,nan,0,nan,0,nan,0,nan,0,nan,0,nan,0,nan,0
1597988344631695872,1597988345151000064,2020-08-21 13:39:05.151000,3902.0,3924.0,3868.0,3897.0,nan,3895.0,138432,5392499970.0,200302,3902.0,67,3901.0,17,nan,0,nan,0,nan,0,nan,0,nan,0,nan,0,nan,0,nan,0
1597988345170475008,1597988345742000128,2020-08-21 13:39:05.742000,3902.0,3924.0,3868.0,3897.0,nan,3895.0,138432,5392499970.0,200302,3902.0,67,3901.0,16,nan,0,nan,0,nan,0,nan,0,nan,0,nan,0,nan,0,nan,0
1597988345657369088,1597988346233999872,2020-08-21 13:39:06.234000,3902.0,3924.0,3868.0,3897.0,nan,3895.0,138432,5392499970.0,200302,3902.0,67,3901.0,17,nan,0,nan,0,nan,0,nan,0,nan,0,nan,0,nan,0,nan,0
1597988346185523968,1597988346647000064,2020-08-21 13:39:06.647000,3902.0,3924.0,3868.0,3897.0,nan,3895.0,138433,5392538990.0,200303,3902.0,66,3901.0,17,nan,0,nan,0,nan,0,nan,0,nan,0,nan,0,nan,0,nan,0
1597988346670406912,1597988347073999872,2020-08-21 13:39:07.074000,3902.0,3924.0,3868.0,3897.0,nan,3895.0,138433,5392538990.0,200303,3902.0,106,3901.0,16,nan,0,nan,0,nan,0,nan,0,nan,0,nan,0,nan,0,nan,0
1597988347190881024,1597988347711000064,2020-08-21 13:39:07.711000,3901.0,3924.0,3868.0,3897.0,nan,3895.0,138434,5392578000.0,200303,3902.0,106,3901.0,15,nan,0,nan,0,nan,0,nan,0,nan,0,nan,0,nan,0,nan,0
1597988347658654976,1597988348233999872,2020-08-21 13:39:08.234000,3901.0,3924.0,3868.0,3897.0,nan,3895.0,138434,5392578000.0,200303,3902.0,106,3901.0,14,nan,0,nan,0,nan,0,nan,0,nan,0,nan,0,nan,0,nan,0
1597988348649638912,1597988349124999936,2020-08-21 13:39:09.125000,3901.0,3924.0,3868.0,3897.0,nan,3895.0,138434,5392578000.0,200303,3902.0,106,3901.0,13,nan,0,nan,0,nan,0,nan,0,nan,0,nan,0,nan,0,nan,0
1597988349175009024,1597988349736000000,2020-08-21 13:39:09.736000,3902.0,3924.0,3868.0,3897.0,nan,3895.0,138454,5393358240.0,200303,3902.0,103,3901.0,2,nan,0,nan,0,nan,0,nan,0,nan,0,nan,0,nan,0,nan,0
1597988349625124096,1597988350224000000,2020-08-21 13:39:10.224000,3902.0,3924.0,3868.0,3897.0,nan,3895.0,138454,5393358240.0,200303,3902.0,102,3901.0,2,nan,0,nan,0,nan,0,nan,0,nan,0,nan,0,nan,0,nan,0
1597988350135393024,1597988350742000128,2020-08-21 13:39:10.742000,3902.0,3924.0,3868.0,3897.0,nan,3895.0,138454,5393358240.0,200303,3902.0,103,3901.0,7,nan,0,nan,0,nan,0,nan,0,nan,0,nan,0,nan,0,nan,0
1597988350705460992,1597988351165999872,2020-08-21 13:39:11.166000,3902.0,3924.0,3868.0,3897.0,nan,3895.0,138454,5393358240.0,200303,3902.0,103,3901.0,12,nan,0,nan,0,nan,0,nan,0,nan,0,nan,0,nan,0,nan,0
1597988351680923904,1597988351990000128,2020-08-21 13:39:11.990000,3902.0,3924.0,3868.0,3897.0,nan,3895.0,138455,5393397260.0,200304,3902.0,105,3901.0,12,nan,0,nan,0,nan,0,nan,0,nan,0,nan,0,nan,0,nan,0
1597988352156879872,1597988352573999872,2020-08-21 13:39:12.574000,3901.0,3924.0,3868.0,3897.0,nan,3895.0,138456,5393436270.0,200305,3902.0,105,3901.0,7,nan,0,nan,0,nan,0,nan,0,nan,0,nan,0,nan,0,nan,0
1597988352726555904,1597988353210000128,2020-08-21 13:39:13.210000,3902.0,3924.0,3868.0,3897.0,nan,3895.0,138457,5393475290.0,200306,3902.0,104,3901.0,7,nan,0,nan,0,nan,0,nan,0,nan,0,nan,0,nan,0,nan,0
1597988353154298112,1597988353730000128,2020-08-21 13:39:13.730000,3902.0,3924.0,3868.0,3897.0,nan,3895.0,138457,5393475290.0,200306,3902.0,106,3901.0,7,nan,0,nan,0,nan,0,nan,0,nan,0,nan,0,nan,0,nan,0
1597988353638498048,1597988354221999872,2020-08-21 13:39:14.222000,3901.0,3924.0,3868.0,3897.0,nan,3895.0,138469,5393943410.0,200295,3902.0,95,3900.0,90,nan,0,nan,0,nan,0,nan,0,nan,0,nan,0,nan,0,nan,0
1597988354183812096,1597988354724999936,2020-08-21 13:39:14.725000,3901.0,3924.0,3868.0,3897.0,nan,3895.0,138477,5394255490.0,200287,3902.0,106,3900.0,90,nan,0,nan,0,nan,0,nan,0,nan,0,nan,0,nan,0,nan,0
1597988354641793024,1597988355099000064,2020-08-21 13:39:15.099000,3901.0,3924.0,3868.0,3897.0,nan,3895.0,138477,5394255490.0,200287,3901.0,4,3900.0,91,nan,0,nan,0,nan,0,nan,0,nan,0,nan,0,nan,0,nan,0
1597988355153723904,1597988355742000128,2020-08-21 13:39:15.742000,3902.0,3924.0,3868.0,3897.0,nan,3895.0,138497,5395035850.0,200280,3902.0,90,3901.0,1,nan,0,nan,0,nan,0,nan,0,nan,0,nan,0,nan,0,nan,0
1597988355633381888,1597988356221999872,2020-08-21 13:39:16.222000,3902.0,3924.0,3868.0,3897.0,nan,3895.0,138497,5395035850.0,200280,3902.0,90,3901.0,22,nan,0,nan,0,nan,0,nan,0,nan,0,nan,0,nan,0,nan,0
1597988356139973120,1597988356580000000,2020-08-21 13:39:16.580000,3902.0,3924.0,3868.0,3897.0,nan,3895.0,138497,5395035850.0,200280,3902.0,90,3901.0,23,nan,0,nan,0,nan,0,nan,0,nan,0,nan,0,nan,0,nan,0
1597988356624803072,1597988357167000064,2020-08-21 13:39:17.167000,3902.0,3924.0,3868.0,3897.0,nan,3895.0,138497,5395035850.0,200280,3902.0,91,3901.0,25,nan,0,nan,0,nan,0,nan,0,nan,0,nan,0,nan,0,nan,0
1597988357159652096,1597988357542000128,2020-08-21 13:39:17.542000,3901.0,3924.0,3868.0,3897.0,nan,3895.0,138498,5395074860.0,200280,3902.0,93,3901.0,21,nan,0,nan,0,nan,0,nan,0,nan,0,nan,0,nan,0,nan,0
1597988357640193024,1597988358132999936,2020-08-21 13:39:18.133000,3901.0,3924.0,3868.0,3897.0,nan,3895.0,138498,5395074860.0,200280,3902.0,93,3901.0,22,nan,0,nan,0,nan,0,nan,0,nan,0,nan,0,nan,0,nan,0
1597988358144496896,1597988358742000128,2020-08-21 13:39:18.742000,3902.0,3924.0,3868.0,3897.0,nan,3895.0,138499,5395113880.0,200280,3902.0,92,3901.0,23,nan,0,nan,0,nan,0,nan,0,nan,0,nan,0,nan,0,nan,0
1597988358632719104,1597988359181999872,2020-08-21 13:39:19.182000,3902.0,3924.0,3868.0,3897.0,nan,3895.0,138499,5395113880.0,200280,3902.0,92,3901.0,25,nan,0,nan,0,nan,0,nan,0,nan,0,nan,0,nan,0,nan,0
1597988359149444096,1597988359573999872,2020-08-21 13:39:19.574000,3902.0,3924.0,3868.0,3897.0,nan,3895.0,138499,5395113880.0,200280,3902.0,92,3901.0,26,nan,0,nan,0,nan,0,nan,0,nan,0,nan,0,nan,0,nan,0
1597988360144139008,1597988360684000000,2020-08-21 13:39:20.684000,3902.0,3924.0,3868.0,3897.0,nan,3895.0,138499,5395113880.0,200280,3902.0,92,3901.0,37,nan,0,nan,0,nan,0,nan,0,nan,0,nan,0,nan,0,nan,0
1597988360632028928,1597988361081000192,2020-08-21 13:39:21.081000,3902.0,3924.0,3868.0,3897.0,nan,3895.0,138499,5395113880.0,200280,3902.0,92,3901.0,39,nan,0,nan,0,nan,0,nan,0,nan,0,nan,0,nan,0,nan,0
1597988361628115968,1597988362220999936,2020-08-21 13:39:22.221000,3902.0,3924.0,3868.0,3897.0,nan,3895.0,138499,5395113880.0,200280,3902.0,92,3901.0,44,nan,0,nan,0,nan,0,nan,0,nan,0,nan,0,nan,0,nan,0
1597988362636613888,1597988363212000000,2020-08-21 13:39:23.212000,3902.0,3924.0,3868.0,3897.0,nan,3895.0,138499,5395113880.0,200280,3902.0,95,3901.0,46,nan,0,nan,0,nan,0,nan,0,nan,0,nan,0,nan,0,nan,0
1597988363642864896,1597988363923000064,2020-08-21 13:39:23.923000,3902.0,3924.0,3868.0,3897.0,nan,3895.0,138499,5395113880.0,200280,3902.0,95,3901.0,47,nan,0,nan,0,nan,0,nan,0,nan,0,nan,0,nan,0,nan,0
1597988364137594880,1597988364707000064,2020-08-21 13:39:24.707000,3902.0,3924.0,3868.0,3897.0,nan,3895.0,138499,5395113880.0,200280,3902.0,95,3901.0,49,nan,0,nan,0,nan,0,nan,0,nan,0,nan,0,nan,0,nan,0
1597988364633730048,1597988365168000000,2020-08-21 13:39:25.168000,3902.0,3924.0,3868.0,3897.0,nan,3895.0,138499,5395113880.0,200280,3902.0,95,3901.0,50,nan,0,nan,0,nan,0,nan,0,nan,0,nan,0,nan,0,nan,0
1597988365130001920,1597988365569999872,2020-08-21 13:39:25.570000,3901.0,3924.0,3868.0,3897.0,nan,3895.0,138503,5395269920.0,200276,3902.0,95,3901.0,47,nan,0,nan,0,nan,0,nan,0,nan,0,nan,0,nan,0,nan,0
1597988366669925120,1597988367226000128,2020-08-21 13:39:27.226000,3902.0,3924.0,3868.0,3897.0,nan,3895.0,138504,5395308940.0,200276,3902.0,94,3901.0,50,nan,0,nan,0,nan,0,nan,0,nan,0,nan,0,nan,0,nan,0
1597988367171296000,1597988367668000000,2020-08-21 13:39:27.668000,3902.0,3924.0,3868.0,3897.0,nan,3895.0,138504,5395308940.0,200276,3902.0,94,3901.0,60,nan,0,nan,0,nan,0,nan,0,nan,0,nan,0,nan,0,nan,0
1597988367664688896,1597988368122999808,2020-08-21 13:39:28.123000,3901.0,3924.0,3868.0,3897.0,nan,3895.0,138513,5395660030.0,200275,3902.0,94,3901.0,52,nan,0,nan,0,nan,0,nan,0,nan,0,nan,0,nan,0,nan,0
1597988368636674048,1597988369234999808,2020-08-21 13:39:29.235000,3901.0,3924.0,3868.0,3897.0,nan,3895.0,138513,5395660030.0,200275,3902.0,95,3901.0,60,nan,0,nan,0,nan,0,nan,0,nan,0,nan,0,nan,0,nan,0
1597988369159119872,1597988369727000064,2020-08-21 13:39:29.727000,3901.0,3924.0,3868.0,3897.0,nan,3895.0,138516,5395777060.0,200277,3902.0,95,3901.0,57,nan,0,nan,0,nan,0,nan,0,nan,0,nan,0,nan,0,nan,0
1597988370162406912,1597988370739000064,2020-08-21 13:39:30.739000,3901.0,3924.0,3868.0,3897.0,nan,3895.0,138526,5396167160.0,200275,3902.0,95,3901.0,47,nan,0,nan,0,nan,0,nan,0,nan,0,nan,0,nan,0,nan,0
1597988370640293888,1597988371223000064,2020-08-21 13:39:31.223000,3901.0,3924.0,3868.0,3897.0,nan,3895.0,138526,5396167160.0,200275,3902.0,95,3901.0,49,nan,0,nan,0,nan,0,nan,0,nan,0,nan,0,nan,0,nan,0
1597988371133634048,1597988371456999936,2020-08-21 13:39:31.457000,3901.0,3924.0,3868.0,3897.0,nan,3895.0,138526,5396167160.0,200275,3902.0,95,3901.0,50,nan,0,nan,0,nan,0,nan,0,nan,0,nan,0,nan,0,nan,0
1597988372633203968,1597988372927000064,2020-08-21 13:39:32.927000,3901.0,3924.0,3868.0,3897.0,nan,3895.0,138527,5396206170.0,200274,3902.0,95,3901.0,49,nan,0,nan,0,nan,0,nan,0,nan,0,nan,0,nan,0,nan,0
1597988373162430976,1597988373598000128,2020-08-21 13:39:33.598000,3901.0,3924.0,3868.0,3897.0,nan,3895.0,138527,5396206170.0,200274,3902.0,96,3901.0,52,nan,0,nan,0,nan,0,nan,0,nan,0,nan,0,nan,0,nan,0
1597988375150196992,1597988375723000064,2020-08-21 13:39:35.723000,3901.0,3924.0,3868.0,3897.0,nan,3895.0,138527,5396206170.0,200274,3902.0,99,3901.0,52,nan,0,nan,0,nan,0,nan,0,nan,0,nan,0,nan,0,nan,0
1597988375635901952,1597988376193000192,2020-08-21 13:39:36.193000,3901.0,3924.0,3868.0,3897.0,nan,3895.0,138528,5396245180.0,200273,3902.0,104,3901.0,49,nan,0,nan,0,nan,0,nan,0,nan,0,nan,0,nan,0,nan,0
1597988376170898944,1597988376732000000,2020-08-21 13:39:36.732000,3901.0,3924.0,3868.0,3897.0,nan,3895.0,138528,5396245180.0,200273,3902.0,109,3901.0,49,nan,0,nan,0,nan,0,nan,0,nan,0,nan,0,nan,0,nan,0
1597988376629427968,1597988376954999808,2020-08-21 13:39:36.955000,3901.0,3924.0,3868.0,3897.0,nan,3895.0,138528,5396245180.0,200273,3902.0,109,3901.0,55,nan,0,nan,0,nan,0,nan,0,nan,0,nan,0,nan,0,nan,0
1597988378157916928,1597988378743000064,2020-08-21 13:39:38.743000,3901.0,3924.0,3868.0,3897.0,nan,3895.0,138528,5396245180.0,200273,3902.0,109,3901.0,65,nan,0,nan,0,nan,0,nan,0,nan,0,nan,0,nan,0,nan,0
1597988379633828096,1597988380119000064,2020-08-21 13:39:40.119000,3901.0,3924.0,3868.0,3897.0,nan,3895.0,138532,5396401220.0,200269,3902.0,109,3901.0,62,nan,0,nan,0,nan,0,nan,0,nan,0,nan,0,nan,0,nan,0
1597988380142740992,1597988380729000192,2020-08-21 13:39:40.729000,3901.0,3924.0,3868.0,3897.0,nan,3895.0,138533,5396440230.0,200268,3902.0,108,3901.0,60,nan,0,nan,0,nan,0,nan,0,nan,0,nan,0,nan,0,nan,0
1597988382638977024,1597988383096999936,2020-08-21 13:39:43.097000,3901.0,3924.0,3868.0,3897.0,nan,3895.0,138533,5396440230.0,200268,3902.0,109,3901.0,60,nan,0,nan,0,nan,0,nan,0,nan,0,nan,0,nan,0,nan,0
1597988386146700032,1597988386584000000,2020-08-21 13:39:46.584000,3901.0,3924.0,3868.0,3897.0,nan,3895.0,138533,5396440230.0,200268,3902.0,110,3901.0,60,nan,0,nan,0,nan,0,nan,0,nan,0,nan,0,nan,0,nan,0
1597988386628623872,1597988387092000000,2020-08-21 13:39:47.092000,3901.0,3924.0,3868.0,3897.0,nan,3895.0,138533,5396440230.0,200268,3902.0,110,3901.0,66,nan,0,nan,0,nan,0,nan,0,nan,0,nan,0,nan,0,nan,0
1597988387640971008,1597988388223000064,2020-08-21 13:39:48.223000,3901.0,3924.0,3868.0,3897.0,nan,3895.0,138534,5396479240.0,200267,3902.0,110,3901.0,65,nan,0,nan,0,nan,0,nan,0,nan,0,nan,0,nan,0,nan,0
1597988388150636032,1597988388486000128,2020-08-21 13:39:48.486000,3901.0,3924.0,3868.0,3897.0,nan,3895.0,138534,5396479240.0,200267,3902.0,118,3901.0,65,nan,0,nan,0,nan,0,nan,0,nan,0,nan,0,nan,0,nan,0
1597988389133090048,1597988389591000064,2020-08-21 13:39:49.591000,3901.0,3924.0,3868.0,3897.0,nan,3895.0,138535,5396518250.0,200266,3902.0,118,3901.0,64,nan,0,nan,0,nan,0,nan,0,nan,0,nan,0,nan,0,nan,0
1597988389627482880,1597988390219000064,2020-08-21 13:39:50.219000,3901.0,3924.0,3868.0,3897.0,nan,3895.0,138535,5396518250.0,200266,3902.0,120,3901.0,64,nan,0,nan,0,nan,0,nan,0,nan,0,nan,0,nan,0,nan,0
1597988390168301056,1597988390731000064,2020-08-21 13:39:50.731000,3902.0,3924.0,3868.0,3897.0,nan,3895.0,138545,5396908450.0,200274,3902.0,111,3901.0,67,nan,0,nan,0,nan,0,nan,0,nan,0,nan,0,nan,0,nan,0
1597988391168582912,1597988391694000128,2020-08-21 13:39:51.694000,3901.0,3924.0,3868.0,3897.0,nan,3895.0,138557,5397376570.0,200272,3902.0,111,3901.0,55,nan,0,nan,0,nan,0,nan,0,nan,0,nan,0,nan,0,nan,0
1597988392139162880,1597988392734999808,2020-08-21 13:39:52.735000,3902.0,3924.0,3868.0,3897.0,nan,3895.0,138558,5397415590.0,200273,3902.0,110,3901.0,55,nan,0,nan,0,nan,0,nan,0,nan,0,nan,0,nan,0,nan,0
1597988394160668928,1597988394704999936,2020-08-21 13:39:54.705000,3902.0,3924.0,3868.0,3897.0,nan,3895.0,138559,5397454610.0,200274,3902.0,109,3901.0,55,nan,0,nan,0,nan,0,nan,0,nan,0,nan,0,nan,0,nan,0
1597988394646519040,1597988395171000064,2020-08-21 13:39:55.171000,3901.0,3924.0,3868.0,3897.0,nan,3895.0,138564,5397649660.0,200278,3902.0,115,3901.0,50,nan,0,nan,0,nan,0,nan,0,nan,0,nan,0,nan,0,nan,0
1597988395130392064,1597988395680999936,2020-08-21 13:39:55.681000,3901.0,3924.0,3868.0,3897.0,nan,3895.0,138564,5397649660.0,200278,3902.0,116,3901.0,47,nan,0,nan,0,nan,0,nan,0,nan,0,nan,0,nan,0,nan,0
1597988395643495936,1597988396236000000,2020-08-21 13:39:56.236000,3901.0,3924.0,3868.0,3897.0,nan,3895.0,138564,5397649660.0,200278,3902.0,118,3901.0,50,nan,0,nan,0,nan,0,nan,0,nan,0,nan,0,nan,0,nan,0
1597988397652325120,1597988398239000064,2020-08-21 13:39:58.239000,3901.0,3924.0,3868.0,3897.0,nan,3895.0,138565,5397688670.0,200279,3902.0,118,3901.0,50,nan,0,nan,0,nan,0,nan,0,nan,0,nan,0,nan,0,nan,0
1597988398642478080,1597988399124999936,2020-08-21 13:39:59.125000,3901.0,3924.0,3868.0,3897.0,nan,3895.0,138565,5397688670.0,200279,3902.0,118,3901.0,65,nan,0,nan,0,nan,0,nan,0,nan,0,nan,0,nan,0,nan,0
1597988399625712128,1597988400066999808,2020-08-21 13:40:00.067000,3901.0,3924.0,3868.0,3897.0,nan,3895.0,138565,5397688670.0,200279,3902.0,118,3901.0,66,nan,0,nan,0,nan,0,nan,0,nan,0,nan,0,nan,0,nan,0
1597988400179540992,1597988400727000064,2020-08-21 13:40:00.727000,3901.0,3924.0,3868.0,3897.0,nan,3895.0,138566,5397727680.0,200279,3902.0,117,3901.0,65,nan,0,nan,0,nan,0,nan,0,nan,0,nan,0,nan,0,nan,0
1597988401630688000,1597988402212999936,2020-08-21 13:40:02.213000,3901.0,3924.0,3868.0,3897.0,nan,3895.0,138566,5397727680.0,200279,3902.0,117,3901.0,66,nan,0,nan,0,nan,0,nan,0,nan,0,nan,0,nan,0,nan,0
1597988404142615040,1597988404694999808,2020-08-21 13:40:04.695000,3901.0,3924.0,3868.0,3897.0,nan,3895.0,138569,5397844710.0,200280,3902.0,117,3901.0,62,nan,0,nan,0,nan,0,nan,0,nan,0,nan,0,nan,0,nan,0
1597988405631705088,1597988406128999936,2020-08-21 13:40:06.129000,3902.0,3924.0,3868.0,3897.0,nan,3895.0,138571,5397922750.0,200281,3902.0,127,3901.0,62,nan,0,nan,0,nan,0,nan,0,nan,0,nan,0,nan,0,nan,0
1597988406154220032,1597988406729000192,2020-08-21 13:40:06.729000,3902.0,3924.0,3868.0,3897.0,nan,3895.0,138571,5397922750.0,200281,3902.0,129,3901.0,63,nan,0,nan,0,nan,0,nan,0,nan,0,nan,0,nan,0,nan,0
1597988406638621952,1597988407236999936,2020-08-21 13:40:07.237000,3901.0,3924.0,3868.0,3897.0,nan,3895.0,138572,5397961760.0,200282,3902.0,130,3901.0,62,nan,0,nan,0,nan,0,nan,0,nan,0,nan,0,nan,0,nan,0
1597988407182349056,1597988407719000064,2020-08-21 13:40:07.719000,3901.0,3924.0,3868.0,3897.0,nan,3895.0,138634,5400380380.0,200309,3901.0,25,3900.0,131,nan,0,nan,0,nan,0,nan,0,nan,0,nan,0,nan,0,nan,0
1597988407647845888,1597988408194999808,2020-08-21 13:40:08.195000,3901.0,3924.0,3868.0,3897.0,nan,3895.0,138634,5400380380.0,200309,3901.0,28,3900.0,138,nan,0,nan,0,nan,0,nan,0,nan,0,nan,0,nan,0,nan,0
1597988408185115904,1597988408728000000,2020-08-21 13:40:08.728000,3901.0,3924.0,3868.0,3897.0,nan,3895.0,138634,5400380380.0,200309,3901.0,30,3900.0,138,nan,0,nan,0,nan,0,nan,0,nan,0,nan,0,nan,0,nan,0
1597988408632421120,1597988409073999872,2020-08-21 13:40:09.074000,3901.0,3924.0,3868.0,3897.0,nan,3895.0,138634,5400380380.0,200309,3901.0,34,3900.0,138,nan,0,nan,0,nan,0,nan,0,nan,0,nan,0,nan,0,nan,0
1597988410129167872,1597988410712000000,2020-08-21 13:40:10.712000,3901.0,3924.0,3868.0,3897.0,nan,3895.0,138635,5400419390.0,200309,3901.0,34,3900.0,138,nan,0,nan,0,nan,0,nan,0,nan,0,nan,0,nan,0,nan,0
1597988411633312000,1597988412224999936,2020-08-21 13:40:12.225000,3901.0,3924.0,3868.0,3897.0,nan,3895.0,138636,5400458400.0,200310,3901.0,33,3900.0,138,nan,0,nan,0,nan,0,nan,0,nan,0,nan,0,nan,0,nan,0
1597988412189422080,1597988412583000064,2020-08-21 13:40:12.583000,3901.0,3924.0,3868.0,3897.0,nan,3895.0,138636,5400458400.0,200310,3901.0,31,3900.0,138,nan,0,nan,0,nan,0,nan,0,nan,0,nan,0,nan,0,nan,0
1597988412666661888,1597988412990000128,2020-08-21 13:40:12.990000,3901.0,3924.0,3868.0,3897.0,nan,3895.0,138636,5400458400.0,200310,3901.0,29,3900.0,137,nan,0,nan,0,nan,0,nan,0,nan,0,nan,0,nan,0,nan,0
1597988414155699968,1597988414704000000,2020-08-21 13:40:14.704000,3900.0,3924.0,3868.0,3897.0,nan,3895.0,138637,5400497400.0,200309,3901.0,30,3900.0,140,nan,0,nan,0,nan,0,nan,0,nan,0,nan,0,nan,0,nan,0
1597988416198947072,1597988416630000128,2020-08-21 13:40:16.630000,3900.0,3924.0,3868.0,3897.0,nan,3895.0,138637,5400497400.0,200309,3901.0,30,3900.0,144,nan,0,nan,0,nan,0,nan,0,nan,0,nan,0,nan,0,nan,0
1597988416640115968,1597988417236000000,2020-08-21 13:40:17.236000,3900.0,3924.0,3868.0,3897.0,nan,3895.0,138637,5400497400.0,200309,3901.0,33,3900.0,144,nan,0,nan,0,nan,0,nan,0,nan,0,nan,0,nan,0,nan,0
1597988417188967936,1597988417744000000,2020-08-21 13:40:17.744000,3900.0,3924.0,3868.0,3897.0,nan,3895.0,138637,5400497400.0,200309,3901.0,54,3900.0,141,nan,0,nan,0,nan,0,nan,0,nan,0,nan,0,nan,0,nan,0
1597988417646974976,1597988418240999936,2020-08-21 13:40:18.241000,3900.0,3924.0,3868.0,3897.0,nan,3895.0,138638,5400536400.0,200309,3901.0,59,3900.0,140,nan,0,nan,0,nan,0,nan,0,nan,0,nan,0,nan,0,nan,0
1597988418148535040,1597988418719000064,2020-08-21 13:40:18.719000,3900.0,3924.0,3868.0,3897.0,nan,3895.0,138661,5401433400.0,200324,3901.0,67,3900.0,117,nan,0,nan,0,nan,0,nan,0,nan,0,nan,0,nan,0,nan,0
1597988418647173888,1597988419226000128,2020-08-21 13:40:19.226000,3901.0,3924.0,3868.0,3897.0,nan,3895.0,138665,5401589410.0,200327,3901.0,67,3900.0,113,nan,0,nan,0,nan,0,nan,0,nan,0,nan,0,nan,0,nan,0
1597988419142045952,1597988419580000000,2020-08-21 13:40:19.580000,3901.0,3924.0,3868.0,3897.0,nan,3895.0,138666,5401628420.0,200328,3901.0,70,3900.0,113,nan,0,nan,0,nan,0,nan,0,nan,0,nan,0,nan,0,nan,0
1597988420631186944,1597988421124000000,2020-08-21 13:40:21.124000,3901.0,3924.0,3868.0,3897.0,nan,3895.0,138667,5401667430.0,200329,3901.0,74,3900.0,113,nan,0,nan,0,nan,0,nan,0,nan,0,nan,0,nan,0,nan,0
1597988421151618048,1597988421573999872,2020-08-21 13:40:21.574000,3901.0,3924.0,3868.0,3897.0,nan,3895.0,138667,5401667430.0,200329,3901.0,75,3900.0,113,nan,0,nan,0,nan,0,nan,0,nan,0,nan,0,nan,0,nan,0
1597988423642117120,1597988424148999936,2020-08-21 13:40:24.149000,3901.0,3924.0,3868.0,3897.0,nan,3895.0,138669,5401745450.0,200331,3901.0,73,3900.0,113,nan,0,nan,0,nan,0,nan,0,nan,0,nan,0,nan,0,nan,0
1597988424214171904,1597988424721999872,2020-08-21 13:40:24.722000,3900.0,3924.0,3868.0,3897.0,nan,3895.0,138670,5401784450.0,200331,3901.0,76,3900.0,112,nan,0,nan,0,nan,0,nan,0,nan,0,nan,0,nan,0,nan,0
1597988424646803968,1597988425211000064,2020-08-21 13:40:25.211000,3900.0,3924.0,3868.0,3897.0,nan,3895.0,138670,5401784450.0,200331,3901.0,79,3900.0,112,nan,0,nan,0,nan,0,nan,0,nan,0,nan,0,nan,0,nan,0
1597988426190277888,1597988426582000128,2020-08-21 13:40:26.582000,3901.0,3924.0,3868.0,3897.0,nan,3895.0,138672,5401862470.0,200329,3901.0,77,3900.0,112,nan,0,nan,0,nan,0,nan,0,nan,0,nan,0,nan,0,nan,0
1597988426847739904,1597988427120000000,2020-08-21 13:40:27.120000,3900.0,3924.0,3868.0,3897.0,nan,3895.0,138673,5401901470.0,200329,3901.0,77,3900.0,111,nan,0,nan,0,nan,0,nan,0,nan,0,nan,0,nan,0,nan,0
1597988429633284096,1597988430226000128,2020-08-21 13:40:30.226000,3900.0,3924.0,3868.0,3897.0,nan,3895.0,138679,5402135470.0,200328,3901.0,72,3900.0,105,nan,0,nan,0,nan,0,nan,0,nan,0,nan,0,nan,0,nan,0
1597988430158565120,1597988430729000192,2020-08-21 13:40:30.729000,3901.0,3924.0,3868.0,3897.0,nan,3895.0,138680,5402174480.0,200328,3901.0,71,3900.0,105,nan,0,nan,0,nan,0,nan,0,nan,0,nan,0,nan,0,nan,0
1597988430642535936,1597988431200999936,2020-08-21 13:40:31.201000,3901.0,3924.0,3868.0,3897.0,nan,3895.0,138680,5402174480.0,200328,3901.0,77,3900.0,105,nan,0,nan,0,nan,0,nan,0,nan,0,nan,0,nan,0,nan,0
1597988433161769984,1597988433607000064,2020-08-21 13:40:33.607000,3901.0,3924.0,3868.0,3897.0,nan,3895.0,138686,5402408540.0,200328,3901.0,71,3900.0,105,nan,0,nan,0,nan,0,nan,0,nan,0,nan,0,nan,0,nan,0
1597988433629296128,1597988433934000128,2020-08-21 13:40:33.934000,3901.0,3924.0,3868.0,3897.0,nan,3895.0,138687,5402447550.0,200328,3901.0,70,3900.0,105,nan,0,nan,0,nan,0,nan,0,nan,0,nan,0,nan,0,nan,0
1597988434136577024,1597988434720999936,2020-08-21 13:40:34.721000,3900.0,3924.0,3868.0,3897.0,nan,3895.0,138688,5402486550.0,200328,3901.0,69,3900.0,104,nan,0,nan,0,nan,0,nan,0,nan,0,nan,0,nan,0,nan,0
1597988434647254016,1597988435239000064,2020-08-21 13:40:35.239000,3900.0,3924.0,3868.0,3897.0,nan,3895.0,138689,5402525550.0,200327,3901.0,69,3900.0,103,nan,0,nan,0,nan,0,nan,0,nan,0,nan,0,nan,0,nan,0
1597988435157402112,1597988435660999936,2020-08-21 13:40:35.661000,3900.0,3924.0,3868.0,3897.0,nan,3895.0,138739,5404475550.0,200301,3901.0,69,3900.0,53,nan,0,nan,0,nan,0,nan,0,nan,0,nan,0,nan,0,nan,0
1597988435632855040,1597988436207000064,2020-08-21 13:40:36.207000,3900.0,3924.0,3868.0,3897.0,nan,3895.0,138793,5406581540.0,200310,3900.0,9,3899.0,43,nan,0,nan,0,nan,0,nan,0,nan,0,nan,0,nan,0,nan,0
1597988436168625920,1597988436583000064,2020-08-21 13:40:36.583000,3899.0,3924.0,3868.0,3897.0,nan,3895.0,138799,5406815480.0,200316,3900.0,20,3899.0,50,nan,0,nan,0,nan,0,nan,0,nan,0,nan,0,nan,0,nan,0
1597988436638202112,1597988437226000128,2020-08-21 13:40:37.226000,3899.0,3924.0,3868.0,3897.0,nan,3895.0,138799,5406815480.0,200316,3900.0,23,3899.0,49,nan,0,nan,0,nan,0,nan,0,nan,0,nan,0,nan,0,nan,0
1597988437134343936,1597988437651000064,2020-08-21 13:40:37.651000,3899.0,3924.0,3868.0,3897.0,nan,3895.0,138799,5406815480.0,200316,3900.0,27,3899.0,46,nan,0,nan,0,nan,0,nan,0,nan,0,nan,0,nan,0,nan,0
1597988439180250112,1597988439723000064,2020-08-21 13:40:39.723000,3900.0,3924.0,3868.0,3897.0,nan,3895.0,138801,5406893480.0,200318,3900.0,35,3899.0,46,nan,0,nan,0,nan,0,nan,0,nan,0,nan,0,nan,0,nan,0
1597988439638662912,1597988440224000000,2020-08-21 13:40:40.224000,3899.0,3924.0,3868.0,3897.0,nan,3895.0,138811,5407283380.0,200320,3900.0,45,3899.0,36,nan,0,nan,0,nan,0,nan,0,nan,0,nan,0,nan,0,nan,0
1597988440144502016,1597988440697999872,2020-08-21 13:40:40.698000,3899.0,3924.0,3868.0,3897.0,nan,3895.0,138811,5407283380.0,200320,3900.0,55,3899.0,28,nan,0,nan,0,nan,0,nan,0,nan,0,nan,0,nan,0,nan,0
1597988440654147072,1597988441234999808,2020-08-21 13:40:41.235000,3899.0,3924.0,3868.0,3897.0,nan,3895.0,138811,5407283380.0,200320,3900.0,56,3899.0,29,nan,0,nan,0,nan,0,nan,0,nan,0,nan,0,nan,0,nan,0
1597988441180139008,1597988441744000000,2020-08-21 13:40:41.744000,3899.0,3924.0,3868.0,3897.0,nan,3895.0,138811,5407283380.0,200320,3900.0,58,3899.0,30,nan,0,nan,0,nan,0,nan,0,nan,0,nan,0,nan,0,nan,0
1597988441649907968,1597988442128000000,2020-08-21 13:40:42.128000,3900.0,3924.0,3868.0,3897.0,nan,3895.0,138812,5407322380.0,200321,3900.0,62,3899.0,30,nan,0,nan,0,nan,0,nan,0,nan,0,nan,0,nan,0,nan,0
1597988442147058944,1597988442665999872,2020-08-21 13:40:42.666000,3899.0,3924.0,3868.0,3897.0,nan,3895.0,138824,5407790260.0,200320,3900.0,62,3899.0,18,nan,0,nan,0,nan,0,nan,0,nan,0,nan,0,nan,0,nan,0
1597988442649968896,1597988443226000128,2020-08-21 13:40:43.226000,3899.0,3924.0,3868.0,3897.0,nan,3895.0,138836,5408258140.0,200322,3900.0,61,3899.0,5,nan,0,nan,0,nan,0,nan,0,nan,0,nan,0,nan,0,nan,0
1597988443129038080,1597988443694000128,2020-08-21 13:40:43.694000,3899.0,3924.0,3868.0,3897.0,nan,3895.0,138848,5408726020.0,200313,3899.0,5,3898.0,53,nan,0,nan,0,nan,0,nan,0,nan,0,nan,0,nan,0,nan,0
1597988443641884928,1597988444124000000,2020-08-21 13:40:44.124000,3899.0,3924.0,3868.0,3897.0,nan,3895.0,138863,5409310870.0,200307,3900.0,56,3899.0,3,nan,0,nan,0,nan,0,nan,0,nan,0,nan,0,nan,0,nan,0
1597988444159275008,1597988444723000064,2020-08-21 13:40:44.723000,3899.0,3924.0,3868.0,3897.0,nan,3895.0,138869,5409544810.0,200302,3900.0,57,3899.0,7,nan,0,nan,0,nan,0,nan,0,nan,0,nan,0,nan,0,nan,0
1597988444669008896,1597988445121999872,2020-08-21 13:40:45.122000,3899.0,3924.0,3868.0,3897.0,nan,3895.0,138869,5409544810.0,200302,3900.0,56,3899.0,12,nan,0,nan,0,nan,0,nan,0,nan,0,nan,0,nan,0,nan,0
1597988445632773120,1597988446232999936,2020-08-21 13:40:46.233000,3899.0,3924.0,3868.0,3897.0,nan,3895.0,138869,5409544810.0,200302,3900.0,56,3899.0,13,nan,0,nan,0,nan,0,nan,0,nan,0,nan,0,nan,0,nan,0
1597988446625980928,1597988447240000000,2020-08-21 13:40:47.240000,3899.0,3924.0,3868.0,3897.0,nan,3895.0,138869,5409544810.0,200302,3900.0,56,3899.0,15,nan,0,nan,0,nan,0,nan,0,nan,0,nan,0,nan,0,nan,0
1597988447140658944,1597988447724999936,2020-08-21 13:40:47.725000,3899.0,3924.0,3868.0,3897.0,nan,3895.0,138870,5409583800.0,200301,3900.0,56,3899.0,14,nan,0,nan,0,nan,0,nan,0,nan,0,nan,0,nan,0,nan,0
1597988449630260992,1597988450232999936,2020-08-21 13:40:50.233000,3899.0,3924.0,3868.0,3897.0,nan,3895.0,138880,5409973700.0,200301,3900.0,56,3899.0,4,nan,0,nan,0,nan,0,nan,0,nan,0,nan,0,nan,0,nan,0
1597988451150452992,1597988451677999872,2020-08-21 13:40:51.678000,3899.0,3924.0,3868.0,3897.0,nan,3895.0,138881,5410012690.0,200301,3900.0,56,3899.0,3,nan,0,nan,0,nan,0,nan,0,nan,0,nan,0,nan,0,nan,0
1597988451629211904,1597988452242000128,2020-08-21 13:40:52.242000,3899.0,3924.0,3868.0,3897.0,nan,3895.0,138885,5410168650.0,200301,3899.0,28,3898.0,72,nan,0,nan,0,nan,0,nan,0,nan,0,nan,0,nan,0,nan,0
1597988452139521024,1597988452690000128,2020-08-21 13:40:52.690000,3899.0,3924.0,3868.0,3897.0,nan,3895.0,138885,5410168650.0,200301,3899.0,33,3898.0,74,nan,0,nan,0,nan,0,nan,0,nan,0,nan,0,nan,0,nan,0
1597988452638414080,1597988453120999936,2020-08-21 13:40:53.121000,3899.0,3924.0,3868.0,3897.0,nan,3895.0,138885,5410168650.0,200301,3899.0,34,3898.0,75,nan,0,nan,0,nan,0,nan,0,nan,0,nan,0,nan,0,nan,0
1597988453148308992,1597988453657000192,2020-08-21 13:40:53.657000,3899.0,3924.0,3868.0,3897.0,nan,3895.0,138920,5411533300.0,200272,3900.0,53,3898.0,75,nan,0,nan,0,nan,0,nan,0,nan,0,nan,0,nan,0,nan,0
1597988453633801984,1597988454164000000,2020-08-21 13:40:54.164000,3899.0,3924.0,3868.0,3897.0,nan,3895.0,138921,5411572290.0,200272,3900.0,55,3898.0,75,nan,0,nan,0,nan,0,nan,0,nan,0,nan,0,nan,0,nan,0
1597988454153733120,1597988454709000192,2020-08-21 13:40:54.709000,3898.0,3924.0,3868.0,3897.0,nan,3895.0,138922,5411611270.0,200271,3899.0,17,3898.0,77,nan,0,nan,0,nan,0,nan,0,nan,0,nan,0,nan,0,nan,0
1597988454633910016,1597988455156000000,2020-08-21 13:40:55.156000,3899.0,3924.0,3868.0,3897.0,nan,3895.0,138953,5412819940.0,200277,3900.0,52,3898.0,81,nan,0,nan,0,nan,0,nan,0,nan,0,nan,0,nan,0,nan,0
1597988455136442880,1597988455726000128,2020-08-21 13:40:55.726000,3899.0,3924.0,3868.0,3897.0,nan,3895.0,138954,5412858930.0,200277,3900.0,52,3898.0,86,nan,0,nan,0,nan,0,nan,0,nan,0,nan,0,nan,0,nan,0
1597988455627528960,1597988456148999936,2020-08-21 13:40:56.149000,3899.0,3924.0,3868.0,3897.0,nan,3895.0,138954,5412858930.0,200277,3900.0,52,3899.0,12,nan,0,nan,0,nan,0,nan,0,nan,0,nan,0,nan,0,nan,0
1597988456156808960,1597988456736000000,2020-08-21 13:40:56.736000,3899.0,3924.0,3868.0,3897.0,nan,3895.0,138954,5412858930.0,200277,3900.0,56,3899.0,12,nan,0,nan,0,nan,0,nan,0,nan,0,nan,0,nan,0,nan,0
1597988456633867008,1597988457240000000,2020-08-21 13:40:57.240000,3899.0,3924.0,3868.0,3897.0,nan,3895.0,138955,5412897920.0,200277,3900.0,56,3899.0,11,nan,0,nan,0,nan,0,nan,0,nan,0,nan,0,nan,0,nan,0
1597988457154205952,1597988457654000128,2020-08-21 13:40:57.654000,3899.0,3924.0,3868.0,3897.0,nan,3895.0,138955,5412897920.0,200277,3900.0,96,3899.0,1,nan,0,nan,0,nan,0,nan,0,nan,0,nan,0,nan,0,nan,0
1597988458639181056,1597988459160999936,2020-08-21 13:40:59.161000,3899.0,3924.0,3868.0,3897.0,nan,3895.0,138956,5412936910.0,200277,3900.0,96,3898.0,86,nan,0,nan,0,nan,0,nan,0,nan,0,nan,0,nan,0,nan,0
1597988459149517056,1597988459730000128,2020-08-21 13:40:59.730000,3898.0,3924.0,3868.0,3897.0,nan,3895.0,138965,5413287730.0,200273,3899.0,7,3898.0,77,nan,0,nan,0,nan,0,nan,0,nan,0,nan,0,nan,0,nan,0
1597988459635614976,1597988460167000064,2020-08-21 13:41:00.167000,3898.0,3924.0,3868.0,3897.0,nan,3895.0,138965,5413287730.0,200273,3899.0,5,3898.0,77,nan,0,nan,0,nan,0,nan,0,nan,0,nan,0,nan,0,nan,0
1597988460178087936,1597988460617000192,2020-08-21 13:41:00.617000,3898.0,3924.0,3868.0,3897.0,nan,3895.0,138965,5413287730.0,200273,3899.0,9,3898.0,77,nan,0,nan,0,nan,0,nan,0,nan,0,nan,0,nan,0,nan,0
1597988460634437888,1597988461244000000,2020-08-21 13:41:01.244000,3898.0,3924.0,3868.0,3897.0,nan,3895.0,138965,5413287730.0,200273,3899.0,11,3898.0,77,nan,0,nan,0,nan,0,nan,0,nan,0,nan,0,nan,0,nan,0
1597988461126251008,1597988461677999872,2020-08-21 13:41:01.678000,3898.0,3924.0,3868.0,3897.0,nan,3895.0,138972,5413560590.0,200275,3899.0,23,3898.0,70,nan,0,nan,0,nan,0,nan,0,nan,0,nan,0,nan,0,nan,0
1597988461641271040,1597988462244999936,2020-08-21 13:41:02.245000,3898.0,3924.0,3868.0,3897.0,nan,3895.0,138978,5413794470.0,200275,3899.0,24,3898.0,63,nan,0,nan,0,nan,0,nan,0,nan,0,nan,0,nan,0,nan,0
1597988462167310080,1597988462688000000,2020-08-21 13:41:02.688000,3898.0,3924.0,3868.0,3897.0,nan,3895.0,138987,5414145290.0,200281,3899.0,27,3898.0,54,nan,0,nan,0,nan,0,nan,0,nan,0,nan,0,nan,0,nan,0
1597988462644402944,1597988463177999872,2020-08-21 13:41:03.178000,3898.0,3924.0,3868.0,3897.0,nan,3895.0,138987,5414145290.0,200281,3899.0,27,3898.0,55,nan,0,nan,0,nan,0,nan,0,nan,0,nan,0,nan,0,nan,0
1597988463156316928,1597988463632999936,2020-08-21 13:41:03.633000,3898.0,3924.0,3868.0,3897.0,nan,3895.0,138992,5414340190.0,200278,3899.0,27,3898.0,50,nan,0,nan,0,nan,0,nan,0,nan,0,nan,0,nan,0,nan,0
1597988464158418944,1597988464740000000,2020-08-21 13:41:04.740000,3898.0,3924.0,3868.0,3897.0,nan,3895.0,138993,5414379170.0,200278,3899.0,20,3898.0,49,nan,0,nan,0,nan,0,nan,0,nan,0,nan,0,nan,0,nan,0
1597988464643163904,1597988465209000192,2020-08-21 13:41:05.209000,3897.0,3924.0,3868.0,3897.0,nan,3895.0,139047,5416484040.0,200322,3898.0,54,3897.0,55,nan,0,nan,0,nan,0,nan,0,nan,0,nan,0,nan,0,nan,0
1597988465182856960,1597988465690000128,2020-08-21 13:41:05.690000,3898.0,3924.0,3868.0,3897.0,nan,3895.0,139048,5416523020.0,200322,3898.0,58,3897.0,58,nan,0,nan,0,nan,0,nan,0,nan,0,nan,0,nan,0,nan,0
1597988466150812928,1597988466694000128,2020-08-21 13:41:06.694000,3897.0,3924.0,3868.0,3897.0,nan,3895.0,139062,5417068600.0,200324,3898.0,62,3897.0,42,nan,0,nan,0,nan,0,nan,0,nan,0,nan,0,nan,0,nan,0
1597988466633828096,1597988467236000000,2020-08-21 13:41:07.236000,3897.0,3924.0,3868.0,3897.0,nan,3895.0,139063,5417107570.0,200324,3898.0,63,3897.0,41,nan,0,nan,0,nan,0,nan,0,nan,0,nan,0,nan,0,nan,0
1597988467132318976,1597988467667000064,2020-08-21 13:41:07.667000,3897.0,3924.0,3868.0,3897.0,nan,3895.0,139063,5417107570.0,200324,3898.0,64,3897.0,43,nan,0,nan,0,nan,0,nan,0,nan,0,nan,0,nan,0,nan,0
1597988467628186880,1597988468116000000,2020-08-21 13:41:08.116000,3897.0,3924.0,3868.0,3897.0,nan,3895.0,139107,5418822250.0,200352,3897.0,7,3896.0,44,nan,0,nan,0,nan,0,nan,0,nan,0,nan,0,nan,0,nan,0
1597988468152474112,1597988468670000128,2020-08-21 13:41:08.670000,3896.0,3924.0,3868.0,3897.0,nan,3895.0,139110,5418939150.0,200352,3897.0,8,3896.0,47,nan,0,nan,0,nan,0,nan,0,nan,0,nan,0,nan,0,nan,0
1597988468639406080,1597988469217999872,2020-08-21 13:41:09.218000,3897.0,3924.0,3868.0,3897.0,nan,3895.0,139128,5419640610.0,200357,3898.0,17,3897.0,29,nan,0,nan,0,nan,0,nan,0,nan,0,nan,0,nan,0,nan,0
1597988470128901120,1597988470729000192,2020-08-21 13:41:10.729000,3897.0,3924.0,3868.0,3897.0,nan,3895.0,139128,5419640610.0,200357,3898.0,20,3897.0,29,nan,0,nan,0,nan,0,nan,0,nan,0,nan,0,nan,0,nan,0
1597988470670897920,1597988471073999872,2020-08-21 13:41:11.074000,3897.0,3924.0,3868.0,3897.0,nan,3895.0,139132,5419796490.0,200357,3898.0,20,3897.0,26,nan,0,nan,0,nan,0,nan,0,nan,0,nan,0,nan,0,nan,0
1597988471151177984,1597988471670000128,2020-08-21 13:41:11.670000,3897.0,3924.0,3868.0,3897.0,nan,3895.0,139133,5419835460.0,200357,3898.0,20,3897.0,25,nan,0,nan,0,nan,0,nan,0,nan,0,nan,0,nan,0,nan,0
1597988471633965056,1597988472194999808,2020-08-21 13:41:12.195000,3897.0,3924.0,3868.0,3897.0,nan,3895.0,139133,5419835460.0,200357,3898.0,20,3897.0,26,nan,0,nan,0,nan,0,nan,0,nan,0,nan,0,nan,0,nan,0
1597988472157196032,1597988472599000064,2020-08-21 13:41:12.599000,3897.0,3924.0,3868.0,3897.0,nan,3895.0,139137,5419991340.0,200361,3898.0,20,3897.0,22,nan,0,nan,0,nan,0,nan,0,nan,0,nan,0,nan,0,nan,0
1597988472629816064,1597988473056000000,2020-08-21 13:41:13.056000,3897.0,3924.0,3868.0,3897.0,nan,3895.0,139137,5419991340.0,200361,3898.0,21,3897.0,22,nan,0,nan,0,nan,0,nan,0,nan,0,nan,0,nan,0,nan,0
1597988473633612032,1597988474236000000,2020-08-21 13:41:14.236000,3897.0,3924.0,3868.0,3897.0,nan,3895.0,139163,5421004560.0,200342,3898.0,24,3896.0,50,nan,0,nan,0,nan,0,nan,0,nan,0,nan,0,nan,0,nan,0
1597988474148719104,1597988474641999872,2020-08-21 13:41:14.642000,3897.0,3924.0,3868.0,3897.0,nan,3895.0,139164,5421043530.0,200342,3898.0,25,3896.0,51,nan,0,nan,0,nan,0,nan,0,nan,0,nan,0,nan,0,nan,0
1597988474631683072,1597988475194999808,2020-08-21 13:41:15.195000,3897.0,3924.0,3868.0,3897.0,nan,3895.0,139168,5421199410.0,200342,3898.0,23,3896.0,51,nan,0,nan,0,nan,0,nan,0,nan,0,nan,0,nan,0,nan,0
1597988475160873984,1597988475701999872,2020-08-21 13:41:15.702000,3897.0,3924.0,3868.0,3897.0,nan,3895.0,139172,5421355290.0,200342,3898.0,20,3897.0,10,nan,0,nan,0,nan,0,nan,0,nan,0,nan,0,nan,0,nan,0
1597988475635354880,1597988476172000000,2020-08-21 13:41:16.172000,3897.0,3924.0,3868.0,3897.0,nan,3895.0,139172,5421355290.0,200342,3898.0,23,3897.0,16,nan,0,nan,0,nan,0,nan,0,nan,0,nan,0,nan,0,nan,0
1597988476131589888,1597988476743000064,2020-08-21 13:41:16.743000,3898.0,3924.0,3868.0,3897.0,nan,3895.0,139173,5421394270.0,200343,3898.0,25,3897.0,16,nan,0,nan,0,nan,0,nan,0,nan,0,nan,0,nan,0,nan,0
1597988476642926080,1597988477193000192,2020-08-21 13:41:17.193000,3898.0,3924.0,3868.0,3897.0,nan,3895.0,139181,5421706110.0,200341,3898.0,17,3897.0,20,nan,0,nan,0,nan,0,nan,0,nan,0,nan,0,nan,0,nan,0
1597988477181716992,1597988477734999808,2020-08-21 13:41:17.735000,3898.0,3924.0,3868.0,3897.0,nan,3895.0,139182,5421745090.0,200341,3898.0,20,3897.0,23,nan,0,nan,0,nan,0,nan,0,nan,0,nan,0,nan,0,nan,0
1597988477640613888,1597988478196000000,2020-08-21 13:41:18.196000,3898.0,3924.0,3868.0,3897.0,nan,3895.0,139183,5421784070.0,200341,3898.0,20,3897.0,20,nan,0,nan,0,nan,0,nan,0,nan,0,nan,0,nan,0,nan,0
1597988479136027904,1597988479513999872,2020-08-21 13:41:19.514000,3898.0,3924.0,3868.0,3897.0,nan,3895.0,139183,5421784070.0,200341,3898.0,20,3897.0,21,nan,0,nan,0,nan,0,nan,0,nan,0,nan,0,nan,0,nan,0
1597988479655211008,1597988480085999872,2020-08-21 13:41:20.086000,3898.0,3924.0,3868.0,3897.0,nan,3895.0,139184,5421823050.0,200341,3898.0,20,3897.0,21,nan,0,nan,0,nan,0,nan,0,nan,0,nan,0,nan,0,nan,0
1597988481135056896,1597988481573999872,2020-08-21 13:41:21.574000,3898.0,3924.0,3868.0,3897.0,nan,3895.0,139184,5421823050.0,200341,3898.0,17,3897.0,22,nan,0,nan,0,nan,0,nan,0,nan,0,nan,0,nan,0,nan,0
1597988481648536064,1597988482243000064,2020-08-21 13:41:22.243000,3898.0,3924.0,3868.0,3897.0,nan,3895.0,139185,5421862030.0,200341,3898.0,18,3897.0,22,nan,0,nan,0,nan,0,nan,0,nan,0,nan,0,nan,0,nan,0
1597988482131563008,1597988482734999808,2020-08-21 13:41:22.735000,3897.0,3924.0,3868.0,3897.0,nan,3895.0,139186,5421901000.0,200341,3898.0,18,3897.0,22,nan,0,nan,0,nan,0,nan,0,nan,0,nan,0,nan,0,nan,0
1597988482658066944,1597988483081000192,2020-08-21 13:41:23.081000,3897.0,3924.0,3868.0,3897.0,nan,3895.0,139186,5421901000.0,200341,3898.0,18,3897.0,24,nan,0,nan,0,nan,0,nan,0,nan,0,nan,0,nan,0,nan,0
1597988483629652992,1597988484196000000,2020-08-21 13:41:24.196000,3897.0,3924.0,3868.0,3897.0,nan,3895.0,139186,5421901000.0,200341,3898.0,18,3897.0,25,nan,0,nan,0,nan,0,nan,0,nan,0,nan,0,nan,0,nan,0
1597988484160787968,1597988484728000000,2020-08-21 13:41:24.728000,3897.0,3924.0,3868.0,3897.0,nan,3895.0,139187,5421939970.0,200340,3898.0,18,3897.0,25,nan,0,nan,0,nan,0,nan,0,nan,0,nan,0,nan,0,nan,0
1597988485137069056,1597988485575000064,2020-08-21 13:41:25.575000,3897.0,3924.0,3868.0,3897.0,nan,3895.0,139187,5421939970.0,200340,3898.0,18,3897.0,31,nan,0,nan,0,nan,0,nan,0,nan,0,nan,0,nan,0,nan,0
1597988485637833984,1597988486210000128,2020-08-21 13:41:26.210000,3897.0,3924.0,3868.0,3897.0,nan,3895.0,139187,5421939970.0,200340,3898.0,17,3897.0,31,nan,0,nan,0,nan,0,nan,0,nan,0,nan,0,nan,0,nan,0
1597988486153426944,1597988486721999872,2020-08-21 13:41:26.722000,3898.0,3924.0,3868.0,3897.0,nan,3895.0,139205,5422641610.0,200332,3899.0,32,3898.0,4,nan,0,nan,0,nan,0,nan,0,nan,0,nan,0,nan,0,nan,0
1597988486639785984,1597988487246000128,2020-08-21 13:41:27.246000,3898.0,3924.0,3868.0,3897.0,nan,3895.0,139205,5422641610.0,200332,3899.0,27,3898.0,7,nan,0,nan,0,nan,0,nan,0,nan,0,nan,0,nan,0,nan,0
1597988487133326080,1597988487668000000,2020-08-21 13:41:27.668000,3898.0,3924.0,3868.0,3897.0,nan,3895.0,139205,5422641610.0,200332,3899.0,24,3898.0,7,nan,0,nan,0,nan,0,nan,0,nan,0,nan,0,nan,0,nan,0
1597988487632921088,1597988488174000128,2020-08-21 13:41:28.174000,3898.0,3924.0,3868.0,3897.0,nan,3895.0,139207,5422719570.0,200332,3899.0,25,3898.0,6,nan,0,nan,0,nan,0,nan,0,nan,0,nan,0,nan,0,nan,0
1597988488136614912,1597988488660999936,2020-08-21 13:41:28.661000,3898.0,3924.0,3868.0,3897.0,nan,3895.0,139218,5423148350.0,200338,3898.0,7,3897.0,34,nan,0,nan,0,nan,0,nan,0,nan,0,nan,0,nan,0,nan,0
1597988488642672896,1597988489118000128,2020-08-21 13:41:29.118000,3898.0,3924.0,3868.0,3897.0,nan,3895.0,139227,5423499170.0,200339,3899.0,43,3898.0,17,nan,0,nan,0,nan,0,nan,0,nan,0,nan,0,nan,0,nan,0
1597988489159795968,1597988489736999936,2020-08-21 13:41:29.737000,3898.0,3924.0,3868.0,3897.0,nan,3895.0,139244,5424161830.0,200339,3899.0,44,3897.0,47,nan,0,nan,0,nan,0,nan,0,nan,0,nan,0,nan,0,nan,0
1597988489634802944,1597988490196000000,2020-08-21 13:41:30.196000,3898.0,3924.0,3868.0,3897.0,nan,3895.0,139244,5424161830.0,200339,3899.0,44,3898.0,1,nan,0,nan,0,nan,0,nan,0,nan,0,nan,0,nan,0,nan,0
1597988490152411904,1597988490744000000,2020-08-21 13:41:30.744000,3899.0,3924.0,3868.0,3897.0,nan,3895.0,139245,5424200820.0,200338,3899.0,46,3898.0,6,nan,0,nan,0,nan,0,nan,0,nan,0,nan,0,nan,0,nan,0
1597988490636653056,1597988491109999872,2020-08-21 13:41:31.110000,3899.0,3924.0,3868.0,3897.0,nan,3895.0,139247,5424278800.0,200340,3899.0,43,3898.0,11,nan,0,nan,0,nan,0,nan,0,nan,0,nan,0,nan,0,nan,0
1597988491634103040,1597988492220000000,2020-08-21 13:41:32.220000,3899.0,3924.0,3868.0,3897.0,nan,3895.0,139247,5424278800.0,200340,3899.0,30,3898.0,23,nan,0,nan,0,nan,0,nan,0,nan,0,nan,0,nan,0,nan,0
1597988492178902016,1597988492727000064,2020-08-21 13:41:32.727000,3899.0,3924.0,3868.0,3897.0,nan,3895.0,139247,5424278800.0,200340,3899.0,27,3898.0,24,nan,0,nan,0,nan,0,nan,0,nan,0,nan,0,nan,0,nan,0
1597988492660057088,1597988493224999936,2020-08-21 13:41:33.225000,3899.0,3924.0,3868.0,3897.0,nan,3895.0,139247,5424278800.0,200340,3899.0,31,3898.0,24,nan,0,nan,0,nan,0,nan,0,nan,0,nan,0,nan,0,nan,0
1597988493646322944,1597988494171000064,2020-08-21 13:41:34.171000,3899.0,3924.0,3868.0,3897.0,nan,3895.0,139248,5424317790.0,200340,3899.0,30,3898.0,24,nan,0,nan,0,nan,0,nan,0,nan,0,nan,0,nan,0,nan,0
1597988494124378112,1597988494650000128,2020-08-21 13:41:34.650000,3898.0,3924.0,3868.0,3897.0,nan,3895.0,139249,5424356770.0,200340,3899.0,32,3898.0,28,nan,0,nan,0,nan,0,nan,0,nan,0,nan,0,nan,0,nan,0
1597988496146137088,1597988496617000192,2020-08-21 13:41:36.617000,3898.0,3924.0,3868.0,3897.0,nan,3895.0,139249,5424356770.0,200340,3899.0,32,3898.0,29,nan,0,nan,0,nan,0,nan,0,nan,0,nan,0,nan,0,nan,0
1597988496628316928,1597988497118000128,2020-08-21 13:41:37.118000,3898.0,3924.0,3868.0,3897.0,nan,3895.0,139249,5424356770.0,200340,3899.0,32,3898.0,30,nan,0,nan,0,nan,0,nan,0,nan,0,nan,0,nan,0,nan,0
1597988497627180032,1597988498122999808,2020-08-21 13:41:38.123000,3898.0,3924.0,3868.0,3897.0,nan,3895.0,139249,5424356770.0,200340,3899.0,32,3898.0,31,nan,0,nan,0,nan,0,nan,0,nan,0,nan,0,nan,0,nan,0
1597988499147400960,1597988499736999936,2020-08-21 13:41:39.737000,3899.0,3924.0,3868.0,3897.0,nan,3895.0,139250,5424395760.0,200341,3899.0,31,3898.0,31,nan,0,nan,0,nan,0,nan,0,nan,0,nan,0,nan,0,nan,0
1597988499631355904,1597988500086999808,2020-08-21 13:41:40.087000,3899.0,3924.0,3868.0,3897.0,nan,3895.0,139252,5424473740.0,200343,3899.0,31,3898.0,34,nan,0,nan,0,nan,0,nan,0,nan,0,nan,0,nan,0,nan,0
1597988500162417920,1597988500622999808,2020-08-21 13:41:40.623000,3899.0,3924.0,3868.0,3897.0,nan,3895.0,139252,5424473740.0,200343,3899.0,32,3898.0,36,nan,0,nan,0,nan,0,nan,0,nan,0,nan,0,nan,0,nan,0
1597988500632880128,1597988501243000064,2020-08-21 13:41:41.243000,3899.0,3924.0,3868.0,3897.0,nan,3895.0,139253,5424512730.0,200344,3899.0,31,3898.0,36,nan,0,nan,0,nan,0,nan,0,nan,0,nan,0,nan,0,nan,0
1597988501633550080,1597988502220999936,2020-08-21 13:41:42.221000,3899.0,3924.0,3868.0,3897.0,nan,3895.0,139254,5424551720.0,200345,3899.0,30,3898.0,37,nan,0,nan,0,nan,0,nan,0,nan,0,nan,0,nan,0,nan,0
1597988502635941888,1597988503170000128,2020-08-21 13:41:43.170000,3899.0,3924.0,3868.0,3897.0,nan,3895.0,139254,5424551720.0,200345,3899.0,31,3898.0,37,nan,0,nan,0,nan,0,nan,0,nan,0,nan,0,nan,0,nan,0
1597988504158702080,1597988504727000064,2020-08-21 13:41:44.727000,3898.0,3924.0,3868.0,3897.0,nan,3895.0,139255,5424590700.0,200345,3899.0,31,3898.0,37,nan,0,nan,0,nan,0,nan,0,nan,0,nan,0,nan,0,nan,0
1597988506631896064,1597988507040000000,2020-08-21 13:41:47.040000,3898.0,3924.0,3868.0,3897.0,nan,3895.0,139256,5424629680.0,200345,3899.0,31,3898.0,38,nan,0,nan,0,nan,0,nan,0,nan,0,nan,0,nan,0,nan,0
1597988507153086976,1597988507746000128,2020-08-21 13:41:47.746000,3899.0,3924.0,3868.0,3897.0,nan,3895.0,139257,5424668670.0,200346,3899.0,30,3898.0,42,nan,0,nan,0,nan,0,nan,0,nan,0,nan,0,nan,0,nan,0
1597988508148838912,1597988508739000064,2020-08-21 13:41:48.739000,3899.0,3924.0,3868.0,3897.0,nan,3895.0,139257,5424668670.0,200346,3899.0,31,3898.0,43,nan,0,nan,0,nan,0,nan,0,nan,0,nan,0,nan,0,nan,0
1597988508638391040,1597988509226000128,2020-08-21 13:41:49.226000,3899.0,3924.0,3868.0,3897.0,nan,3895.0,139257,5424668670.0,200346,3899.0,32,3898.0,43,nan,0,nan,0,nan,0,nan,0,nan,0,nan,0,nan,0,nan,0
1597988509629143040,1597988510194000128,2020-08-21 13:41:50.194000,3899.0,3924.0,3868.0,3897.0,nan,3895.0,139257,5424668670.0,200346,3899.0,32,3898.0,44,nan,0,nan,0,nan,0,nan,0,nan,0,nan,0,nan,0,nan,0
1597988513144200960,1597988513727000064,2020-08-21 13:41:53.727000,3899.0,3924.0,3868.0,3897.0,nan,3895.0,139258,5424707660.0,200346,3899.0,31,3898.0,44,nan,0,nan,0,nan,0,nan,0,nan,0,nan,0,nan,0,nan,0
1597988514150522112,1597988514713999872,2020-08-21 13:41:54.714000,3898.0,3924.0,3868.0,3897.0,nan,3895.0,139259,5424746640.0,200346,3899.0,33,3898.0,41,nan,0,nan,0,nan,0,nan,0,nan,0,nan,0,nan,0,nan,0
1597988514631151104,1597988515226000128,2020-08-21 13:41:55.226000,3898.0,3924.0,3868.0,3897.0,nan,3895.0,139259,5424746640.0,200346,3899.0,35,3898.0,40,nan,0,nan,0,nan,0,nan,0,nan,0,nan,0,nan,0,nan,0
1597988515638408960,1597988516140000000,2020-08-21 13:41:56.140000,3898.0,3924.0,3868.0,3897.0,nan,3895.0,139259,5424746640.0,200346,3899.0,35,3898.0,45,nan,0,nan,0,nan,0,nan,0,nan,0,nan,0,nan,0,nan,0
1597988517146648064,1597988517575000064,2020-08-21 13:41:57.575000,3899.0,3924.0,3868.0,3897.0,nan,3895.0,139260,5424785630.0,200345,3899.0,34,3898.0,45,nan,0,nan,0,nan,0,nan,0,nan,0,nan,0,nan,0,nan,0
1597988517623418880,1597988518084000000,2020-08-21 13:41:58.084000,3898.0,3924.0,3868.0,3897.0,nan,3895.0,139269,5425136450.0,200354,3899.0,34,3898.0,37,nan,0,nan,0,nan,0,nan,0,nan,0,nan,0,nan,0,nan,0
1597988521152752128,1597988521724999936,2020-08-21 13:42:01.725000,3899.0,3924.0,3868.0,3897.0,nan,3895.0,139271,5425214420.0,200355,3899.0,34,3898.0,35,nan,0,nan,0,nan,0,nan,0,nan,0,nan,0,nan,0,nan,0
1597988523150181888,1597988523721999872,2020-08-21 13:42:03.722000,3898.0,3924.0,3868.0,3897.0,nan,3895.0,139272,5425253400.0,200355,3899.0,34,3898.0,36,nan,0,nan,0,nan,0,nan,0,nan,0,nan,0,nan,0,nan,0
1597988523631215104,1597988524224000000,2020-08-21 13:42:04.224000,3898.0,3924.0,3868.0,3897.0,nan,3895.0,139272,5425253400.0,200355,3899.0,39,3898.0,35,nan,0,nan,0,nan,0,nan,0,nan,0,nan,0,nan,0,nan,0
1597988524139073024,1597988524736000000,2020-08-21 13:42:04.736000,3898.0,3924.0,3868.0,3897.0,nan,3895.0,139273,5425292380.0,200354,3899.0,39,3898.0,31,nan,0,nan,0,nan,0,nan,0,nan,0,nan,0,nan,0,nan,0
1597988524627790080,1597988525072000000,2020-08-21 13:42:05.072000,3898.0,3924.0,3868.0,3897.0,nan,3895.0,139273,5425292380.0,200354,3899.0,39,3898.0,33,nan,0,nan,0,nan,0,nan,0,nan,0,nan,0,nan,0,nan,0
1597988525157552896,1597988525674000128,2020-08-21 13:42:05.674000,3898.0,3924.0,3868.0,3897.0,nan,3895.0,139273,5425292380.0,200354,3899.0,39,3898.0,34,nan,0,nan,0,nan,0,nan,0,nan,0,nan,0,nan,0,nan,0
1597988525635933952,1597988525935000064,2020-08-21 13:42:05.935000,3898.0,3924.0,3868.0,3897.0,nan,3895.0,139273,5425292380.0,200354,3899.0,41,3898.0,34,nan,0,nan,0,nan,0,nan,0,nan,0,nan,0,nan,0,nan,0
1597988527123070976,1597988527437999872,2020-08-21 13:42:07.438000,3898.0,3924.0,3868.0,3897.0,nan,3895.0,139273,5425292380.0,200354,3899.0,42,3898.0,34,nan,0,nan,0,nan,0,nan,0,nan,0,nan,0,nan,0,nan,0
1597988528161153024,1597988528720000000,2020-08-21 13:42:08.720000,3898.0,3924.0,3868.0,3897.0,nan,3895.0,139273,5425292380.0,200354,3899.0,42,3898.0,35,nan,0,nan,0,nan,0,nan,0,nan,0,nan,0,nan,0,nan,0
1597988528632672000,1597988529115000064,2020-08-21 13:42:09.115000,3898.0,3924.0,3868.0,3897.0,nan,3895.0,139273,5425292380.0,200354,3899.0,42,3898.0,37,nan,0,nan,0,nan,0,nan,0,nan,0,nan,0,nan,0,nan,0
1597988529143142912,1597988529453000192,2020-08-21 13:42:09.453000,3898.0,3924.0,3868.0,3897.0,nan,3895.0,139273,5425292380.0,200354,3899.0,45,3898.0,37,nan,0,nan,0,nan,0,nan,0,nan,0,nan,0,nan,0,nan,0
1597988530141588992,1597988530733999872,2020-08-21 13:42:10.734000,3899.0,3924.0,3868.0,3897.0,nan,3895.0,139274,5425331370.0,200355,3899.0,44,3898.0,38,nan,0,nan,0,nan,0,nan,0,nan,0,nan,0,nan,0,nan,0
1597988530660656128,1597988531135000064,2020-08-21 13:42:11.135000,3898.0,3924.0,3868.0,3897.0,nan,3895.0,139279,5425526270.0,200360,3899.0,47,3898.0,34,nan,0,nan,0,nan,0,nan,0,nan,0,nan,0,nan,0,nan,0
1597988531158793984,1597988531671000064,2020-08-21 13:42:11.671000,3898.0,3924.0,3868.0,3897.0,nan,3895.0,139279,5425526270.0,200360,3899.0,48,3898.0,34,nan,0,nan,0,nan,0,nan,0,nan,0,nan,0,nan,0,nan,0
1597988531666023936,1597988532197999872,2020-08-21 13:42:12.198000,3898.0,3924.0,3868.0,3897.0,nan,3895.0,139279,5425526270.0,200360,3899.0,49,3898.0,33,nan,0,nan,0,nan,0,nan,0,nan,0,nan,0,nan,0,nan,0
1597988534141259008,1597988534632999936,2020-08-21 13:42:14.633000,3898.0,3924.0,3868.0,3897.0,nan,3895.0,139280,5425565250.0,200360,3899.0,49,3898.0,32,nan,0,nan,0,nan,0,nan,0,nan,0,nan,0,nan,0,nan,0
1597988535165816064,1597988535717999872,2020-08-21 13:42:15.718000,3898.0,3924.0,3868.0,3897.0,nan,3895.0,139281,5425604230.0,200359,3899.0,49,3898.0,31,nan,0,nan,0,nan,0,nan,0,nan,0,nan,0,nan,0,nan,0
1597988535643504128,1597988536188999936,2020-08-21 13:42:16.189000,3898.0,3924.0,3868.0,3897.0,nan,3895.0,139281,5425604230.0,200359,3899.0,57,3898.0,32,nan,0,nan,0,nan,0,nan,0,nan,0,nan,0,nan,0,nan,0
1597988536128862976,1597988536690000128,2020-08-21 13:42:16.690000,3898.0,3924.0,3868.0,3897.0,nan,3895.0,139281,5425604230.0,200359,3899.0,57,3898.0,34,nan,0,nan,0,nan,0,nan,0,nan,0,nan,0,nan,0,nan,0
1597988536641720064,1597988537137000192,2020-08-21 13:42:17.137000,3898.0,3924.0,3868.0,3897.0,nan,3895.0,139281,5425604230.0,200359,3899.0,57,3898.0,33,nan,0,nan,0,nan,0,nan,0,nan,0,nan,0,nan,0,nan,0
1597988538641629952,1597988539192000000,2020-08-21 13:42:19.192000,3898.0,3924.0,3868.0,3897.0,nan,3895.0,139281,5425604230.0,200359,3899.0,57,3898.0,34,nan,0,nan,0,nan,0,nan,0,nan,0,nan,0,nan,0,nan,0
1597988539158768896,1597988539719000064,2020-08-21 13:42:19.719000,3898.0,3924.0,3868.0,3897.0,nan,3895.0,139281,5425604230.0,200359,3899.0,57,3898.0,33,nan,0,nan,0,nan,0,nan,0,nan,0,nan,0,nan,0,nan,0
1597988541156265984,1597988541691000064,2020-08-21 13:42:21.691000,3898.0,3924.0,3868.0,3897.0,nan,3895.0,139281,5425604230.0,200359,3899.0,56,3898.0,33,nan,0,nan,0,nan,0,nan,0,nan,0,nan,0,nan,0,nan,0
1597988543146725120,1597988543690000128,2020-08-21 13:42:23.690000,3898.0,3924.0,3868.0,3897.0,nan,3895.0,139281,5425604230.0,200359,3899.0,56,3898.0,39,nan,0,nan,0,nan,0,nan,0,nan,0,nan,0,nan,0,nan,0
1597988543645293056,1597988544192000000,2020-08-21 13:42:24.192000,3898.0,3924.0,3868.0,3897.0,nan,3895.0,139287,5425838110.0,200359,3899.0,56,3898.0,33,nan,0,nan,0,nan,0,nan,0,nan,0,nan,0,nan,0,nan,0
1597988544172272128,1597988544500000000,2020-08-21 13:42:24.500000,3898.0,3924.0,3868.0,3897.0,nan,3895.0,139287,5425838110.0,200359,3899.0,56,3898.0,38,nan,0,nan,0,nan,0,nan,0,nan,0,nan,0,nan,0,nan,0
1597988545175152896,1597988545746000128,2020-08-21 13:42:25.746000,3898.0,3924.0,3868.0,3897.0,nan,3895.0,139287,5425838110.0,200359,3899.0,59,3898.0,38,nan,0,nan,0,nan,0,nan,0,nan,0,nan,0,nan,0,nan,0
1597988545651282944,1597988546194000128,2020-08-21 13:42:26.194000,3898.0,3924.0,3868.0,3897.0,nan,3895.0,139287,5425838110.0,200359,3899.0,60,3898.0,38,nan,0,nan,0,nan,0,nan,0,nan,0,nan,0,nan,0,nan,0
1597988548136498944,1597988548709000192,2020-08-21 13:42:28.709000,3898.0,3924.0,3868.0,3897.0,nan,3895.0,139307,5426619510.0,200359,3899.0,60,3898.0,38,nan,0,nan,0,nan,0,nan,0,nan,0,nan,0,nan,0,nan,0
1597988548690078976,1597988549132000000,2020-08-21 13:42:29.132000,3898.0,3924.0,3868.0,3897.0,nan,3895.0,139315,5426931350.0,200367,3899.0,66,3898.0,30,nan,0,nan,0,nan,0,nan,0,nan,0,nan,0,nan,0,nan,0
1597988549627878912,1597988550132000000,2020-08-21 13:42:30.132000,3898.0,3924.0,3868.0,3897.0,nan,3895.0,139345,5428100750.0,200370,3899.0,67,3897.0,40,nan,0,nan,0,nan,0,nan,0,nan,0,nan,0,nan,0,nan,0
1597988550151085056,1597988550602999808,2020-08-21 13:42:30.603000,3898.0,3924.0,3868.0,3897.0,nan,3895.0,139352,5428373610.0,200372,3898.0,19,3897.0,39,nan,0,nan,0,nan,0,nan,0,nan,0,nan,0,nan,0,nan,0
1597988550657484032,1597988551194000128,2020-08-21 13:42:31.194000,3898.0,3924.0,3868.0,3897.0,nan,3895.0,139352,5428373610.0,200372,3898.0,20,3897.0,39,nan,0,nan,0,nan,0,nan,0,nan,0,nan,0,nan,0,nan,0
1597988551641571072,1597988552220000000,2020-08-21 13:42:32.220000,3898.0,3924.0,3868.0,3897.0,nan,3895.0,139353,5428412590.0,200373,3898.0,21,3897.0,39,nan,0,nan,0,nan,0,nan,0,nan,0,nan,0,nan,0,nan,0
1597988552636239104,1597988553033999872,2020-08-21 13:42:33.034000,3898.0,3924.0,3868.0,3897.0,nan,3895.0,139353,5428412590.0,200373,3898.0,23,3897.0,41,nan,0,nan,0,nan,0,nan,0,nan,0,nan,0,nan,0,nan,0
1597988553177410048,1597988553724000000,2020-08-21 13:42:33.724000,3898.0,3924.0,3868.0,3897.0,nan,3895.0,139353,5428412590.0,200373,3898.0,35,3897.0,36,nan,0,nan,0,nan,0,nan,0,nan,0,nan,0,nan,0,nan,0
1597988553659863040,1597988554124999936,2020-08-21 13:42:34.125000,3898.0,3924.0,3868.0,3897.0,nan,3895.0,139353,5428412590.0,200373,3898.0,36,3897.0,36,nan,0,nan,0,nan,0,nan,0,nan,0,nan,0,nan,0,nan,0
1597988554146906880,1597988554470000128,2020-08-21 13:42:34.470000,3898.0,3924.0,3868.0,3897.0,nan,3895.0,139354,5428451570.0,200374,3898.0,33,3897.0,36,nan,0,nan,0,nan,0,nan,0,nan,0,nan,0,nan,0,nan,0
1597988554642298112,1597988555170000128,2020-08-21 13:42:35.170000,3898.0,3924.0,3868.0,3897.0,nan,3895.0,139357,5428568510.0,200377,3898.0,32,3897.0,36,nan,0,nan,0,nan,0,nan,0,nan,0,nan,0,nan,0,nan,0
1597988555141197056,1597988555720999936,2020-08-21 13:42:35.721000,3898.0,3924.0,3868.0,3897.0,nan,3895.0,139357,5428568510.0,200377,3898.0,31,3897.0,36,nan,0,nan,0,nan,0,nan,0,nan,0,nan,0,nan,0,nan,0
1597988555635898112,1597988556089999872,2020-08-21 13:42:36.090000,3898.0,3924.0,3868.0,3897.0,nan,3895.0,139359,5428646470.0,200379,3898.0,29,3897.0,36,nan,0,nan,0,nan,0,nan,0,nan,0,nan,0,nan,0,nan,0
1597988556165775104,1597988556696999936,2020-08-21 13:42:36.697000,3898.0,3924.0,3868.0,3897.0,nan,3895.0,139360,5428685450.0,200380,3898.0,28,3897.0,36,nan,0,nan,0,nan,0,nan,0,nan,0,nan,0,nan,0,nan,0
1597988556654827008,1597988557194999808,2020-08-21 13:42:37.195000,3898.0,3924.0,3868.0,3897.0,nan,3895.0,139360,5428685450.0,200380,3898.0,35,3897.0,36,nan,0,nan,0,nan,0,nan,0,nan,0,nan,0,nan,0,nan,0
1597988557143409920,1597988557728000000,2020-08-21 13:42:37.728000,3898.0,3924.0,3868.0,3897.0,nan,3895.0,139360,5428685450.0,200380,3898.0,38,3897.0,36,nan,0,nan,0,nan,0,nan,0,nan,0,nan,0,nan,0,nan,0
1597988558644969984,1597988559164999936,2020-08-21 13:42:39.165000,3898.0,3924.0,3868.0,3897.0,nan,3895.0,139361,5428724430.0,200381,3898.0,38,3897.0,36,nan,0,nan,0,nan,0,nan,0,nan,0,nan,0,nan,0,nan,0
1597988559180585984,1597988559648999936,2020-08-21 13:42:39.649000,3898.0,3924.0,3868.0,3897.0,nan,3895.0,139362,5428763410.0,200382,3898.0,37,3897.0,38,nan,0,nan,0,nan,0,nan,0,nan,0,nan,0,nan,0,nan,0
1597988559659053056,1597988560228000000,2020-08-21 13:42:40.228000,3898.0,3924.0,3868.0,3897.0,nan,3895.0,139363,5428802390.0,200383,3898.0,39,3897.0,38,nan,0,nan,0,nan,0,nan,0,nan,0,nan,0,nan,0,nan,0
1597988560148982016,1597988560729000192,2020-08-21 13:42:40.729000,3898.0,3924.0,3868.0,3897.0,nan,3895.0,139365,5428880350.0,200383,3898.0,39,3897.0,39,nan,0,nan,0,nan,0,nan,0,nan,0,nan,0,nan,0,nan,0
1597988560643232000,1597988561080000000,2020-08-21 13:42:41.080000,3897.0,3924.0,3868.0,3897.0,nan,3895.0,139379,5429425960.0,200386,3898.0,39,3897.0,27,nan,0,nan,0,nan,0,nan,0,nan,0,nan,0,nan,0,nan,0
1597988561156946944,1597988561648999936,2020-08-21 13:42:41.649000,3898.0,3924.0,3868.0,3897.0,nan,3895.0,139382,5429542880.0,200389,3898.0,37,3897.0,22,nan,0,nan,0,nan,0,nan,0,nan,0,nan,0,nan,0,nan,0
1597988561654272000,1597988562196000000,2020-08-21 13:42:42.196000,3898.0,3924.0,3868.0,3897.0,nan,3895.0,139386,5429698790.0,200393,3898.0,34,3897.0,21,nan,0,nan,0,nan,0,nan,0,nan,0,nan,0,nan,0,nan,0
1597988565180043008,1597988565602999808,2020-08-21 13:42:45.603000,3898.0,3924.0,3868.0,3897.0,nan,3895.0,139387,5429737770.0,200393,3898.0,33,3897.0,21,nan,0,nan,0,nan,0,nan,0,nan,0,nan,0,nan,0,nan,0
1597988565633607936,1597988566187000064,2020-08-21 13:42:46.187000,3898.0,3924.0,3868.0,3897.0,nan,3895.0,139389,5429815730.0,200393,3898.0,31,3897.0,21,nan,0,nan,0,nan,0,nan,0,nan,0,nan,0,nan,0,nan,0
1597988566138096896,1597988566732000000,2020-08-21 13:42:46.732000,3898.0,3924.0,3868.0,3897.0,nan,3895.0,139389,5429815730.0,200393,3898.0,36,3897.0,26,nan,0,nan,0,nan,0,nan,0,nan,0,nan,0,nan,0,nan,0
1597988566639404032,1597988567088999936,2020-08-21 13:42:47.089000,3898.0,3924.0,3868.0,3897.0,nan,3895.0,139391,5429893690.0,200393,3898.0,34,3897.0,26,nan,0,nan,0,nan,0,nan,0,nan,0,nan,0,nan,0,nan,0
1597988567632852992,1597988568228000000,2020-08-21 13:42:48.228000,3897.0,3924.0,3868.0,3897.0,nan,3895.0,139392,5429932660.0,200393,3898.0,34,3897.0,25,nan,0,nan,0,nan,0,nan,0,nan,0,nan,0,nan,0,nan,0
1597988568158194944,1597988568731000064,2020-08-21 13:42:48.731000,3897.0,3924.0,3868.0,3897.0,nan,3895.0,139392,5429932660.0,200393,3898.0,35,3897.0,25,nan,0,nan,0,nan,0,nan,0,nan,0,nan,0,nan,0,nan,0
1597988568637041920,1597988569171000064,2020-08-21 13:42:49.171000,3897.0,3924.0,3868.0,3897.0,nan,3895.0,139392,5429932660.0,200393,3898.0,37,3897.0,25,nan,0,nan,0,nan,0,nan,0,nan,0,nan,0,nan,0,nan,0
1597988569635726080,1597988570155000064,2020-08-21 13:42:50.155000,3898.0,3924.0,3868.0,3897.0,nan,3895.0,139394,5430010620.0,200393,3898.0,37,3897.0,25,nan,0,nan,0,nan,0,nan,0,nan,0,nan,0,nan,0,nan,0
1597988570161673984,1597988570737999872,2020-08-21 13:42:50.738000,3898.0,3924.0,3868.0,3897.0,nan,3895.0,139396,5430088580.0,200393,3898.0,35,3897.0,25,nan,0,nan,0,nan,0,nan,0,nan,0,nan,0,nan,0,nan,0
1597988570623287040,1597988571089999872,2020-08-21 13:42:51.090000,3898.0,3924.0,3868.0,3897.0,nan,3895.0,139396,5430088580.0,200393,3898.0,36,3897.0,25,nan,0,nan,0,nan,0,nan,0,nan,0,nan,0,nan,0,nan,0
1597988572135130880,1597988572732999936,2020-08-21 13:42:52.733000,3897.0,3924.0,3868.0,3897.0,nan,3895.0,139397,5430127550.0,200394,3898.0,36,3897.0,26,nan,0,nan,0,nan,0,nan,0,nan,0,nan,0,nan,0,nan,0
1597988572643086080,1597988573089999872,2020-08-21 13:42:53.090000,3897.0,3924.0,3868.0,3897.0,nan,3895.0,139397,5430127550.0,200394,3898.0,36,3897.0,27,nan,0,nan,0,nan,0,nan,0,nan,0,nan,0,nan,0,nan,0
1597988574172055040,1597988574596000000,2020-08-21 13:42:54.596000,3897.0,3924.0,3868.0,3897.0,nan,3895.0,139402,5430322400.0,200393,3898.0,36,3897.0,23,nan,0,nan,0,nan,0,nan,0,nan,0,nan,0,nan,0,nan,0
1597988575130919936,1597988575736999936,2020-08-21 13:42:55.737000,3897.0,3924.0,3868.0,3897.0,nan,3895.0,139402,5430322400.0,200393,3898.0,35,3897.0,24,nan,0,nan,0,nan,0,nan,0,nan,0,nan,0,nan,0,nan,0
1597988575639072000,1597988576198999808,2020-08-21 13:42:56.199000,3897.0,3924.0,3868.0,3897.0,nan,3895.0,139404,5430400340.0,200395,3898.0,34,3897.0,22,nan,0,nan,0,nan,0,nan,0,nan,0,nan,0,nan,0,nan,0
1597988576646341888,1597988577030999808,2020-08-21 13:42:57.031000,3897.0,3924.0,3868.0,3897.0,nan,3895.0,139410,5430634160.0,200390,3898.0,34,3897.0,17,nan,0,nan,0,nan,0,nan,0,nan,0,nan,0,nan,0,nan,0
1597988577156069888,1597988577732999936,2020-08-21 13:42:57.733000,3897.0,3924.0,3868.0,3897.0,nan,3895.0,139410,5430634160.0,200390,3898.0,35,3897.0,15,nan,0,nan,0,nan,0,nan,0,nan,0,nan,0,nan,0,nan,0
1597988577640942080,1597988578220999936,2020-08-21 13:42:58.221000,3897.0,3924.0,3868.0,3897.0,nan,3895.0,139420,5431023860.0,200391,3898.0,38,3897.0,5,nan,0,nan,0,nan,0,nan,0,nan,0,nan,0,nan,0,nan,0
1597988578130680064,1597988578605999872,2020-08-21 13:42:58.606000,3897.0,3924.0,3868.0,3897.0,nan,3895.0,139426,5431257680.0,200394,3898.0,37,3897.0,4,nan,0,nan,0,nan,0,nan,0,nan,0,nan,0,nan,0,nan,0
1597988578637350912,1597988579194999808,2020-08-21 13:42:59.195000,3897.0,3924.0,3868.0,3897.0,nan,3895.0,139427,5431296650.0,200393,3898.0,34,3897.0,8,nan,0,nan,0,nan,0,nan,0,nan,0,nan,0,nan,0,nan,0
1597988579155209984,1597988579740999936,2020-08-21 13:42:59.741000,3897.0,3924.0,3868.0,3897.0,nan,3895.0,139427,5431296650.0,200393,3898.0,35,3897.0,8,nan,0,nan,0,nan,0,nan,0,nan,0,nan,0,nan,0,nan,0
1597988579626598912,1597988580151000064,2020-08-21 13:43:00.151000,3897.0,3924.0,3868.0,3897.0,nan,3895.0,139427,5431296650.0,200393,3898.0,37,3897.0,12,nan,0,nan,0,nan,0,nan,0,nan,0,nan,0,nan,0,nan,0
1597988581139659008,1597988581732999936,2020-08-21 13:43:01.733000,3897.0,3924.0,3868.0,3897.0,nan,3895.0,139427,5431296650.0,200393,3898.0,39,3897.0,14,nan,0,nan,0,nan,0,nan,0,nan,0,nan,0,nan,0,nan,0
1597988582172116992,1597988582670000128,2020-08-21 13:43:02.670000,3897.0,3924.0,3868.0,3897.0,nan,3895.0,139427,5431296650.0,200393,3898.0,39,3897.0,16,nan,0,nan,0,nan,0,nan,0,nan,0,nan,0,nan,0,nan,0
1597988582657123072,1597988583044000000,2020-08-21 13:43:03.044000,3897.0,3924.0,3868.0,3897.0,nan,3895.0,139427,5431296650.0,200393,3898.0,46,3897.0,16,nan,0,nan,0,nan,0,nan,0,nan,0,nan,0,nan,0,nan,0
1597988583177722112,1597988583733999872,2020-08-21 13:43:03.734000,3897.0,3924.0,3868.0,3897.0,nan,3895.0,139427,5431296650.0,200393,3898.0,46,3897.0,20,nan,0,nan,0,nan,0,nan,0,nan,0,nan,0,nan,0,nan,0
1597988584136926976,1597988584721999872,2020-08-21 13:43:04.722000,3897.0,3924.0,3868.0,3897.0,nan,3895.0,139433,5431530490.0,200393,3898.0,44,3897.0,17,nan,0,nan,0,nan,0,nan,0,nan,0,nan,0,nan,0,nan,0
1597988584640167936,1597988585135000064,2020-08-21 13:43:05.135000,3898.0,3924.0,3868.0,3897.0,nan,3895.0,139439,5431764370.0,200388,3898.0,39,3897.0,18,nan,0,nan,0,nan,0,nan,0,nan,0,nan,0,nan,0,nan,0
1597988585153997056,1597988585732999936,2020-08-21 13:43:05.733000,3898.0,3924.0,3868.0,3897.0,nan,3895.0,139439,5431764370.0,200388,3898.0,38,3897.0,21,nan,0,nan,0,nan,0,nan,0,nan,0,nan,0,nan,0,nan,0
1597988586164092928,1597988586712000000,2020-08-21 13:43:06.712000,3897.0,3924.0,3868.0,3897.0,nan,3895.0,139440,5431803340.0,200389,3898.0,38,3897.0,20,nan,0,nan,0,nan,0,nan,0,nan,0,nan,0,nan,0,nan,0
1597988586640124928,1597988586936000000,2020-08-21 13:43:06.936000,3897.0,3924.0,3868.0,3897.0,nan,3895.0,139440,5431803340.0,200389,3898.0,38,3897.0,21,nan,0,nan,0,nan,0,nan,0,nan,0,nan,0,nan,0,nan,0
1597988587134436096,1597988587581000192,2020-08-21 13:43:07.581000,3898.0,3924.0,3868.0,3897.0,nan,3895.0,139441,5431842320.0,200389,3898.0,43,3897.0,23,nan,0,nan,0,nan,0,nan,0,nan,0,nan,0,nan,0,nan,0
1597988587644086016,1597988588104000000,2020-08-21 13:43:08.104000,3898.0,3924.0,3868.0,3897.0,nan,3895.0,139441,5431842320.0,200389,3898.0,44,3897.0,23,nan,0,nan,0,nan,0,nan,0,nan,0,nan,0,nan,0,nan,0
1597988588164101888,1597988588717999872,2020-08-21 13:43:08.718000,3898.0,3924.0,3868.0,3897.0,nan,3895.0,139441,5431842320.0,200389,3898.0,86,3897.0,23,nan,0,nan,0,nan,0,nan,0,nan,0,nan,0,nan,0,nan,0
1597988588698532096,1597988589171000064,2020-08-21 13:43:09.171000,3898.0,3924.0,3868.0,3897.0,nan,3895.0,139441,5431842320.0,200389,3898.0,87,3897.0,28,nan,0,nan,0,nan,0,nan,0,nan,0,nan,0,nan,0,nan,0
1597988589633209088,1597988590164999936,2020-08-21 13:43:10.165000,3898.0,3924.0,3868.0,3897.0,nan,3895.0,139441,5431842320.0,200389,3898.0,87,3897.0,29,nan,0,nan,0,nan,0,nan,0,nan,0,nan,0,nan,0,nan,0
1597988590149786880,1597988590737999872,2020-08-21 13:43:10.738000,3898.0,3924.0,3868.0,3897.0,nan,3895.0,139441,5431842320.0,200389,3898.0,87,3897.0,28,nan,0,nan,0,nan,0,nan,0,nan,0,nan,0,nan,0,nan,0
1597988590627751936,1597988591194000128,2020-08-21 13:43:11.194000,3898.0,3924.0,3868.0,3897.0,nan,3895.0,139441,5431842320.0,200389,3898.0,88,3897.0,28,nan,0,nan,0,nan,0,nan,0,nan,0,nan,0,nan,0,nan,0
1597988591639250944,1597988592196999936,2020-08-21 13:43:12.197000,3897.0,3924.0,3868.0,3897.0,nan,3895.0,139442,5431881290.0,200390,3898.0,88,3897.0,28,nan,0,nan,0,nan,0,nan,0,nan,0,nan,0,nan,0,nan,0
1597988592164734976,1597988592588000000,2020-08-21 13:43:12.588000,3898.0,3924.0,3868.0,3897.0,nan,3895.0,139447,5432076190.0,200394,3898.0,85,3897.0,28,nan,0,nan,0,nan,0,nan,0,nan,0,nan,0,nan,0,nan,0
1597988592651116032,1597988593147000064,2020-08-21 13:43:13.147000,3898.0,3924.0,3868.0,3897.0,nan,3895.0,139448,5432115170.0,200395,3898.0,84,3897.0,30,nan,0,nan,0,nan,0,nan,0,nan,0,nan,0,nan,0,nan,0
1597988593629953024,1597988594243000064,2020-08-21 13:43:14.243000,3897.0,3924.0,3868.0,3897.0,nan,3895.0,139454,5432349000.0,200393,3898.0,83,3897.0,26,nan,0,nan,0,nan,0,nan,0,nan,0,nan,0,nan,0,nan,0
1597988594183644928,1597988594724000000,2020-08-21 13:43:14.724000,3897.0,3924.0,3868.0,3897.0,nan,3895.0,139454,5432349000.0,200393,3898.0,84,3897.0,26,nan,0,nan,0,nan,0,nan,0,nan,0,nan,0,nan,0,nan,0
1597988595169455104,1597988595618000128,2020-08-21 13:43:15.618000,3897.0,3924.0,3868.0,3897.0,nan,3895.0,139454,5432349000.0,200393,3898.0,87,3897.0,26,nan,0,nan,0,nan,0,nan,0,nan,0,nan,0,nan,0,nan,0
1597988596643440896,1597988597124999936,2020-08-21 13:43:17.125000,3897.0,3924.0,3868.0,3897.0,nan,3895.0,139454,5432349000.0,200393,3898.0,87,3897.0,25,nan,0,nan,0,nan,0,nan,0,nan,0,nan,0,nan,0,nan,0
1597988597651470080,1597988598168999936,2020-08-21 13:43:18.169000,3897.0,3924.0,3868.0,3897.0,nan,3895.0,139456,5432426940.0,200393,3898.0,88,3897.0,23,nan,0,nan,0,nan,0,nan,0,nan,0,nan,0,nan,0,nan,0
1597988598177596928,1597988598423000064,2020-08-21 13:43:18.423000,3897.0,3924.0,3868.0,3897.0,nan,3895.0,139456,5432426940.0,200393,3898.0,88,3897.0,24,nan,0,nan,0,nan,0,nan,0,nan,0,nan,0,nan,0,nan,0
1597988598629948928,1597988599176000000,2020-08-21 13:43:19.176000,3897.0,3924.0,3868.0,3897.0,nan,3895.0,139456,5432426940.0,200393,3898.0,89,3897.0,25,nan,0,nan,0,nan,0,nan,0,nan,0,nan,0,nan,0,nan,0
1597988599631169024,1597988600224999936,2020-08-21 13:43:20.225000,3897.0,3924.0,3868.0,3897.0,nan,3895.0,139456,5432426940.0,200393,3898.0,91,3897.0,26,nan,0,nan,0,nan,0,nan,0,nan,0,nan,0,nan,0,nan,0
1597988600152414976,1597988600562000128,2020-08-21 13:43:20.562000,3897.0,3924.0,3868.0,3897.0,nan,3895.0,139456,5432426940.0,200393,3898.0,92,3897.0,26,nan,0,nan,0,nan,0,nan,0,nan,0,nan,0,nan,0,nan,0
1597988603155015936,1597988603704999936,2020-08-21 13:43:23.705000,3897.0,3924.0,3868.0,3897.0,nan,3895.0,139456,5432426940.0,200393,3898.0,92,3897.0,28,nan,0,nan,0,nan,0,nan,0,nan,0,nan,0,nan,0,nan,0
1597988604175078912,1597988604599000064,2020-08-21 13:43:24.599000,3897.0,3924.0,3868.0,3897.0,nan,3895.0,139457,5432465910.0,200393,3898.0,91,3897.0,28,nan,0,nan,0,nan,0,nan,0,nan,0,nan,0,nan,0,nan,0
1597988604629072896,1597988605208000000,2020-08-21 13:43:25.208000,3897.0,3924.0,3868.0,3897.0,nan,3895.0,139459,5432543850.0,200393,3898.0,90,3897.0,25,nan,0,nan,0,nan,0,nan,0,nan,0,nan,0,nan,0,nan,0
1597988605139532032,1597988605707000064,2020-08-21 13:43:25.707000,3897.0,3924.0,3868.0,3897.0,nan,3895.0,139459,5432543850.0,200393,3898.0,95,3897.0,25,nan,0,nan,0,nan,0,nan,0,nan,0,nan,0,nan,0,nan,0
1597988605636346880,1597988606194999808,2020-08-21 13:43:26.195000,3897.0,3924.0,3868.0,3897.0,nan,3895.0,139459,5432543850.0,200393,3898.0,95,3897.0,26,nan,0,nan,0,nan,0,nan,0,nan,0,nan,0,nan,0,nan,0
