local_nano_time,quote_nano_time,datetime,last_price,highest,lowest,open,close,average,volume,amount,open_interest,ask_price1,ask_volume1,bid_price1,bid_volume1,ask_price2,ask_volume2,bid_price2,bid_volume2,ask_price3,ask_volume3,bid_price3,bid_volume3,ask_price4,ask_volume4,bid_price4,bid_volume4,ask_price5,ask_volume5,bid_price5,bid_volume5
1597988229737275904,1597988230000000000,2020-08-21 13:37:10.000000,3732.0,3750.0,3716.0,3728.0,nan,3730.0,451989,8429594850.0,1262353,3732.0,677,3730.0,932,nan,0,nan,0,nan,0,nan,0,nan,0,nan,0,nan,0,nan,0
1597988230231681024,1597988230000001024,2020-08-21 13:37:10.000001,3730.0,3750.0,3716.0,3728.0,nan,3730.0,451993,8429669450.0,1262355,3732.0,677,3730.0,929,nan,0,nan,0,nan,0,nan,0,nan,0,nan,0,nan,0,nan,0
1597988230716323072,1597988231000000000,2020-08-21 13:37:11.000000,3730.0,3750.0,3716.0,3728.0,nan,3730.0,451993,8429669450.0,1262355,3732.0,684,3730.0,929,nan,0,nan,0,nan,0,nan,0,nan,0,nan,0,nan,0,nan,0
1597988231223237120,1597988231000001024,2020-08-21 13:37:11.000001,3730.0,3750.0,3716.0,3728.0,nan,3730.0,451993,8429669450.0,1262355,3732.0,684,3730.0,932,nan,0,nan,0,nan,0,nan,0,nan,0,nan,0,nan,0,nan,0
1597988231721057024,1597988232000000000,2020-08-21 13:37:12.000000,3730.0,3750.0,3716.0,3728.0,nan,3730.0,451993,8429669450.0,1262355,3732.0,685,3730.0,932,nan,0,nan,0,nan,0,nan,0,nan,0,nan,0,nan,0,nan,0
1597988232223776000,1597988232000001024,2020-08-21 13:37:12.000001,3732.0,3750.0,3716.0,3728.0,nan,3730.0,451995,8429706750.0,1262356,3732.0,692,3730.0,913,nan,0,nan,0,nan,0,nan,0,nan,0,nan,0,nan,0,nan,0
1597988232718589952,1597988233000000000,2020-08-21 13:37:13.000000,3732.0,3750.0,3716.0,3728.0,nan,3730.0,451995,8429706750.0,1262356,3732.0,702,3730.0,954,nan,0,nan,0,nan,0,nan,0,nan,0,nan,0,nan,0,nan,0
1597988233201241088,1597988233000001024,2020-08-21 13:37:13.000001,3730.0,3750.0,3716.0,3728.0,nan,3730.0,451997,8429744050.0,1262356,3732.0,711,3730.0,953,nan,0,nan,0,nan,0,nan,0,nan,0,nan,0,nan,0,nan,0
1597988234722696960,1597988235000000000,2020-08-21 13:37:15.000000,3730.0,3750.0,3716.0,3728.0,nan,3730.0,451997,8429744050.0,1262356,3732.0,714,3730.0,954,nan,0,nan,0,nan,0,nan,0,nan,0,nan,0,nan,0,nan,0
1597988235214646016,1597988235000001024,2020-08-21 13:37:15.000001,3730.0,3750.0,3716.0,3728.0,nan,3730.0,451999,8429781350.0,1262356,3732.0,716,3730.0,952,nan,0,nan,0,nan,0,nan,0,nan,0,nan,0,nan,0,nan,0
1597988235739429888,1597988236000000000,2020-08-21 13:37:16.000000,3730.0,3750.0,3716.0,3728.0,nan,3730.0,451999,8429781350.0,1262356,3732.0,722,3730.0,952,nan,0,nan,0,nan,0,nan,0,nan,0,nan,0,nan,0,nan,0
1597988236717065984,1597988237000000000,2020-08-21 13:37:17.000000,3730.0,3750.0,3716.0,3728.0,nan,3730.0,451999,8429781350.0,1262356,3732.0,731,3730.0,952,nan,0,nan,0,nan,0,nan,0,nan,0,nan,0,nan,0,nan,0
1597988237221925120,1597988237000001024,2020-08-21 13:37:17.000001,3732.0,3750.0,3716.0,3728.0,nan,3730.0,452001,8429818650.0,1262358,3732.0,729,3730.0,952,nan,0,nan,0,nan,0,nan,0,nan,0,nan,0,nan,0,nan,0
1597988237726009088,1597988238000000000,2020-08-21 13:37:18.000000,3732.0,3750.0,3716.0,3728.0,nan,3730.0,452001,8429818650.0,1262358,3732.0,744,3730.0,952,nan,0,nan,0,nan,0,nan,0,nan,0,nan,0,nan,0,nan,0
1597988238235332096,1597988238000001024,2020-08-21 13:37:18.000001,3732.0,3750.0,3716.0,3728.0,nan,3730.0,452001,8429818650.0,1262358,3732.0,744,3730.0,953,nan,0,nan,0,nan,0,nan,0,nan,0,nan,0,nan,0,nan,0
1597988238734280960,1597988239000000000,2020-08-21 13:37:19.000000,3732.0,3750.0,3716.0,3728.0,nan,3730.0,452005,8429893250.0,1262360,3732.0,744,3730.0,956,nan,0,nan,0,nan,0,nan,0,nan,0,nan,0,nan,0,nan,0
1597988239197369088,1597988239000001024,2020-08-21 13:37:19.000001,3732.0,3750.0,3716.0,3728.0,nan,3730.0,452006,8429911900.0,1262361,3732.0,786,3730.0,956,nan,0,nan,0,nan,0,nan,0,nan,0,nan,0,nan,0,nan,0
1597988239718907904,1597988240000000000,2020-08-21 13:37:20.000000,3732.0,3750.0,3716.0,3728.0,nan,3730.0,452007,8429930550.0,1262362,3732.0,785,3730.0,965,nan,0,nan,0,nan,0,nan,0,nan,0,nan,0,nan,0,nan,0
1597988240255764992,1597988240000001024,2020-08-21 13:37:20.000001,3732.0,3750.0,3716.0,3728.0,nan,3730.0,452008,8429949200.0,1262362,3732.0,788,3730.0,966,nan,0,nan,0,nan,0,nan,0,nan,0,nan,0,nan,0,nan,0
1597988240715464960,1597988241000000000,2020-08-21 13:37:21.000000,3732.0,3750.0,3716.0,3728.0,nan,3730.0,452008,8429949200.0,1262362,3732.0,789,3730.0,986,nan,0,nan,0,nan,0,nan,0,nan,0,nan,0,nan,0,nan,0
1597988241226710016,1597988241000001024,2020-08-21 13:37:21.000001,3732.0,3750.0,3716.0,3728.0,nan,3730.0,452008,8429949200.0,1262362,3732.0,811,3730.0,986,nan,0,nan,0,nan,0,nan,0,nan,0,nan,0,nan,0,nan,0
1597988242207147008,1597988242000001024,2020-08-21 13:37:22.000001,3732.0,3750.0,3716.0,3728.0,nan,3730.0,452008,8429949200.0,1262362,3732.0,812,3730.0,986,nan,0,nan,0,nan,0,nan,0,nan,0,nan,0,nan,0,nan,0
1597988242728732928,1597988243000000000,2020-08-21 13:37:23.000000,3732.0,3750.0,3716.0,3728.0,nan,3730.0,452009,8429967850.0,1262363,3732.0,811,3730.0,986,nan,0,nan,0,nan,0,nan,0,nan,0,nan,0,nan,0,nan,0
1597988243231250944,1597988243000001024,2020-08-21 13:37:23.000001,3732.0,3750.0,3716.0,3728.0,nan,3730.0,452009,8429967850.0,1262363,3732.0,811,3730.0,987,nan,0,nan,0,nan,0,nan,0,nan,0,nan,0,nan,0,nan,0
1597988243713340928,1597988244000000000,2020-08-21 13:37:24.000000,3732.0,3750.0,3716.0,3728.0,nan,3730.0,452009,8429967850.0,1262363,3732.0,811,3730.0,1001,nan,0,nan,0,nan,0,nan,0,nan,0,nan,0,nan,0,nan,0
1597988244208960000,1597988244000001024,2020-08-21 13:37:24.000001,3732.0,3750.0,3716.0,3728.0,nan,3730.0,452013,8430042450.0,1262367,3732.0,805,3730.0,1001,nan,0,nan,0,nan,0,nan,0,nan,0,nan,0,nan,0,nan,0
1597988244730639872,1597988245000000000,2020-08-21 13:37:25.000000,3730.0,3750.0,3716.0,3728.0,nan,3730.0,452015,8430079750.0,1262369,3732.0,803,3730.0,999,nan,0,nan,0,nan,0,nan,0,nan,0,nan,0,nan,0,nan,0
1597988245238172928,1597988245000001024,2020-08-21 13:37:25.000001,3732.0,3750.0,3716.0,3728.0,nan,3730.0,452016,8430098400.0,1262370,3732.0,802,3730.0,999,nan,0,nan,0,nan,0,nan,0,nan,0,nan,0,nan,0,nan,0
1597988245720096000,1597988246000000000,2020-08-21 13:37:26.000000,3732.0,3750.0,3716.0,3728.0,nan,3730.0,452018,8430135700.0,1262372,3732.0,803,3730.0,1007,nan,0,nan,0,nan,0,nan,0,nan,0,nan,0,nan,0,nan,0
1597988246258871040,1597988246000001024,2020-08-21 13:37:26.000001,3732.0,3750.0,3716.0,3728.0,nan,3730.0,452019,8430154350.0,1262373,3732.0,813,3730.0,1008,nan,0,nan,0,nan,0,nan,0,nan,0,nan,0,nan,0,nan,0
1597988246746619904,1597988247000000000,2020-08-21 13:37:27.000000,3732.0,3750.0,3716.0,3728.0,nan,3730.0,452019,8430154350.0,1262373,3732.0,823,3730.0,1008,nan,0,nan,0,nan,0,nan,0,nan,0,nan,0,nan,0,nan,0
1597988247221240064,1597988247000001024,2020-08-21 13:37:27.000001,3730.0,3750.0,3716.0,3728.0,nan,3730.0,452020,8430173000.0,1262374,3732.0,823,3730.0,1007,nan,0,nan,0,nan,0,nan,0,nan,0,nan,0,nan,0,nan,0
1597988247728463104,1597988248000000000,2020-08-21 13:37:28.000000,3730.0,3750.0,3716.0,3728.0,nan,3730.0,452020,8430173000.0,1262374,3732.0,839,3730.0,1007,nan,0,nan,0,nan,0,nan,0,nan,0,nan,0,nan,0,nan,0
1597988248221972992,1597988248000001024,2020-08-21 13:37:28.000001,3730.0,3750.0,3716.0,3728.0,nan,3730.0,452028,8430322200.0,1262376,3732.0,833,3730.0,999,nan,0,nan,0,nan,0,nan,0,nan,0,nan,0,nan,0,nan,0
1597988248719738880,1597988249000000000,2020-08-21 13:37:29.000000,3730.0,3750.0,3716.0,3728.0,nan,3730.0,452029,8430340850.0,1262377,3732.0,833,3730.0,999,nan,0,nan,0,nan,0,nan,0,nan,0,nan,0,nan,0,nan,0
1597988249228481024,1597988249000001024,2020-08-21 13:37:29.000001,3732.0,3750.0,3716.0,3728.0,nan,3730.0,452031,8430378150.0,1262379,3732.0,831,3730.0,999,nan,0,nan,0,nan,0,nan,0,nan,0,nan,0,nan,0,nan,0
1597988249727399936,1597988250000000000,2020-08-21 13:37:30.000000,3732.0,3750.0,3716.0,3728.0,nan,3730.0,452039,8430527350.0,1262385,3732.0,824,3730.0,998,nan,0,nan,0,nan,0,nan,0,nan,0,nan,0,nan,0,nan,0
1597988250243056896,1597988250000001024,2020-08-21 13:37:30.000001,3732.0,3750.0,3716.0,3728.0,nan,3730.0,452039,8430527350.0,1262385,3732.0,825,3730.0,1198,nan,0,nan,0,nan,0,nan,0,nan,0,nan,0,nan,0,nan,0
1597988250736647936,1597988251000000000,2020-08-21 13:37:31.000000,3732.0,3750.0,3716.0,3728.0,nan,3730.0,452039,8430527350.0,1262385,3732.0,819,3730.0,1203,nan,0,nan,0,nan,0,nan,0,nan,0,nan,0,nan,0,nan,0
1597988251210784000,1597988251000001024,2020-08-21 13:37:31.000001,3730.0,3750.0,3716.0,3728.0,nan,3730.0,452040,8430546000.0,1262386,3732.0,818,3730.0,1202,nan,0,nan,0,nan,0,nan,0,nan,0,nan,0,nan,0,nan,0
1597988251735299072,1597988252000000000,2020-08-21 13:37:32.000000,3730.0,3750.0,3716.0,3728.0,nan,3730.0,452041,8430564650.0,1262387,3732.0,832,3730.0,1203,nan,0,nan,0,nan,0,nan,0,nan,0,nan,0,nan,0,nan,0
1597988252227450880,1597988252000001024,2020-08-21 13:37:32.000001,3730.0,3750.0,3716.0,3728.0,nan,3730.0,452041,8430564650.0,1262387,3732.0,834,3730.0,1207,nan,0,nan,0,nan,0,nan,0,nan,0,nan,0,nan,0,nan,0
1597988252733825024,1597988253000000000,2020-08-21 13:37:33.000000,3730.0,3750.0,3716.0,3728.0,nan,3730.0,452041,8430564650.0,1262387,3732.0,831,3730.0,1208,nan,0,nan,0,nan,0,nan,0,nan,0,nan,0,nan,0,nan,0
1597988253239282944,1597988253000001024,2020-08-21 13:37:33.000001,3730.0,3750.0,3716.0,3728.0,nan,3730.0,452041,8430564650.0,1262387,3732.0,831,3730.0,1218,nan,0,nan,0,nan,0,nan,0,nan,0,nan,0,nan,0,nan,0
1597988253726562048,1597988254000000000,2020-08-21 13:37:34.000000,3730.0,3750.0,3716.0,3728.0,nan,3730.0,452042,8430583300.0,1262388,3732.0,832,3730.0,1216,nan,0,nan,0,nan,0,nan,0,nan,0,nan,0,nan,0,nan,0
1597988254213620992,1597988254000001024,2020-08-21 13:37:34.000001,3732.0,3750.0,3716.0,3728.0,nan,3730.0,452047,8430676550.0,1262393,3732.0,829,3730.0,1216,nan,0,nan,0,nan,0,nan,0,nan,0,nan,0,nan,0,nan,0
1597988254750704128,1597988255000000000,2020-08-21 13:37:35.000000,3732.0,3750.0,3716.0,3728.0,nan,3730.0,452047,8430676550.0,1262393,3732.0,917,3730.0,1220,nan,0,nan,0,nan,0,nan,0,nan,0,nan,0,nan,0,nan,0
1597988255219902976,1597988255000001024,2020-08-21 13:37:35.000001,3732.0,3750.0,3716.0,3728.0,nan,3730.0,452051,8430751150.0,1262397,3732.0,914,3730.0,1220,nan,0,nan,0,nan,0,nan,0,nan,0,nan,0,nan,0,nan,0
1597988255726940928,1597988256000000000,2020-08-21 13:37:36.000000,3732.0,3750.0,3716.0,3728.0,nan,3730.0,452051,8430751150.0,1262397,3732.0,911,3730.0,1222,nan,0,nan,0,nan,0,nan,0,nan,0,nan,0,nan,0,nan,0
1597988256224773888,1597988256000001024,2020-08-21 13:37:36.000001,3730.0,3750.0,3716.0,3728.0,nan,3730.0,452054,8430807100.0,1262400,3732.0,907,3730.0,1221,nan,0,nan,0,nan,0,nan,0,nan,0,nan,0,nan,0,nan,0
1597988256738755072,1597988257000000000,2020-08-21 13:37:37.000000,3730.0,3750.0,3716.0,3728.0,nan,3730.0,452054,8430807100.0,1262400,3732.0,907,3730.0,1231,nan,0,nan,0,nan,0,nan,0,nan,0,nan,0,nan,0,nan,0
1597988257219557888,1597988257000001024,2020-08-21 13:37:37.000001,3730.0,3750.0,3716.0,3728.0,nan,3730.0,452054,8430807100.0,1262400,3732.0,912,3730.0,1231,nan,0,nan,0,nan,0,nan,0,nan,0,nan,0,nan,0,nan,0
1597988257728328960,1597988258000000000,2020-08-21 13:37:38.000000,3732.0,3750.0,3716.0,3728.0,nan,3730.0,452057,8430863050.0,1262403,3732.0,906,3730.0,1231,nan,0,nan,0,nan,0,nan,0,nan,0,nan,0,nan,0,nan,0
1597988258225044992,1597988258000001024,2020-08-21 13:37:38.000001,3732.0,3750.0,3716.0,3728.0,nan,3730.0,452058,8430881700.0,1262404,3732.0,926,3730.0,1254,nan,0,nan,0,nan,0,nan,0,nan,0,nan,0,nan,0,nan,0
1597988258733693952,1597988259000000000,2020-08-21 13:37:39.000000,3730.0,3750.0,3716.0,3728.0,nan,3730.0,452059,8430900350.0,1262405,3732.0,926,3730.0,1253,nan,0,nan,0,nan,0,nan,0,nan,0,nan,0,nan,0,nan,0
1597988259746772992,1597988260000000000,2020-08-21 13:37:40.000000,3730.0,3750.0,3716.0,3728.0,nan,3730.0,452059,8430900350.0,1262405,3732.0,928,3730.0,1253,nan,0,nan,0,nan,0,nan,0,nan,0,nan,0,nan,0,nan,0
1597988260228118016,1597988260000001024,2020-08-21 13:37:40.000001,3732.0,3750.0,3716.0,3728.0,nan,3730.0,452099,8431646350.0,1262445,3732.0,934,3730.0,1244,nan,0,nan,0,nan,0,nan,0,nan,0,nan,0,nan,0,nan,0
1597988260733018112,1597988261000000000,2020-08-21 13:37:41.000000,3730.0,3750.0,3716.0,3728.0,nan,3730.0,452101,8431683650.0,1262447,3732.0,933,3730.0,1243,nan,0,nan,0,nan,0,nan,0,nan,0,nan,0,nan,0,nan,0
1597988261244150016,1597988261000001024,2020-08-21 13:37:41.000001,3730.0,3750.0,3716.0,3728.0,nan,3730.0,452101,8431683650.0,1262447,3732.0,934,3730.0,1243,nan,0,nan,0,nan,0,nan,0,nan,0,nan,0,nan,0,nan,0
1597988261721722112,1597988262000000000,2020-08-21 13:37:42.000000,3732.0,3750.0,3716.0,3728.0,nan,3730.0,452102,8431702300.0,1262448,3732.0,937,3730.0,1242,nan,0,nan,0,nan,0,nan,0,nan,0,nan,0,nan,0,nan,0
1597988262260359936,1597988262000001024,2020-08-21 13:37:42.000001,3732.0,3750.0,3716.0,3728.0,nan,3730.0,452111,8431870150.0,1262455,3732.0,910,3730.0,1242,nan,0,nan,0,nan,0,nan,0,nan,0,nan,0,nan,0,nan,0
1597988262736272896,1597988263000000000,2020-08-21 13:37:43.000000,3732.0,3750.0,3716.0,3728.0,nan,3730.0,452113,8431907450.0,1262456,3732.0,908,3730.0,1243,nan,0,nan,0,nan,0,nan,0,nan,0,nan,0,nan,0,nan,0
1597988263212849920,1597988263000001024,2020-08-21 13:37:43.000001,3730.0,3750.0,3716.0,3728.0,nan,3730.0,452114,8431926100.0,1262456,3732.0,908,3730.0,1244,nan,0,nan,0,nan,0,nan,0,nan,0,nan,0,nan,0,nan,0
1597988263724645120,1597988264000000000,2020-08-21 13:37:44.000000,3730.0,3750.0,3716.0,3728.0,nan,3730.0,452114,8431926100.0,1262456,3732.0,909,3730.0,1243,nan,0,nan,0,nan,0,nan,0,nan,0,nan,0,nan,0,nan,0
1597988264243183104,1597988264000001024,2020-08-21 13:37:44.000001,3730.0,3750.0,3716.0,3728.0,nan,3730.0,452163,8432839950.0,1262505,3732.0,909,3730.0,1194,nan,0,nan,0,nan,0,nan,0,nan,0,nan,0,nan,0,nan,0
1597988265242873088,1597988265000001024,2020-08-21 13:37:45.000001,3730.0,3750.0,3716.0,3728.0,nan,3730.0,452163,8432839950.0,1262505,3732.0,914,3730.0,1200,nan,0,nan,0,nan,0,nan,0,nan,0,nan,0,nan,0,nan,0
1597988265736582912,1597988266000000000,2020-08-21 13:37:46.000000,3730.0,3750.0,3716.0,3728.0,nan,3730.0,452164,8432858600.0,1262506,3732.0,914,3730.0,1199,nan,0,nan,0,nan,0,nan,0,nan,0,nan,0,nan,0,nan,0
1597988266212484096,1597988266000001024,2020-08-21 13:37:46.000001,3730.0,3750.0,3716.0,3728.0,nan,3730.0,452186,8433268900.0,1262528,3732.0,914,3730.0,1177,nan,0,nan,0,nan,0,nan,0,nan,0,nan,0,nan,0,nan,0
1597988266736304896,1597988267000000000,2020-08-21 13:37:47.000000,3730.0,3750.0,3716.0,3728.0,nan,3730.0,452207,8433660550.0,1262529,3732.0,914,3730.0,1157,nan,0,nan,0,nan,0,nan,0,nan,0,nan,0,nan,0,nan,0
1597988267231108096,1597988267000001024,2020-08-21 13:37:47.000001,3730.0,3750.0,3716.0,3728.0,nan,3730.0,452207,8433660550.0,1262529,3732.0,930,3730.0,1156,nan,0,nan,0,nan,0,nan,0,nan,0,nan,0,nan,0,nan,0
1597988267731813888,1597988268000000000,2020-08-21 13:37:48.000000,3730.0,3750.0,3716.0,3728.0,nan,3730.0,452229,8434070850.0,1262544,3732.0,930,3730.0,1222,nan,0,nan,0,nan,0,nan,0,nan,0,nan,0,nan,0,nan,0
1597988269220386048,1597988269000001024,2020-08-21 13:37:49.000001,3732.0,3750.0,3716.0,3728.0,nan,3730.0,452230,8434089500.0,1262545,3732.0,929,3730.0,1227,nan,0,nan,0,nan,0,nan,0,nan,0,nan,0,nan,0,nan,0
1597988269742823936,1597988270000000000,2020-08-21 13:37:50.000000,3730.0,3750.0,3716.0,3728.0,nan,3730.0,452241,8434294650.0,1262546,3732.0,929,3730.0,1216,nan,0,nan,0,nan,0,nan,0,nan,0,nan,0,nan,0,nan,0
1597988270229516032,1597988270000001024,2020-08-21 13:37:50.000001,3732.0,3750.0,3716.0,3728.0,nan,3730.0,452246,8434387900.0,1262551,3732.0,924,3730.0,1216,nan,0,nan,0,nan,0,nan,0,nan,0,nan,0,nan,0,nan,0
1597988270730996992,1597988271000000000,2020-08-21 13:37:51.000000,3732.0,3750.0,3716.0,3728.0,nan,3730.0,452247,8434406550.0,1262552,3732.0,922,3730.0,1216,nan,0,nan,0,nan,0,nan,0,nan,0,nan,0,nan,0,nan,0
1597988271228997120,1597988271000001024,2020-08-21 13:37:51.000001,3732.0,3750.0,3716.0,3728.0,nan,3730.0,452248,8434425200.0,1262553,3732.0,929,3730.0,1216,nan,0,nan,0,nan,0,nan,0,nan,0,nan,0,nan,0,nan,0
1597988272220988928,1597988272000001024,2020-08-21 13:37:52.000001,3732.0,3750.0,3716.0,3728.0,nan,3730.0,452248,8434425200.0,1262553,3732.0,926,3730.0,1216,nan,0,nan,0,nan,0,nan,0,nan,0,nan,0,nan,0,nan,0
1597988272741651968,1597988273000000000,2020-08-21 13:37:53.000000,3732.0,3750.0,3716.0,3728.0,nan,3730.0,452569,8440411850.0,1262576,3732.0,711,3730.0,1255,nan,0,nan,0,nan,0,nan,0,nan,0,nan,0,nan,0,nan,0
1597988273252891904,1597988273000001024,2020-08-21 13:37:53.000001,3730.0,3750.0,3716.0,3728.0,nan,3730.0,452572,8440467800.0,1262578,3732.0,679,3730.0,1249,nan,0,nan,0,nan,0,nan,0,nan,0,nan,0,nan,0,nan,0
1597988273735736064,1597988274000000000,2020-08-21 13:37:54.000000,3730.0,3750.0,3716.0,3728.0,nan,3730.0,452572,8440467800.0,1262578,3732.0,677,3730.0,1249,nan,0,nan,0,nan,0,nan,0,nan,0,nan,0,nan,0,nan,0
1597988274228120064,1597988274000001024,2020-08-21 13:37:54.000001,3732.0,3750.0,3716.0,3728.0,nan,3730.0,452574,8440505100.0,1262578,3732.0,676,3730.0,1249,nan,0,nan,0,nan,0,nan,0,nan,0,nan,0,nan,0,nan,0
1597988274741444096,1597988275000000000,2020-08-21 13:37:55.000000,3732.0,3750.0,3716.0,3728.0,nan,3730.0,452574,8440505100.0,1262578,3732.0,678,3730.0,1249,nan,0,nan,0,nan,0,nan,0,nan,0,nan,0,nan,0,nan,0
1597988275226772992,1597988275000001024,2020-08-21 13:37:55.000001,3730.0,3750.0,3716.0,3728.0,nan,3730.0,452594,8440878100.0,1262584,3732.0,679,3730.0,1229,nan,0,nan,0,nan,0,nan,0,nan,0,nan,0,nan,0,nan,0
1597988275753377024,1597988276000000000,2020-08-21 13:37:56.000000,3730.0,3750.0,3716.0,3728.0,nan,3730.0,452594,8440878100.0,1262584,3732.0,674,3730.0,1229,nan,0,nan,0,nan,0,nan,0,nan,0,nan,0,nan,0,nan,0
1597988276254996992,1597988276000001024,2020-08-21 13:37:56.000001,3732.0,3750.0,3716.0,3728.0,nan,3730.0,452605,8441083250.0,1262573,3732.0,664,3730.0,1229,nan,0,nan,0,nan,0,nan,0,nan,0,nan,0,nan,0,nan,0
1597988276810202112,1597988277000000000,2020-08-21 13:37:57.000000,3730.0,3750.0,3716.0,3728.0,nan,3730.0,452725,8443321250.0,1262551,3732.0,641,3730.0,1200,nan,0,nan,0,nan,0,nan,0,nan,0,nan,0,nan,0,nan,0
1597988277262178048,1597988277000001024,2020-08-21 13:37:57.000001,3732.0,3750.0,3716.0,3728.0,nan,3730.0,452743,8443656950.0,1262536,3732.0,721,3730.0,1195,nan,0,nan,0,nan,0,nan,0,nan,0,nan,0,nan,0,nan,0
1597988277748614912,1597988278000000000,2020-08-21 13:37:58.000000,3730.0,3750.0,3716.0,3728.0,nan,3730.0,452748,8443750200.0,1262536,3732.0,759,3730.0,1193,nan,0,nan,0,nan,0,nan,0,nan,0,nan,0,nan,0,nan,0
1597988278230682112,1597988278000001024,2020-08-21 13:37:58.000001,3730.0,3750.0,3716.0,3728.0,nan,3730.0,452763,8444029950.0,1262551,3732.0,789,3730.0,1178,nan,0,nan,0,nan,0,nan,0,nan,0,nan,0,nan,0,nan,0
1597988278740020992,1597988279000000000,2020-08-21 13:37:59.000000,3732.0,3750.0,3716.0,3728.0,nan,3730.0,452765,8444067250.0,1262551,3732.0,798,3730.0,1177,nan,0,nan,0,nan,0,nan,0,nan,0,nan,0,nan,0,nan,0
1597988279251098880,1597988279000001024,2020-08-21 13:37:59.000001,3732.0,3750.0,3716.0,3728.0,nan,3730.0,452765,8444067250.0,1262551,3732.0,799,3730.0,1177,nan,0,nan,0,nan,0,nan,0,nan,0,nan,0,nan,0,nan,0
1597988279738955008,1597988280000000000,2020-08-21 13:38:00.000000,3732.0,3750.0,3716.0,3728.0,nan,3730.0,452765,8444067250.0,1262551,3732.0,800,3730.0,1177,nan,0,nan,0,nan,0,nan,0,nan,0,nan,0,nan,0,nan,0
1597988280245583104,1597988280000001024,2020-08-21 13:38:00.000001,3730.0,3750.0,3716.0,3728.0,nan,3730.0,452797,8444664050.0,1262573,3732.0,798,3730.0,1162,nan,0,nan,0,nan,0,nan,0,nan,0,nan,0,nan,0,nan,0
1597988280738742016,1597988281000000000,2020-08-21 13:38:01.000000,3730.0,3750.0,3716.0,3728.0,nan,3730.0,452802,8444757300.0,1262578,3732.0,810,3730.0,1159,nan,0,nan,0,nan,0,nan,0,nan,0,nan,0,nan,0,nan,0
1597988281219632128,1597988281000001024,2020-08-21 13:38:01.000001,3732.0,3750.0,3716.0,3728.0,nan,3730.0,452804,8444794600.0,1262578,3732.0,808,3730.0,1159,nan,0,nan,0,nan,0,nan,0,nan,0,nan,0,nan,0,nan,0
1597988282230098944,1597988282000001024,2020-08-21 13:38:02.000001,3732.0,3750.0,3716.0,3728.0,nan,3730.0,452805,8444813250.0,1262577,3732.0,807,3730.0,1161,nan,0,nan,0,nan,0,nan,0,nan,0,nan,0,nan,0,nan,0
1597988282740186112,1597988283000000000,2020-08-21 13:38:03.000000,3732.0,3750.0,3716.0,3728.0,nan,3730.0,452805,8444813250.0,1262577,3732.0,807,3730.0,1166,nan,0,nan,0,nan,0,nan,0,nan,0,nan,0,nan,0,nan,0
1597988283754689024,1597988284000000000,2020-08-21 13:38:04.000000,3732.0,3750.0,3716.0,3728.0,nan,3730.0,452805,8444813250.0,1262577,3732.0,817,3730.0,1166,nan,0,nan,0,nan,0,nan,0,nan,0,nan,0,nan,0,nan,0
1597988284226991104,1597988284000001024,2020-08-21 13:38:04.000001,3732.0,3750.0,3716.0,3728.0,nan,3730.0,452808,8444869200.0,1262577,3732.0,828,3730.0,1167,nan,0,nan,0,nan,0,nan,0,nan,0,nan,0,nan,0,nan,0
1597988284736108032,1597988285000000000,2020-08-21 13:38:05.000000,3732.0,3750.0,3716.0,3728.0,nan,3730.0,452809,8444887850.0,1262577,3732.0,829,3730.0,1167,nan,0,nan,0,nan,0,nan,0,nan,0,nan,0,nan,0,nan,0
1597988285222087936,1597988285000001024,2020-08-21 13:38:05.000001,3732.0,3750.0,3716.0,3728.0,nan,3730.0,452810,8444906500.0,1262577,3732.0,828,3730.0,1178,nan,0,nan,0,nan,0,nan,0,nan,0,nan,0,nan,0,nan,0
1597988285743951104,1597988286000000000,2020-08-21 13:38:06.000000,3730.0,3750.0,3716.0,3728.0,nan,3730.0,452811,8444925150.0,1262578,3732.0,828,3730.0,1178,nan,0,nan,0,nan,0,nan,0,nan,0,nan,0,nan,0,nan,0
1597988286224837888,1597988286000001024,2020-08-21 13:38:06.000001,3730.0,3750.0,3716.0,3728.0,nan,3730.0,452814,8444981100.0,1262579,3732.0,828,3730.0,1176,nan,0,nan,0,nan,0,nan,0,nan,0,nan,0,nan,0,nan,0
1597988287749112064,1597988288000000000,2020-08-21 13:38:08.000000,3732.0,3750.0,3716.0,3728.0,nan,3730.0,452815,8444999750.0,1262579,3732.0,831,3730.0,1180,nan,0,nan,0,nan,0,nan,0,nan,0,nan,0,nan,0,nan,0
1597988288249346048,1597988288000001024,2020-08-21 13:38:08.000001,3730.0,3750.0,3716.0,3728.0,nan,3730.0,452816,8445018400.0,1262579,3732.0,846,3730.0,1146,nan,0,nan,0,nan,0,nan,0,nan,0,nan,0,nan,0,nan,0
1597988288739331072,1597988289000000000,2020-08-21 13:38:09.000000,3730.0,3750.0,3716.0,3728.0,nan,3730.0,452817,8445037050.0,1262579,3732.0,846,3730.0,1188,nan,0,nan,0,nan,0,nan,0,nan,0,nan,0,nan,0,nan,0
1597988289239760896,1597988289000001024,2020-08-21 13:38:09.000001,3730.0,3750.0,3716.0,3728.0,nan,3730.0,452836,8445391400.0,1262598,3732.0,847,3730.0,1169,nan,0,nan,0,nan,0,nan,0,nan,0,nan,0,nan,0,nan,0
1597988289742971904,1597988290000000000,2020-08-21 13:38:10.000000,3732.0,3750.0,3716.0,3728.0,nan,3730.0,452837,8445410050.0,1262598,3732.0,847,3730.0,1169,nan,0,nan,0,nan,0,nan,0,nan,0,nan,0,nan,0,nan,0
1597988290216718080,1597988290000001024,2020-08-21 13:38:10.000001,3732.0,3750.0,3716.0,3728.0,nan,3730.0,452837,8445410050.0,1262598,3732.0,848,3730.0,1169,nan,0,nan,0,nan,0,nan,0,nan,0,nan,0,nan,0,nan,0
1597988290739247104,1597988291000000000,2020-08-21 13:38:11.000000,3732.0,3750.0,3716.0,3728.0,nan,3730.0,452837,8445410050.0,1262598,3732.0,851,3730.0,1169,nan,0,nan,0,nan,0,nan,0,nan,0,nan,0,nan,0,nan,0
1597988291240408064,1597988291000001024,2020-08-21 13:38:11.000001,3730.0,3750.0,3716.0,3728.0,nan,3730.0,452838,8445428700.0,1262598,3732.0,852,3730.0,1168,nan,0,nan,0,nan,0,nan,0,nan,0,nan,0,nan,0,nan,0
1597988291742630912,1597988292000000000,2020-08-21 13:38:12.000000,3732.0,3750.0,3716.0,3728.0,nan,3730.0,452856,8445764400.0,1262589,3732.0,836,3730.0,1168,nan,0,nan,0,nan,0,nan,0,nan,0,nan,0,nan,0,nan,0
1597988292243130880,1597988292000001024,2020-08-21 13:38:12.000001,3730.0,3750.0,3716.0,3728.0,nan,3730.0,452858,8445801700.0,1262591,3732.0,836,3730.0,1166,nan,0,nan,0,nan,0,nan,0,nan,0,nan,0,nan,0,nan,0
1597988292749347072,1597988293000000000,2020-08-21 13:38:13.000000,3730.0,3750.0,3716.0,3728.0,nan,3730.0,452864,8445913600.0,1262592,3732.0,836,3730.0,1160,nan,0,nan,0,nan,0,nan,0,nan,0,nan,0,nan,0,nan,0
1597988293231852032,1597988293000001024,2020-08-21 13:38:13.000001,3730.0,3750.0,3716.0,3728.0,nan,3730.0,452866,8445950900.0,1262591,3732.0,842,3730.0,1159,nan,0,nan,0,nan,0,nan,0,nan,0,nan,0,nan,0,nan,0
1597988293744736000,1597988294000000000,2020-08-21 13:38:14.000000,3730.0,3750.0,3716.0,3728.0,nan,3730.0,452866,8445950900.0,1262591,3732.0,843,3730.0,1158,nan,0,nan,0,nan,0,nan,0,nan,0,nan,0,nan,0,nan,0
1597988294744864000,1597988295000000000,2020-08-21 13:38:15.000000,3730.0,3750.0,3716.0,3728.0,nan,3730.0,452866,8445950900.0,1262591,3732.0,853,3730.0,1158,nan,0,nan,0,nan,0,nan,0,nan,0,nan,0,nan,0,nan,0
1597988295248055040,1597988295000001024,2020-08-21 13:38:15.000001,3732.0,3750.0,3716.0,3728.0,nan,3730.0,452878,8446174700.0,1262590,3732.0,851,3730.0,1152,nan,0,nan,0,nan,0,nan,0,nan,0,nan,0,nan,0,nan,0
1597988295750397952,1597988296000000000,2020-08-21 13:38:16.000000,3732.0,3750.0,3716.0,3728.0,nan,3730.0,452879,8446193350.0,1262590,3732.0,850,3730.0,1152,nan,0,nan,0,nan,0,nan,0,nan,0,nan,0,nan,0,nan,0
1597988296229381120,1597988296000001024,2020-08-21 13:38:16.000001,3730.0,3750.0,3716.0,3728.0,nan,3730.0,452883,8446267950.0,1262586,3732.0,850,3730.0,1248,nan,0,nan,0,nan,0,nan,0,nan,0,nan,0,nan,0,nan,0
1597988296746846976,1597988297000000000,2020-08-21 13:38:17.000000,3732.0,3750.0,3716.0,3728.0,nan,3730.0,452884,8446286600.0,1262586,3732.0,851,3730.0,1250,nan,0,nan,0,nan,0,nan,0,nan,0,nan,0,nan,0,nan,0
1597988297264317952,1597988297000001024,2020-08-21 13:38:17.000001,3732.0,3750.0,3716.0,3728.0,nan,3730.0,452885,8446305250.0,1262586,3732.0,862,3730.0,1255,nan,0,nan,0,nan,0,nan,0,nan,0,nan,0,nan,0,nan,0
1597988297746610944,1597988298000000000,2020-08-21 13:38:18.000000,3732.0,3750.0,3716.0,3728.0,nan,3730.0,452885,8446305250.0,1262586,3732.0,874,3730.0,1256,nan,0,nan,0,nan,0,nan,0,nan,0,nan,0,nan,0,nan,0
1597988298243561984,1597988298000001024,2020-08-21 13:38:18.000001,3732.0,3750.0,3716.0,3728.0,nan,3730.0,452885,8446305250.0,1262586,3732.0,875,3730.0,1257,nan,0,nan,0,nan,0,nan,0,nan,0,nan,0,nan,0,nan,0
1597988298759260928,1597988299000000000,2020-08-21 13:38:19.000000,3730.0,3750.0,3716.0,3728.0,nan,3730.0,454142,8469748300.0,1262891,3730.0,150,3728.0,1328,nan,0,nan,0,nan,0,nan,0,nan,0,nan,0,nan,0,nan,0
1597988299234125056,1597988299000001024,2020-08-21 13:38:19.000001,3730.0,3750.0,3716.0,3728.0,nan,3730.0,454142,8469748300.0,1262891,3730.0,283,3728.0,1239,nan,0,nan,0,nan,0,nan,0,nan,0,nan,0,nan,0,nan,0
1597988299749838080,1597988300000000000,2020-08-21 13:38:20.000000,3730.0,3750.0,3716.0,3728.0,nan,3730.0,454142,8469748300.0,1262891,3730.0,298,3728.0,1229,nan,0,nan,0,nan,0,nan,0,nan,0,nan,0,nan,0,nan,0
1597988300246676992,1597988300000001024,2020-08-21 13:38:20.000001,3730.0,3750.0,3716.0,3728.0,nan,3730.0,454143,8469766950.0,1262891,3730.0,300,3728.0,1240,nan,0,nan,0,nan,0,nan,0,nan,0,nan,0,nan,0,nan,0
1597988300777997056,1597988301000000000,2020-08-21 13:38:21.000000,3730.0,3750.0,3716.0,3728.0,nan,3730.0,454143,8469766950.0,1262891,3730.0,433,3728.0,1209,nan,0,nan,0,nan,0,nan,0,nan,0,nan,0,nan,0,nan,0
1597988301461963008,1597988301000001024,2020-08-21 13:38:21.000001,3730.0,3750.0,3716.0,3728.0,nan,3730.0,454145,8469804250.0,1262891,3730.0,432,3728.0,1209,nan,0,nan,0,nan,0,nan,0,nan,0,nan,0,nan,0,nan,0
1597988303822906880,1597988304000000000,2020-08-21 13:38:24.000000,3730.0,3750.0,3716.0,3728.0,nan,3730.0,454147,8469841550.0,1262891,3730.0,481,3728.0,1209,nan,0,nan,0,nan,0,nan,0,nan,0,nan,0,nan,0,nan,0
1597988304260751872,1597988304000001024,2020-08-21 13:38:24.000001,3730.0,3750.0,3716.0,3728.0,nan,3730.0,454147,8469841550.0,1262891,3730.0,481,3728.0,1199,nan,0,nan,0,nan,0,nan,0,nan,0,nan,0,nan,0,nan,0
1597988304745753088,1597988305000000000,2020-08-21 13:38:25.000000,3728.0,3750.0,3716.0,3728.0,nan,3730.0,454150,8469897500.0,1262894,3730.0,482,3728.0,1201,nan,0,nan,0,nan,0,nan,0,nan,0,nan,0,nan,0,nan,0
1597988305230558976,1597988305000001024,2020-08-21 13:38:25.000001,3730.0,3750.0,3716.0,3728.0,nan,3730.0,454251,8471781150.0,1262844,3730.0,381,3728.0,1211,nan,0,nan,0,nan,0,nan,0,nan,0,nan,0,nan,0,nan,0
1597988306256015872,1597988306000001024,2020-08-21 13:38:26.000001,3728.0,3750.0,3716.0,3728.0,nan,3730.0,454260,8471949000.0,1262838,3730.0,381,3728.0,1202,nan,0,nan,0,nan,0,nan,0,nan,0,nan,0,nan,0,nan,0
1597988306746187008,1597988307000000000,2020-08-21 13:38:27.000000,3728.0,3750.0,3716.0,3728.0,nan,3730.0,454260,8471949000.0,1262838,3730.0,383,3728.0,1204,nan,0,nan,0,nan,0,nan,0,nan,0,nan,0,nan,0,nan,0
1597988307268216064,1597988307000001024,2020-08-21 13:38:27.000001,3728.0,3750.0,3716.0,3728.0,nan,3730.0,454261,8471967650.0,1262838,3730.0,384,3728.0,1203,nan,0,nan,0,nan,0,nan,0,nan,0,nan,0,nan,0,nan,0
1597988307762776064,1597988308000000000,2020-08-21 13:38:28.000000,3728.0,3750.0,3716.0,3728.0,nan,3730.0,454262,8471986300.0,1262837,3730.0,384,3728.0,1202,nan,0,nan,0,nan,0,nan,0,nan,0,nan,0,nan,0,nan,0
1597988308239393024,1597988308000001024,2020-08-21 13:38:28.000001,3730.0,3750.0,3716.0,3728.0,nan,3730.0,454264,8472023600.0,1262837,3730.0,382,3728.0,1204,nan,0,nan,0,nan,0,nan,0,nan,0,nan,0,nan,0,nan,0
1597988308747591936,1597988309000000000,2020-08-21 13:38:29.000000,3730.0,3750.0,3716.0,3728.0,nan,3730.0,454265,8472042250.0,1262837,3730.0,382,3728.0,1223,nan,0,nan,0,nan,0,nan,0,nan,0,nan,0,nan,0,nan,0
1597988309250200064,1597988309000001024,2020-08-21 13:38:29.000001,3728.0,3750.0,3716.0,3728.0,nan,3730.0,454315,8472974750.0,1262791,3730.0,383,3728.0,1134,nan,0,nan,0,nan,0,nan,0,nan,0,nan,0,nan,0,nan,0
1597988309918125056,1597988310000000000,2020-08-21 13:38:30.000000,3730.0,3750.0,3716.0,3728.0,nan,3730.0,454319,8473049350.0,1262787,3730.0,380,3728.0,1164,nan,0,nan,0,nan,0,nan,0,nan,0,nan,0,nan,0,nan,0
1597988310302704896,1597988310000001024,2020-08-21 13:38:30.000001,3730.0,3750.0,3716.0,3728.0,nan,3730.0,454319,8473049350.0,1262787,3730.0,381,3728.0,1214,nan,0,nan,0,nan,0,nan,0,nan,0,nan,0,nan,0,nan,0
1597988310752045056,1597988311000000000,2020-08-21 13:38:31.000000,3730.0,3750.0,3716.0,3728.0,nan,3730.0,454319,8473049350.0,1262787,3730.0,381,3728.0,1225,nan,0,nan,0,nan,0,nan,0,nan,0,nan,0,nan,0,nan,0
1597988311748790016,1597988312000000000,2020-08-21 13:38:32.000000,3728.0,3750.0,3716.0,3728.0,nan,3730.0,454346,8473552900.0,1262787,3730.0,294,3728.0,1210,nan,0,nan,0,nan,0,nan,0,nan,0,nan,0,nan,0,nan,0
1597988312245289984,1597988312000001024,2020-08-21 13:38:32.000001,3730.0,3750.0,3716.0,3728.0,nan,3730.0,454351,8473646150.0,1262787,3730.0,294,3728.0,1211,nan,0,nan,0,nan,0,nan,0,nan,0,nan,0,nan,0,nan,0
1597988312760068096,1597988313000000000,2020-08-21 13:38:33.000000,3730.0,3750.0,3716.0,3728.0,nan,3730.0,454352,8473664800.0,1262787,3730.0,293,3728.0,1211,nan,0,nan,0,nan,0,nan,0,nan,0,nan,0,nan,0,nan,0
1597988313259308032,1597988313000001024,2020-08-21 13:38:33.000001,3730.0,3750.0,3716.0,3728.0,nan,3730.0,454352,8473664800.0,1262787,3730.0,295,3728.0,1201,nan,0,nan,0,nan,0,nan,0,nan,0,nan,0,nan,0,nan,0
1597988313758708992,1597988314000000000,2020-08-21 13:38:34.000000,3728.0,3750.0,3716.0,3728.0,nan,3730.0,454359,8473795350.0,1262787,3730.0,295,3728.0,1184,nan,0,nan,0,nan,0,nan,0,nan,0,nan,0,nan,0,nan,0
1597988314239681024,1597988314000001024,2020-08-21 13:38:34.000001,3730.0,3750.0,3716.0,3728.0,nan,3730.0,454362,8473851300.0,1262787,3730.0,294,3728.0,1186,nan,0,nan,0,nan,0,nan,0,nan,0,nan,0,nan,0,nan,0
1597988314749105920,1597988315000000000,2020-08-21 13:38:35.000000,3730.0,3750.0,3716.0,3728.0,nan,3730.0,454362,8473851300.0,1262787,3730.0,292,3728.0,1192,nan,0,nan,0,nan,0,nan,0,nan,0,nan,0,nan,0,nan,0
1597988315246503936,1597988315000001024,2020-08-21 13:38:35.000001,3728.0,3750.0,3716.0,3728.0,nan,3730.0,454364,8473888600.0,1262787,3730.0,297,3728.0,1160,nan,0,nan,0,nan,0,nan,0,nan,0,nan,0,nan,0,nan,0
1597988315764167936,1597988316000000000,2020-08-21 13:38:36.000000,3728.0,3750.0,3716.0,3728.0,nan,3730.0,454378,8474149700.0,1262773,3730.0,304,3728.0,1177,nan,0,nan,0,nan,0,nan,0,nan,0,nan,0,nan,0,nan,0
1597988316266897920,1597988316000001024,2020-08-21 13:38:36.000001,3728.0,3750.0,3716.0,3728.0,nan,3730.0,454384,8474261600.0,1262773,3730.0,304,3728.0,1141,nan,0,nan,0,nan,0,nan,0,nan,0,nan,0,nan,0,nan,0
1597988316768442112,1597988317000000000,2020-08-21 13:38:37.000000,3728.0,3750.0,3716.0,3728.0,nan,3730.0,454384,8474261600.0,1262773,3730.0,305,3728.0,1141,nan,0,nan,0,nan,0,nan,0,nan,0,nan,0,nan,0,nan,0
1597988317277015040,1597988317000001024,2020-08-21 13:38:37.000001,3728.0,3750.0,3716.0,3728.0,nan,3730.0,454387,8474317550.0,1262773,3730.0,310,3728.0,1168,nan,0,nan,0,nan,0,nan,0,nan,0,nan,0,nan,0,nan,0
1597988317755270912,1597988318000000000,2020-08-21 13:38:38.000000,3730.0,3750.0,3716.0,3728.0,nan,3730.0,454437,8475250050.0,1262773,3730.0,291,3728.0,1168,nan,0,nan,0,nan,0,nan,0,nan,0,nan,0,nan,0,nan,0
1597988318250672896,1597988318000001024,2020-08-21 13:38:38.000001,3730.0,3750.0,3716.0,3728.0,nan,3730.0,454437,8475250050.0,1262773,3730.0,375,3728.0,1168,nan,0,nan,0,nan,0,nan,0,nan,0,nan,0,nan,0,nan,0
1597988318748599040,1597988319000000000,2020-08-21 13:38:39.000000,3730.0,3750.0,3716.0,3728.0,nan,3730.0,454437,8475250050.0,1262773,3730.0,376,3728.0,1168,nan,0,nan,0,nan,0,nan,0,nan,0,nan,0,nan,0,nan,0
1597988319265153024,1597988319000001024,2020-08-21 13:38:39.000001,3728.0,3750.0,3716.0,3728.0,nan,3730.0,454444,8475380600.0,1262773,3730.0,376,3728.0,1112,nan,0,nan,0,nan,0,nan,0,nan,0,nan,0,nan,0,nan,0
1597988319764302080,1597988320000000000,2020-08-21 13:38:40.000000,3728.0,3750.0,3716.0,3728.0,nan,3730.0,454444,8475380600.0,1262773,3730.0,376,3728.0,1121,nan,0,nan,0,nan,0,nan,0,nan,0,nan,0,nan,0,nan,0
1597988320244598016,1597988320000001024,2020-08-21 13:38:40.000001,3728.0,3750.0,3716.0,3728.0,nan,3730.0,454444,8475380600.0,1262773,3730.0,377,3728.0,1150,nan,0,nan,0,nan,0,nan,0,nan,0,nan,0,nan,0,nan,0
1597988320758159872,1597988321000000000,2020-08-21 13:38:41.000000,3728.0,3750.0,3716.0,3728.0,nan,3730.0,454444,8475380600.0,1262773,3730.0,377,3728.0,1160,nan,0,nan,0,nan,0,nan,0,nan,0,nan,0,nan,0,nan,0
1597988321770398976,1597988322000000000,2020-08-21 13:38:42.000000,3728.0,3750.0,3716.0,3728.0,nan,3730.0,454444,8475380600.0,1262773,3730.0,398,3728.0,1165,nan,0,nan,0,nan,0,nan,0,nan,0,nan,0,nan,0,nan,0
1597988322262443008,1597988322000001024,2020-08-21 13:38:42.000001,3728.0,3750.0,3716.0,3728.0,nan,3730.0,454455,8475585750.0,1262762,3730.0,399,3728.0,1144,nan,0,nan,0,nan,0,nan,0,nan,0,nan,0,nan,0,nan,0
1597988322768672000,1597988323000000000,2020-08-21 13:38:43.000000,3728.0,3750.0,3716.0,3728.0,nan,3730.0,454455,8475585750.0,1262762,3730.0,411,3728.0,1116,nan,0,nan,0,nan,0,nan,0,nan,0,nan,0,nan,0,nan,0
1597988323237251072,1597988323000001024,2020-08-21 13:38:43.000001,3728.0,3750.0,3716.0,3728.0,nan,3730.0,454455,8475585750.0,1262762,3730.0,452,3728.0,1116,nan,0,nan,0,nan,0,nan,0,nan,0,nan,0,nan,0,nan,0
1597988323746290944,1597988324000000000,2020-08-21 13:38:44.000000,3728.0,3750.0,3716.0,3728.0,nan,3730.0,454455,8475585750.0,1262762,3730.0,477,3728.0,1125,nan,0,nan,0,nan,0,nan,0,nan,0,nan,0,nan,0,nan,0
1597988324262829056,1597988324000001024,2020-08-21 13:38:44.000001,3728.0,3750.0,3716.0,3728.0,nan,3730.0,454455,8475585750.0,1262762,3730.0,501,3728.0,1125,nan,0,nan,0,nan,0,nan,0,nan,0,nan,0,nan,0,nan,0
1597988324779345920,1597988325000000000,2020-08-21 13:38:45.000000,3730.0,3750.0,3716.0,3728.0,nan,3730.0,454456,8475604400.0,1262761,3730.0,501,3728.0,1125,nan,0,nan,0,nan,0,nan,0,nan,0,nan,0,nan,0,nan,0
1597988325874854912,1597988326000000000,2020-08-21 13:38:46.000000,3730.0,3750.0,3716.0,3728.0,nan,3730.0,454458,8475641700.0,1262761,3730.0,500,3728.0,1125,nan,0,nan,0,nan,0,nan,0,nan,0,nan,0,nan,0,nan,0
1597988326364715008,1597988326000001024,2020-08-21 13:38:46.000001,3730.0,3750.0,3716.0,3728.0,nan,3730.0,454458,8475641700.0,1262761,3730.0,419,3728.0,1125,nan,0,nan,0,nan,0,nan,0,nan,0,nan,0,nan,0,nan,0
1597988326782947072,1597988327000000000,2020-08-21 13:38:47.000000,3728.0,3750.0,3716.0,3728.0,nan,3730.0,454459,8475660350.0,1262761,3730.0,420,3728.0,1124,nan,0,nan,0,nan,0,nan,0,nan,0,nan,0,nan,0,nan,0
1597988327418543104,1597988327000001024,2020-08-21 13:38:47.000001,3728.0,3750.0,3716.0,3728.0,nan,3730.0,454459,8475660350.0,1262761,3730.0,422,3728.0,1124,nan,0,nan,0,nan,0,nan,0,nan,0,nan,0,nan,0,nan,0
1597988327772894976,1597988328000000000,2020-08-21 13:38:48.000000,3730.0,3750.0,3716.0,3728.0,nan,3730.0,454460,8475679000.0,1262762,3730.0,472,3728.0,1124,nan,0,nan,0,nan,0,nan,0,nan,0,nan,0,nan,0,nan,0
1597988328389224960,1597988328000001024,2020-08-21 13:38:48.000001,3730.0,3750.0,3716.0,3728.0,nan,3730.0,454460,8475679000.0,1262762,3730.0,480,3728.0,1124,nan,0,nan,0,nan,0,nan,0,nan,0,nan,0,nan,0,nan,0
1597988328846051072,1597988329000000000,2020-08-21 13:38:49.000000,3730.0,3750.0,3716.0,3728.0,nan,3730.0,454461,8475697650.0,1262763,3730.0,481,3728.0,1124,nan,0,nan,0,nan,0,nan,0,nan,0,nan,0,nan,0,nan,0
1597988329333319936,1597988329000001024,2020-08-21 13:38:49.000001,3730.0,3750.0,3716.0,3728.0,nan,3730.0,454461,8475697650.0,1262763,3730.0,480,3728.0,1125,nan,0,nan,0,nan,0,nan,0,nan,0,nan,0,nan,0,nan,0
1597988329757127936,1597988330000000000,2020-08-21 13:38:50.000000,3730.0,3750.0,3716.0,3728.0,nan,3730.0,454462,8475716300.0,1262764,3730.0,479,3728.0,1125,nan,0,nan,0,nan,0,nan,0,nan,0,nan,0,nan,0,nan,0
1597988330262454016,1597988330000001024,2020-08-21 13:38:50.000001,3730.0,3750.0,3716.0,3728.0,nan,3730.0,454478,8476014700.0,1262777,3730.0,465,3728.0,1126,nan,0,nan,0,nan,0,nan,0,nan,0,nan,0,nan,0,nan,0
1597988330781995008,1597988331000000000,2020-08-21 13:38:51.000000,3730.0,3750.0,3716.0,3728.0,nan,3730.0,454478,8476014700.0,1262777,3730.0,476,3728.0,1126,nan,0,nan,0,nan,0,nan,0,nan,0,nan,0,nan,0,nan,0
1597988331767856128,1597988332000000000,2020-08-21 13:38:52.000000,3730.0,3750.0,3716.0,3728.0,nan,3730.0,454478,8476014700.0,1262777,3730.0,476,3728.0,1127,nan,0,nan,0,nan,0,nan,0,nan,0,nan,0,nan,0,nan,0
1597988332294172928,1597988332000001024,2020-08-21 13:38:52.000001,3730.0,3750.0,3716.0,3728.0,nan,3730.0,454478,8476014700.0,1262777,3730.0,478,3728.0,1128,nan,0,nan,0,nan,0,nan,0,nan,0,nan,0,nan,0,nan,0
1597988332769302016,1597988333000000000,2020-08-21 13:38:53.000000,3730.0,3750.0,3716.0,3728.0,nan,3730.0,454478,8476014700.0,1262777,3730.0,479,3728.0,1128,nan,0,nan,0,nan,0,nan,0,nan,0,nan,0,nan,0,nan,0
1597988333260017920,1597988333000001024,2020-08-21 13:38:53.000001,3730.0,3750.0,3716.0,3728.0,nan,3730.0,454478,8476014700.0,1262777,3730.0,483,3728.0,1128,nan,0,nan,0,nan,0,nan,0,nan,0,nan,0,nan,0,nan,0
1597988333789551104,1597988334000000000,2020-08-21 13:38:54.000000,3730.0,3750.0,3716.0,3728.0,nan,3730.0,454479,8476033350.0,1262777,3730.0,482,3728.0,1128,nan,0,nan,0,nan,0,nan,0,nan,0,nan,0,nan,0,nan,0
1597988334264466944,1597988334000001024,2020-08-21 13:38:54.000001,3730.0,3750.0,3716.0,3728.0,nan,3730.0,454479,8476033350.0,1262777,3730.0,483,3728.0,1129,nan,0,nan,0,nan,0,nan,0,nan,0,nan,0,nan,0,nan,0
1597988334795219968,1597988335000000000,2020-08-21 13:38:55.000000,3730.0,3750.0,3716.0,3728.0,nan,3730.0,454480,8476052000.0,1262778,3730.0,482,3728.0,1129,nan,0,nan,0,nan,0,nan,0,nan,0,nan,0,nan,0,nan,0
1597988335252698880,1597988335000001024,2020-08-21 13:38:55.000001,3730.0,3750.0,3716.0,3728.0,nan,3730.0,454480,8476052000.0,1262778,3730.0,483,3728.0,1179,nan,0,nan,0,nan,0,nan,0,nan,0,nan,0,nan,0,nan,0
1597988336277636096,1597988336000001024,2020-08-21 13:38:56.000001,3730.0,3750.0,3716.0,3728.0,nan,3730.0,454480,8476052000.0,1262778,3730.0,545,3728.0,1178,nan,0,nan,0,nan,0,nan,0,nan,0,nan,0,nan,0,nan,0
1597988336835276032,1597988337000000000,2020-08-21 13:38:57.000000,3730.0,3750.0,3716.0,3728.0,nan,3730.0,454480,8476052000.0,1262778,3730.0,545,3728.0,1177,nan,0,nan,0,nan,0,nan,0,nan,0,nan,0,nan,0,nan,0
1597988337266209024,1597988337000001024,2020-08-21 13:38:57.000001,3728.0,3750.0,3716.0,3728.0,nan,3730.0,454482,8476089300.0,1262777,3730.0,546,3728.0,1175,nan,0,nan,0,nan,0,nan,0,nan,0,nan,0,nan,0,nan,0
1597988337860968960,1597988338000000000,2020-08-21 13:38:58.000000,3728.0,3750.0,3716.0,3728.0,nan,3730.0,454482,8476089300.0,1262777,3730.0,547,3728.0,1175,nan,0,nan,0,nan,0,nan,0,nan,0,nan,0,nan,0,nan,0
1597988338777596928,1597988339000000000,2020-08-21 13:38:59.000000,3728.0,3750.0,3716.0,3728.0,nan,3730.0,454489,8476219850.0,1262770,3730.0,547,3728.0,1168,nan,0,nan,0,nan,0,nan,0,nan,0,nan,0,nan,0,nan,0
1597988339334625024,1597988339000001024,2020-08-21 13:38:59.000001,3730.0,3750.0,3716.0,3728.0,nan,3730.0,454491,8476257150.0,1262772,3730.0,545,3728.0,1169,nan,0,nan,0,nan,0,nan,0,nan,0,nan,0,nan,0,nan,0
1597988339767101952,1597988340000000000,2020-08-21 13:39:00.000000,3730.0,3750.0,3716.0,3728.0,nan,3730.0,454591,8478122150.0,1262781,3730.0,445,3728.0,1169,nan,0,nan,0,nan,0,nan,0,nan,0,nan,0,nan,0,nan,0
1597988340282245888,1597988340000001024,2020-08-21 13:39:00.000001,3728.0,3750.0,3716.0,3728.0,nan,3730.0,454594,8478178100.0,1262781,3730.0,467,3728.0,1167,nan,0,nan,0,nan,0,nan,0,nan,0,nan,0,nan,0,nan,0
1597988340787006976,1597988341000000000,2020-08-21 13:39:01.000000,3728.0,3750.0,3716.0,3728.0,nan,3730.0,454597,8478234050.0,1262781,3730.0,520,3728.0,1164,nan,0,nan,0,nan,0,nan,0,nan,0,nan,0,nan,0,nan,0
1597988341266140928,1597988341000001024,2020-08-21 13:39:01.000001,3728.0,3750.0,3716.0,3728.0,nan,3730.0,454597,8478234050.0,1262781,3730.0,530,3728.0,1143,nan,0,nan,0,nan,0,nan,0,nan,0,nan,0,nan,0,nan,0
1597988341821655040,1597988342000000000,2020-08-21 13:39:02.000000,3728.0,3750.0,3716.0,3728.0,nan,3730.0,454597,8478234050.0,1262781,3730.0,540,3728.0,1144,nan,0,nan,0,nan,0,nan,0,nan,0,nan,0,nan,0,nan,0
1597988342779968000,1597988343000000000,2020-08-21 13:39:03.000000,3728.0,3750.0,3716.0,3728.0,nan,3730.0,454597,8478234050.0,1262781,3730.0,540,3728.0,1145,nan,0,nan,0,nan,0,nan,0,nan,0,nan,0,nan,0,nan,0
1597988343269200896,1597988343000001024,2020-08-21 13:39:03.000001,3728.0,3750.0,3716.0,3728.0,nan,3730.0,454597,8478234050.0,1262781,3730.0,540,3728.0,1147,nan,0,nan,0,nan,0,nan,0,nan,0,nan,0,nan,0,nan,0
1597988344251962112,1597988344000001024,2020-08-21 13:39:04.000001,3728.0,3750.0,3716.0,3728.0,nan,3730.0,454597,8478234050.0,1262781,3730.0,541,3728.0,1147,nan,0,nan,0,nan,0,nan,0,nan,0,nan,0,nan,0,nan,0
1597988344774393088,1597988345000000000,2020-08-21 13:39:05.000000,3728.0,3750.0,3716.0,3728.0,nan,3730.0,454597,8478234050.0,1262781,3730.0,541,3728.0,1148,nan,0,nan,0,nan,0,nan,0,nan,0,nan,0,nan,0,nan,0
1597988345774961920,1597988346000000000,2020-08-21 13:39:06.000000,3730.0,3750.0,3716.0,3728.0,nan,3730.0,454598,8478252700.0,1262781,3730.0,540,3728.0,1148,nan,0,nan,0,nan,0,nan,0,nan,0,nan,0,nan,0,nan,0
1597988346269590016,1597988346000001024,2020-08-21 13:39:06.000001,3730.0,3750.0,3716.0,3728.0,nan,3730.0,454599,8478271350.0,1262781,3730.0,540,3728.0,1148,nan,0,nan,0,nan,0,nan,0,nan,0,nan,0,nan,0,nan,0
1597988346807901952,1597988347000000000,2020-08-21 13:39:07.000000,3730.0,3750.0,3716.0,3728.0,nan,3730.0,454599,8478271350.0,1262781,3730.0,542,3728.0,1147,nan,0,nan,0,nan,0,nan,0,nan,0,nan,0,nan,0,nan,0
1597988347278583040,1597988347000001024,2020-08-21 13:39:07.000001,3730.0,3750.0,3716.0,3728.0,nan,3730.0,454602,8478327300.0,1262781,3730.0,539,3728.0,1148,nan,0,nan,0,nan,0,nan,0,nan,0,nan,0,nan,0,nan,0
1597988348261565952,1597988348000001024,2020-08-21 13:39:08.000001,3728.0,3750.0,3716.0,3728.0,nan,3730.0,454611,8478495150.0,1262773,3730.0,554,3728.0,1104,nan,0,nan,0,nan,0,nan,0,nan,0,nan,0,nan,0,nan,0
1597988348762578944,1597988349000000000,2020-08-21 13:39:09.000000,3728.0,3750.0,3716.0,3728.0,nan,3730.0,454611,8478495150.0,1262773,3730.0,584,3728.0,1094,nan,0,nan,0,nan,0,nan,0,nan,0,nan,0,nan,0,nan,0
1597988349262582016,1597988349000001024,2020-08-21 13:39:09.000001,3730.0,3750.0,3716.0,3728.0,nan,3730.0,454613,8478532450.0,1262772,3730.0,583,3728.0,1094,nan,0,nan,0,nan,0,nan,0,nan,0,nan,0,nan,0,nan,0
1597988350892924928,1597988351000000000,2020-08-21 13:39:11.000000,3730.0,3750.0,3716.0,3728.0,nan,3730.0,454613,8478532450.0,1262772,3730.0,585,3728.0,1095,nan,0,nan,0,nan,0,nan,0,nan,0,nan,0,nan,0,nan,0
1597988351274736896,1597988351000001024,2020-08-21 13:39:11.000001,3730.0,3750.0,3716.0,3728.0,nan,3730.0,454613,8478532450.0,1262772,3730.0,586,3728.0,1106,nan,0,nan,0,nan,0,nan,0,nan,0,nan,0,nan,0,nan,0
1597988351773815040,1597988352000000000,2020-08-21 13:39:12.000000,3730.0,3750.0,3716.0,3728.0,nan,3730.0,454613,8478532450.0,1262772,3730.0,587,3728.0,1107,nan,0,nan,0,nan,0,nan,0,nan,0,nan,0,nan,0,nan,0
1597988352292829952,1597988352000001024,2020-08-21 13:39:12.000001,3728.0,3750.0,3716.0,3728.0,nan,3730.0,454614,8478551100.0,1262772,3730.0,587,3728.0,1107,nan,0,nan,0,nan,0,nan,0,nan,0,nan,0,nan,0,nan,0
1597988352804002048,1597988353000000000,2020-08-21 13:39:13.000000,3728.0,3750.0,3716.0,3728.0,nan,3730.0,454614,8478551100.0,1262772,3730.0,588,3728.0,1107,nan,0,nan,0,nan,0,nan,0,nan,0,nan,0,nan,0,nan,0
1597988353261985024,1597988353000001024,2020-08-21 13:39:13.000001,3728.0,3750.0,3716.0,3728.0,nan,3730.0,454617,8478607050.0,1262774,3730.0,580,3728.0,1203,nan,0,nan,0,nan,0,nan,0,nan,0,nan,0,nan,0,nan,0
1597988353776130048,1597988354000000000,2020-08-21 13:39:14.000000,3728.0,3750.0,3716.0,3728.0,nan,3730.0,454617,8478607050.0,1262774,3730.0,575,3728.0,1205,nan,0,nan,0,nan,0,nan,0,nan,0,nan,0,nan,0,nan,0
1597988354276784896,1597988354000001024,2020-08-21 13:39:14.000001,3730.0,3750.0,3716.0,3728.0,nan,3730.0,454620,8478663000.0,1262774,3730.0,572,3728.0,1205,nan,0,nan,0,nan,0,nan,0,nan,0,nan,0,nan,0,nan,0
1597988354766380032,1597988355000000000,2020-08-21 13:39:15.000000,3730.0,3750.0,3716.0,3728.0,nan,3730.0,454620,8478663000.0,1262774,3730.0,573,3728.0,1207,nan,0,nan,0,nan,0,nan,0,nan,0,nan,0,nan,0,nan,0
1597988355770552064,1597988356000000000,2020-08-21 13:39:16.000000,3730.0,3750.0,3716.0,3728.0,nan,3730.0,454620,8478663000.0,1262774,3730.0,573,3728.0,1201,nan,0,nan,0,nan,0,nan,0,nan,0,nan,0,nan,0,nan,0
1597988356281682944,1597988356000001024,2020-08-21 13:39:16.000001,3730.0,3750.0,3716.0,3728.0,nan,3730.0,454633,8478905450.0,1262774,3730.0,560,3728.0,1201,nan,0,nan,0,nan,0,nan,0,nan,0,nan,0,nan,0,nan,0
1597988356764875008,1597988357000000000,2020-08-21 13:39:17.000000,3730.0,3750.0,3716.0,3728.0,nan,3730.0,454633,8478905450.0,1262774,3730.0,561,3728.0,1202,nan,0,nan,0,nan,0,nan,0,nan,0,nan,0,nan,0,nan,0
1597988357268615936,1597988357000001024,2020-08-21 13:39:17.000001,3730.0,3750.0,3716.0,3728.0,nan,3730.0,454633,8478905450.0,1262774,3730.0,560,3728.0,1202,nan,0,nan,0,nan,0,nan,0,nan,0,nan,0,nan,0,nan,0
1597988357765620992,1597988358000000000,2020-08-21 13:39:18.000000,3730.0,3750.0,3716.0,3728.0,nan,3730.0,454633,8478905450.0,1262774,3730.0,558,3728.0,1202,nan,0,nan,0,nan,0,nan,0,nan,0,nan,0,nan,0,nan,0
1597988358255226112,1597988358000001024,2020-08-21 13:39:18.000001,3728.0,3750.0,3716.0,3728.0,nan,3730.0,454635,8478942750.0,1262775,3730.0,628,3728.0,1200,nan,0,nan,0,nan,0,nan,0,nan,0,nan,0,nan,0,nan,0
1597988358779365888,1597988359000000000,2020-08-21 13:39:19.000000,3728.0,3750.0,3716.0,3728.0,nan,3730.0,454635,8478942750.0,1262775,3730.0,630,3728.0,1201,nan,0,nan,0,nan,0,nan,0,nan,0,nan,0,nan,0,nan,0
1597988359259166976,1597988359000001024,2020-08-21 13:39:19.000001,3728.0,3750.0,3716.0,3728.0,nan,3730.0,454635,8478942750.0,1262775,3730.0,640,3728.0,1201,nan,0,nan,0,nan,0,nan,0,nan,0,nan,0,nan,0,nan,0
1597988359766003968,1597988360000000000,2020-08-21 13:39:20.000000,3728.0,3750.0,3716.0,3728.0,nan,3730.0,454635,8478942750.0,1262775,3730.0,650,3728.0,1201,nan,0,nan,0,nan,0,nan,0,nan,0,nan,0,nan,0,nan,0
1597988360251696128,1597988360000001024,2020-08-21 13:39:20.000001,3728.0,3750.0,3716.0,3728.0,nan,3730.0,454635,8478942750.0,1262775,3730.0,670,3728.0,1204,nan,0,nan,0,nan,0,nan,0,nan,0,nan,0,nan,0,nan,0
1597988361768320000,1597988362000000000,2020-08-21 13:39:22.000000,3728.0,3750.0,3716.0,3728.0,nan,3730.0,454635,8478942750.0,1262775,3730.0,671,3728.0,1204,nan,0,nan,0,nan,0,nan,0,nan,0,nan,0,nan,0,nan,0
1597988362256884992,1597988362000001024,2020-08-21 13:39:22.000001,3728.0,3750.0,3716.0,3728.0,nan,3730.0,454635,8478942750.0,1262775,3730.0,671,3728.0,1209,nan,0,nan,0,nan,0,nan,0,nan,0,nan,0,nan,0,nan,0
1597988363768826880,1597988364000000000,2020-08-21 13:39:24.000000,3728.0,3750.0,3716.0,3728.0,nan,3730.0,454636,8478961400.0,1262775,3730.0,671,3728.0,1212,nan,0,nan,0,nan,0,nan,0,nan,0,nan,0,nan,0,nan,0
1597988364263830016,1597988364000001024,2020-08-21 13:39:24.000001,3730.0,3750.0,3716.0,3728.0,nan,3730.0,454642,8479073300.0,1262769,3730.0,665,3728.0,1215,nan,0,nan,0,nan,0,nan,0,nan,0,nan,0,nan,0,nan,0
1597988364793331968,1597988365000000000,2020-08-21 13:39:25.000000,3730.0,3750.0,3716.0,3728.0,nan,3730.0,454642,8479073300.0,1262769,3730.0,695,3728.0,1215,nan,0,nan,0,nan,0,nan,0,nan,0,nan,0,nan,0,nan,0
1597988366269616896,1597988366000001024,2020-08-21 13:39:26.000001,3728.0,3750.0,3716.0,3728.0,nan,3730.0,454644,8479110600.0,1262771,3730.0,699,3728.0,1213,nan,0,nan,0,nan,0,nan,0,nan,0,nan,0,nan,0,nan,0
1597988366795515904,1597988367000000000,2020-08-21 13:39:27.000000,3728.0,3750.0,3716.0,3728.0,nan,3730.0,454645,8479129250.0,1262771,3730.0,699,3728.0,1212,nan,0,nan,0,nan,0,nan,0,nan,0,nan,0,nan,0,nan,0
1597988367779670016,1597988368000000000,2020-08-21 13:39:28.000000,3728.0,3750.0,3716.0,3728.0,nan,3730.0,454646,8479147900.0,1262772,3730.0,699,3728.0,1211,nan,0,nan,0,nan,0,nan,0,nan,0,nan,0,nan,0,nan,0
1597988368770925056,1597988369000000000,2020-08-21 13:39:29.000000,3728.0,3750.0,3716.0,3728.0,nan,3730.0,454648,8479185200.0,1262774,3730.0,699,3728.0,1209,nan,0,nan,0,nan,0,nan,0,nan,0,nan,0,nan,0,nan,0
1597988369271635968,1597988369000001024,2020-08-21 13:39:29.000001,3728.0,3750.0,3716.0,3728.0,nan,3730.0,454648,8479185200.0,1262774,3730.0,691,3728.0,1209,nan,0,nan,0,nan,0,nan,0,nan,0,nan,0,nan,0,nan,0
1597988369786139904,1597988370000000000,2020-08-21 13:39:30.000000,3728.0,3750.0,3716.0,3728.0,nan,3730.0,454648,8479185200.0,1262774,3730.0,701,3728.0,1210,nan,0,nan,0,nan,0,nan,0,nan,0,nan,0,nan,0,nan,0
1597988370288836096,1597988370000001024,2020-08-21 13:39:30.000001,3730.0,3750.0,3716.0,3728.0,nan,3730.0,454649,8479203850.0,1262773,3730.0,700,3728.0,1210,nan,0,nan,0,nan,0,nan,0,nan,0,nan,0,nan,0,nan,0
1597988370778883072,1597988371000000000,2020-08-21 13:39:31.000000,3728.0,3750.0,3716.0,3728.0,nan,3730.0,454650,8479222500.0,1262774,3730.0,700,3728.0,1210,nan,0,nan,0,nan,0,nan,0,nan,0,nan,0,nan,0,nan,0
1597988371292087040,1597988371000001024,2020-08-21 13:39:31.000001,3728.0,3750.0,3716.0,3728.0,nan,3730.0,454651,8479241150.0,1262775,3730.0,700,3728.0,1208,nan,0,nan,0,nan,0,nan,0,nan,0,nan,0,nan,0,nan,0
1597988372805793024,1597988373000000000,2020-08-21 13:39:33.000000,3728.0,3750.0,3716.0,3728.0,nan,3730.0,454651,8479241150.0,1262775,3730.0,700,3728.0,1209,nan,0,nan,0,nan,0,nan,0,nan,0,nan,0,nan,0,nan,0
1597988373265541120,1597988373000001024,2020-08-21 13:39:33.000001,3728.0,3750.0,3716.0,3728.0,nan,3730.0,454713,8480397450.0,1262777,3730.0,586,3728.0,1207,nan,0,nan,0,nan,0,nan,0,nan,0,nan,0,nan,0,nan,0
1597988373789303040,1597988374000000000,2020-08-21 13:39:34.000000,3728.0,3750.0,3716.0,3728.0,nan,3730.0,454714,8480416100.0,1262778,3730.0,525,3728.0,1216,nan,0,nan,0,nan,0,nan,0,nan,0,nan,0,nan,0,nan,0
1597988374340758016,1597988374000001024,2020-08-21 13:39:34.000001,3730.0,3750.0,3716.0,3728.0,nan,3730.0,454716,8480453400.0,1262778,3730.0,559,3728.0,1215,nan,0,nan,0,nan,0,nan,0,nan,0,nan,0,nan,0,nan,0
1597988374783536128,1597988375000000000,2020-08-21 13:39:35.000000,3730.0,3750.0,3716.0,3728.0,nan,3730.0,454723,8480583950.0,1262778,3730.0,552,3728.0,1206,nan,0,nan,0,nan,0,nan,0,nan,0,nan,0,nan,0,nan,0
1597988375286535936,1597988375000001024,2020-08-21 13:39:35.000001,3730.0,3750.0,3716.0,3728.0,nan,3730.0,454724,8480602600.0,1262778,3730.0,651,3728.0,1206,nan,0,nan,0,nan,0,nan,0,nan,0,nan,0,nan,0,nan,0
1597988375777101056,1597988376000000000,2020-08-21 13:39:36.000000,3730.0,3750.0,3716.0,3728.0,nan,3730.0,454724,8480602600.0,1262778,3730.0,651,3728.0,1211,nan,0,nan,0,nan,0,nan,0,nan,0,nan,0,nan,0,nan,0
1597988377258739968,1597988377000001024,2020-08-21 13:39:37.000001,3728.0,3750.0,3716.0,3728.0,nan,3730.0,454734,8480789100.0,1262777,3730.0,651,3728.0,1199,nan,0,nan,0,nan,0,nan,0,nan,0,nan,0,nan,0,nan,0
1597988377782350080,1597988378000000000,2020-08-21 13:39:38.000000,3730.0,3750.0,3716.0,3728.0,nan,3730.0,454735,8480807750.0,1262777,3730.0,650,3728.0,1201,nan,0,nan,0,nan,0,nan,0,nan,0,nan,0,nan,0,nan,0
1597988379275229952,1597988379000001024,2020-08-21 13:39:39.000001,3730.0,3750.0,3716.0,3728.0,nan,3730.0,454735,8480807750.0,1262777,3730.0,650,3728.0,1202,nan,0,nan,0,nan,0,nan,0,nan,0,nan,0,nan,0,nan,0
1597988379781477888,1597988380000000000,2020-08-21 13:39:40.000000,3730.0,3750.0,3716.0,3728.0,nan,3730.0,454736,8480826400.0,1262777,3730.0,649,3728.0,1203,nan,0,nan,0,nan,0,nan,0,nan,0,nan,0,nan,0,nan,0
1597988380301448960,1597988380000001024,2020-08-21 13:39:40.000001,3728.0,3750.0,3716.0,3728.0,nan,3730.0,454737,8480845050.0,1262778,3730.0,650,3728.0,1203,nan,0,nan,0,nan,0,nan,0,nan,0,nan,0,nan,0,nan,0
1597988380778782976,1597988381000000000,2020-08-21 13:39:41.000000,3730.0,3750.0,3716.0,3728.0,nan,3730.0,454742,8480938300.0,1262778,3730.0,674,3728.0,1201,nan,0,nan,0,nan,0,nan,0,nan,0,nan,0,nan,0,nan,0
1597988381275540992,1597988381000001024,2020-08-21 13:39:41.000001,3730.0,3750.0,3716.0,3728.0,nan,3730.0,454742,8480938300.0,1262778,3730.0,676,3728.0,1201,nan,0,nan,0,nan,0,nan,0,nan,0,nan,0,nan,0,nan,0
1597988381797000960,1597988382000000000,2020-08-21 13:39:42.000000,3728.0,3750.0,3716.0,3728.0,nan,3730.0,454743,8480956950.0,1262778,3730.0,676,3728.0,1200,nan,0,nan,0,nan,0,nan,0,nan,0,nan,0,nan,0,nan,0
1597988382775905024,1597988383000000000,2020-08-21 13:39:43.000000,3728.0,3750.0,3716.0,3728.0,nan,3730.0,454743,8480956950.0,1262778,3730.0,718,3728.0,1200,nan,0,nan,0,nan,0,nan,0,nan,0,nan,0,nan,0,nan,0
1597988383266941952,1597988383000001024,2020-08-21 13:39:43.000001,3730.0,3750.0,3716.0,3728.0,nan,3730.0,454748,8481050200.0,1262779,3730.0,716,3728.0,1199,nan,0,nan,0,nan,0,nan,0,nan,0,nan,0,nan,0,nan,0
1597988383777867008,1597988384000000000,2020-08-21 13:39:44.000000,3730.0,3750.0,3716.0,3728.0,nan,3730.0,454748,8481050200.0,1262779,3730.0,752,3728.0,1200,nan,0,nan,0,nan,0,nan,0,nan,0,nan,0,nan,0,nan,0
1597988384273963008,1597988384000001024,2020-08-21 13:39:44.000001,3730.0,3750.0,3716.0,3728.0,nan,3730.0,454749,8481068850.0,1262778,3730.0,851,3728.0,1200,nan,0,nan,0,nan,0,nan,0,nan,0,nan,0,nan,0,nan,0
1597988384773080064,1597988385000000000,2020-08-21 13:39:45.000000,3730.0,3750.0,3716.0,3728.0,nan,3730.0,454749,8481068850.0,1262778,3730.0,852,3728.0,1200,nan,0,nan,0,nan,0,nan,0,nan,0,nan,0,nan,0,nan,0
1597988385276453888,1597988385000001024,2020-08-21 13:39:45.000001,3730.0,3750.0,3716.0,3728.0,nan,3730.0,454749,8481068850.0,1262778,3730.0,912,3728.0,1200,nan,0,nan,0,nan,0,nan,0,nan,0,nan,0,nan,0,nan,0
1597988385784666880,1597988386000000000,2020-08-21 13:39:46.000000,3730.0,3750.0,3716.0,3728.0,nan,3730.0,454749,8481068850.0,1262778,3730.0,912,3728.0,1198,nan,0,nan,0,nan,0,nan,0,nan,0,nan,0,nan,0,nan,0
1597988386271069952,1597988386000001024,2020-08-21 13:39:46.000001,3730.0,3750.0,3716.0,3728.0,nan,3730.0,454749,8481068850.0,1262778,3730.0,912,3728.0,1193,nan,0,nan,0,nan,0,nan,0,nan,0,nan,0,nan,0,nan,0
1597988389271112960,1597988389000001024,2020-08-21 13:39:49.000001,3730.0,3750.0,3716.0,3728.0,nan,3730.0,454752,8481124800.0,1262778,3730.0,909,3728.0,1193,nan,0,nan,0,nan,0,nan,0,nan,0,nan,0,nan,0,nan,0
1597988389778512896,1597988390000000000,2020-08-21 13:39:50.000000,3730.0,3750.0,3716.0,3728.0,nan,3730.0,454753,8481143450.0,1262778,3730.0,908,3728.0,1193,nan,0,nan,0,nan,0,nan,0,nan,0,nan,0,nan,0,nan,0
1597988390270947072,1597988390000001024,2020-08-21 13:39:50.000001,3730.0,3750.0,3716.0,3728.0,nan,3730.0,454753,8481143450.0,1262778,3730.0,912,3728.0,1193,nan,0,nan,0,nan,0,nan,0,nan,0,nan,0,nan,0,nan,0
1597988390789315072,1597988391000000000,2020-08-21 13:39:51.000000,3728.0,3750.0,3716.0,3728.0,nan,3730.0,454754,8481162100.0,1262779,3730.0,932,3728.0,1192,nan,0,nan,0,nan,0,nan,0,nan,0,nan,0,nan,0,nan,0
1597988391291782912,1597988391000001024,2020-08-21 13:39:51.000001,3730.0,3750.0,3716.0,3728.0,nan,3730.0,455211,8489685150.0,1263228,3730.0,930,3728.0,741,nan,0,nan,0,nan,0,nan,0,nan,0,nan,0,nan,0,nan,0
1597988391795048960,1597988392000000000,2020-08-21 13:39:52.000000,3730.0,3750.0,3716.0,3728.0,nan,3730.0,455211,8489685150.0,1263228,3730.0,930,3728.0,742,nan,0,nan,0,nan,0,nan,0,nan,0,nan,0,nan,0,nan,0
1597988392306078976,1597988392000001024,2020-08-21 13:39:52.000001,3730.0,3750.0,3716.0,3728.0,nan,3730.0,455211,8489685150.0,1263228,3730.0,932,3728.0,742,nan,0,nan,0,nan,0,nan,0,nan,0,nan,0,nan,0,nan,0
1597988392782578944,1597988393000000000,2020-08-21 13:39:53.000000,3728.0,3750.0,3716.0,3728.0,nan,3730.0,455227,8489983550.0,1263228,3730.0,937,3728.0,726,nan,0,nan,0,nan,0,nan,0,nan,0,nan,0,nan,0,nan,0
1597988393278696960,1597988393000001024,2020-08-21 13:39:53.000001,3730.0,3750.0,3716.0,3728.0,nan,3730.0,455229,8490020850.0,1263229,3730.0,936,3728.0,720,nan,0,nan,0,nan,0,nan,0,nan,0,nan,0,nan,0,nan,0
1597988393781478912,1597988394000000000,2020-08-21 13:39:54.000000,3728.0,3750.0,3716.0,3728.0,nan,3730.0,455234,8490114100.0,1263229,3730.0,966,3728.0,715,nan,0,nan,0,nan,0,nan,0,nan,0,nan,0,nan,0,nan,0
1597988395269345024,1597988395000001024,2020-08-21 13:39:55.000001,3728.0,3750.0,3716.0,3728.0,nan,3730.0,455234,8490114100.0,1263229,3730.0,968,3728.0,717,nan,0,nan,0,nan,0,nan,0,nan,0,nan,0,nan,0,nan,0
1597988395783496960,1597988396000000000,2020-08-21 13:39:56.000000,3728.0,3750.0,3716.0,3728.0,nan,3730.0,455234,8490114100.0,1263229,3730.0,965,3728.0,717,nan,0,nan,0,nan,0,nan,0,nan,0,nan,0,nan,0,nan,0
1597988396294283008,1597988396000001024,2020-08-21 13:39:56.000001,3728.0,3750.0,3716.0,3728.0,nan,3730.0,455237,8490170050.0,1263232,3730.0,966,3728.0,714,nan,0,nan,0,nan,0,nan,0,nan,0,nan,0,nan,0,nan,0
1597988396797949952,1597988397000000000,2020-08-21 13:39:57.000000,3728.0,3750.0,3716.0,3728.0,nan,3730.0,455239,8490207350.0,1263232,3730.0,972,3728.0,713,nan,0,nan,0,nan,0,nan,0,nan,0,nan,0,nan,0,nan,0
1597988397319010048,1597988397000001024,2020-08-21 13:39:57.000001,3730.0,3750.0,3716.0,3728.0,nan,3730.0,455242,8490263300.0,1263233,3730.0,970,3728.0,712,nan,0,nan,0,nan,0,nan,0,nan,0,nan,0,nan,0,nan,0
1597988397898797056,1597988398000000000,2020-08-21 13:39:58.000000,3728.0,3750.0,3716.0,3728.0,nan,3730.0,455248,8490375200.0,1263233,3730.0,969,3728.0,706,nan,0,nan,0,nan,0,nan,0,nan,0,nan,0,nan,0,nan,0
1597988398295450880,1597988398000001024,2020-08-21 13:39:58.000001,3728.0,3750.0,3716.0,3728.0,nan,3730.0,455248,8490375200.0,1263233,3730.0,972,3728.0,718,nan,0,nan,0,nan,0,nan,0,nan,0,nan,0,nan,0,nan,0
1597988398785773056,1597988399000000000,2020-08-21 13:39:59.000000,3730.0,3750.0,3716.0,3728.0,nan,3730.0,455250,8490412500.0,1263233,3730.0,971,3728.0,717,nan,0,nan,0,nan,0,nan,0,nan,0,nan,0,nan,0,nan,0
1597988399283706880,1597988399000001024,2020-08-21 13:39:59.000001,3730.0,3750.0,3716.0,3728.0,nan,3730.0,455250,8490412500.0,1263233,3730.0,986,3728.0,717,nan,0,nan,0,nan,0,nan,0,nan,0,nan,0,nan,0,nan,0
1597988399835208960,1597988400000000000,2020-08-21 13:40:00.000000,3730.0,3750.0,3716.0,3728.0,nan,3730.0,455250,8490412500.0,1263233,3730.0,1016,3728.0,717,nan,0,nan,0,nan,0,nan,0,nan,0,nan,0,nan,0,nan,0
1597988400279395072,1597988400000001024,2020-08-21 13:40:00.000001,3730.0,3750.0,3716.0,3728.0,nan,3730.0,455250,8490412500.0,1263233,3730.0,1027,3728.0,717,nan,0,nan,0,nan,0,nan,0,nan,0,nan,0,nan,0,nan,0
1597988400808474112,1597988401000000000,2020-08-21 13:40:01.000000,3728.0,3750.0,3716.0,3728.0,nan,3730.0,455256,8490524400.0,1263237,3730.0,1027,3728.0,730,nan,0,nan,0,nan,0,nan,0,nan,0,nan,0,nan,0,nan,0
1597988401268204032,1597988401000001024,2020-08-21 13:40:01.000001,3728.0,3750.0,3716.0,3728.0,nan,3730.0,455256,8490524400.0,1263237,3730.0,1038,3728.0,730,nan,0,nan,0,nan,0,nan,0,nan,0,nan,0,nan,0,nan,0
1597988401792025088,1597988402000000000,2020-08-21 13:40:02.000000,3728.0,3750.0,3716.0,3728.0,nan,3730.0,455258,8490561700.0,1263236,3730.0,1038,3728.0,728,nan,0,nan,0,nan,0,nan,0,nan,0,nan,0,nan,0,nan,0
1597988402273016064,1597988402000001024,2020-08-21 13:40:02.000001,3728.0,3750.0,3716.0,3728.0,nan,3730.0,455259,8490580350.0,1263237,3730.0,1053,3728.0,727,nan,0,nan,0,nan,0,nan,0,nan,0,nan,0,nan,0,nan,0
1597988402791619072,1597988403000000000,2020-08-21 13:40:03.000000,3728.0,3750.0,3716.0,3728.0,nan,3730.0,455264,8490673600.0,1263237,3730.0,1054,3728.0,722,nan,0,nan,0,nan,0,nan,0,nan,0,nan,0,nan,0,nan,0
1597988403308849920,1597988403000001024,2020-08-21 13:40:03.000001,3728.0,3750.0,3716.0,3728.0,nan,3730.0,455264,8490673600.0,1263237,3730.0,1054,3728.0,729,nan,0,nan,0,nan,0,nan,0,nan,0,nan,0,nan,0,nan,0
1597988403790832128,1597988404000000000,2020-08-21 13:40:04.000000,3730.0,3750.0,3716.0,3728.0,nan,3730.0,455269,8490766850.0,1263232,3730.0,1049,3728.0,729,nan,0,nan,0,nan,0,nan,0,nan,0,nan,0,nan,0,nan,0
1597988404290625024,1597988404000001024,2020-08-21 13:40:04.000001,3730.0,3750.0,3716.0,3728.0,nan,3730.0,455269,8490766850.0,1263232,3730.0,1106,3728.0,729,nan,0,nan,0,nan,0,nan,0,nan,0,nan,0,nan,0,nan,0
1597988404783335936,1597988405000000000,2020-08-21 13:40:05.000000,3730.0,3750.0,3716.0,3728.0,nan,3730.0,455269,8490766850.0,1263232,3730.0,1157,3728.0,724,nan,0,nan,0,nan,0,nan,0,nan,0,nan,0,nan,0,nan,0
1597988405270725888,1597988405000001024,2020-08-21 13:40:05.000001,3730.0,3750.0,3716.0,3728.0,nan,3730.0,455269,8490766850.0,1263232,3730.0,1177,3728.0,727,nan,0,nan,0,nan,0,nan,0,nan,0,nan,0,nan,0,nan,0
1597988405782717952,1597988406000000000,2020-08-21 13:40:06.000000,3730.0,3750.0,3716.0,3728.0,nan,3730.0,455269,8490766850.0,1263232,3730.0,1182,3728.0,717,nan,0,nan,0,nan,0,nan,0,nan,0,nan,0,nan,0,nan,0
1597988406290482944,1597988406000001024,2020-08-21 13:40:06.000001,3730.0,3750.0,3716.0,3728.0,nan,3730.0,455269,8490766850.0,1263232,3730.0,1225,3728.0,717,nan,0,nan,0,nan,0,nan,0,nan,0,nan,0,nan,0,nan,0
1597988406796334080,1597988407000000000,2020-08-21 13:40:07.000000,3730.0,3750.0,3716.0,3728.0,nan,3730.0,455272,8490822800.0,1263232,3730.0,1232,3728.0,718,nan,0,nan,0,nan,0,nan,0,nan,0,nan,0,nan,0,nan,0
1597988407787619072,1597988408000000000,2020-08-21 13:40:08.000000,3730.0,3750.0,3716.0,3728.0,nan,3730.0,455272,8490822800.0,1263232,3730.0,1235,3728.0,718,nan,0,nan,0,nan,0,nan,0,nan,0,nan,0,nan,0,nan,0
1597988408279821056,1597988408000001024,2020-08-21 13:40:08.000001,3730.0,3750.0,3716.0,3728.0,nan,3730.0,455272,8490822800.0,1263232,3730.0,1238,3728.0,718,nan,0,nan,0,nan,0,nan,0,nan,0,nan,0,nan,0,nan,0
1597988408853317120,1597988409000000000,2020-08-21 13:40:09.000000,3728.0,3750.0,3716.0,3728.0,nan,3730.0,455275,8490878750.0,1263235,3730.0,1238,3728.0,715,nan,0,nan,0,nan,0,nan,0,nan,0,nan,0,nan,0,nan,0
1597988409279491072,1597988409000001024,2020-08-21 13:40:09.000001,3728.0,3750.0,3716.0,3728.0,nan,3730.0,455275,8490878750.0,1263235,3730.0,1252,3728.0,715,nan,0,nan,0,nan,0,nan,0,nan,0,nan,0,nan,0,nan,0
1597988409794388992,1597988410000000000,2020-08-21 13:40:10.000000,3728.0,3750.0,3716.0,3728.0,nan,3730.0,455275,8490878750.0,1263235,3730.0,1253,3728.0,715,nan,0,nan,0,nan,0,nan,0,nan,0,nan,0,nan,0,nan,0
1597988410280112128,1597988410000001024,2020-08-21 13:40:10.000001,3728.0,3750.0,3716.0,3728.0,nan,3730.0,455275,8490878750.0,1263235,3730.0,1255,3728.0,715,nan,0,nan,0,nan,0,nan,0,nan,0,nan,0,nan,0,nan,0
1597988410789312000,1597988411000000000,2020-08-21 13:40:11.000000,3728.0,3750.0,3716.0,3728.0,nan,3730.0,455275,8490878750.0,1263235,3730.0,1265,3728.0,720,nan,0,nan,0,nan,0,nan,0,nan,0,nan,0,nan,0,nan,0
1597988411283734016,1597988411000001024,2020-08-21 13:40:11.000001,3728.0,3750.0,3716.0,3728.0,nan,3730.0,455277,8490916050.0,1263237,3730.0,1266,3728.0,719,nan,0,nan,0,nan,0,nan,0,nan,0,nan,0,nan,0,nan,0
1597988411796189952,1597988412000000000,2020-08-21 13:40:12.000000,3728.0,3750.0,3716.0,3728.0,nan,3730.0,455279,8490953350.0,1263238,3730.0,1265,3728.0,720,nan,0,nan,0,nan,0,nan,0,nan,0,nan,0,nan,0,nan,0
1597988412283401984,1597988412000001024,2020-08-21 13:40:12.000001,3728.0,3750.0,3716.0,3728.0,nan,3730.0,455279,8490953350.0,1263238,3730.0,1268,3728.0,720,nan,0,nan,0,nan,0,nan,0,nan,0,nan,0,nan,0,nan,0
1597988412819956992,1597988413000000000,2020-08-21 13:40:13.000000,3730.0,3750.0,3716.0,3728.0,nan,3730.0,455281,8490990650.0,1263239,3730.0,1318,3728.0,719,nan,0,nan,0,nan,0,nan,0,nan,0,nan,0,nan,0,nan,0
1597988413281265920,1597988413000001024,2020-08-21 13:40:13.000001,3728.0,3750.0,3716.0,3728.0,nan,3730.0,455282,8491009300.0,1263240,3730.0,1385,3728.0,718,nan,0,nan,0,nan,0,nan,0,nan,0,nan,0,nan,0,nan,0
1597988413791710976,1597988414000000000,2020-08-21 13:40:14.000000,3730.0,3750.0,3716.0,3728.0,nan,3730.0,455286,8491083900.0,1263236,3730.0,1411,3728.0,718,nan,0,nan,0,nan,0,nan,0,nan,0,nan,0,nan,0,nan,0
1597988414280706048,1597988414000001024,2020-08-21 13:40:14.000001,3728.0,3750.0,3716.0,3728.0,nan,3730.0,455292,8491195800.0,1263242,3730.0,1426,3728.0,712,nan,0,nan,0,nan,0,nan,0,nan,0,nan,0,nan,0,nan,0
1597988414805879040,1597988415000000000,2020-08-21 13:40:15.000000,3728.0,3750.0,3716.0,3728.0,nan,3730.0,455294,8491233100.0,1263243,3730.0,1426,3728.0,710,nan,0,nan,0,nan,0,nan,0,nan,0,nan,0,nan,0,nan,0
1597988415797846016,1597988416000000000,2020-08-21 13:40:16.000000,3728.0,3750.0,3716.0,3728.0,nan,3730.0,455318,8491680700.0,1263255,3730.0,1424,3728.0,686,nan,0,nan,0,nan,0,nan,0,nan,0,nan,0,nan,0,nan,0
1597988416301208064,1597988416000001024,2020-08-21 13:40:16.000001,3728.0,3750.0,3716.0,3728.0,nan,3730.0,455320,8491718000.0,1263254,3730.0,1426,3728.0,625,nan,0,nan,0,nan,0,nan,0,nan,0,nan,0,nan,0,nan,0
1597988416810900992,1597988417000000000,2020-08-21 13:40:17.000000,3728.0,3750.0,3716.0,3728.0,nan,3730.0,455946,8503392900.0,1263682,3728.0,266,3726.0,833,nan,0,nan,0,nan,0,nan,0,nan,0,nan,0,nan,0,nan,0
1597988417283769088,1597988417000001024,2020-08-21 13:40:17.000001,3726.0,3750.0,3716.0,3728.0,nan,3730.0,455954,8503542100.0,1263688,3728.0,539,3726.0,625,nan,0,nan,0,nan,0,nan,0,nan,0,nan,0,nan,0,nan,0
1597988417811671040,1597988418000000000,2020-08-21 13:40:18.000000,3726.0,3750.0,3716.0,3728.0,nan,3730.0,455958,8503616700.0,1263689,3728.0,619,3726.0,616,nan,0,nan,0,nan,0,nan,0,nan,0,nan,0,nan,0,nan,0
1597988418285718016,1597988418000001024,2020-08-21 13:40:18.000001,3726.0,3750.0,3716.0,3728.0,nan,3730.0,455959,8503635350.0,1263690,3728.0,652,3726.0,613,nan,0,nan,0,nan,0,nan,0,nan,0,nan,0,nan,0,nan,0
1597988418802301952,1597988419000000000,2020-08-21 13:40:19.000000,3726.0,3750.0,3716.0,3728.0,nan,3730.0,455964,8503728600.0,1263690,3728.0,687,3726.0,608,nan,0,nan,0,nan,0,nan,0,nan,0,nan,0,nan,0,nan,0
1597988419351556096,1597988419000001024,2020-08-21 13:40:19.000001,3728.0,3750.0,3716.0,3728.0,nan,3730.0,455966,8503765900.0,1263690,3728.0,688,3726.0,608,nan,0,nan,0,nan,0,nan,0,nan,0,nan,0,nan,0,nan,0
1597988419800641024,1597988420000000000,2020-08-21 13:40:20.000000,3728.0,3750.0,3716.0,3728.0,nan,3730.0,455968,8503803200.0,1263692,3728.0,686,3726.0,608,nan,0,nan,0,nan,0,nan,0,nan,0,nan,0,nan,0,nan,0
1597988420287185920,1597988420000001024,2020-08-21 13:40:20.000001,3726.0,3750.0,3716.0,3728.0,nan,3730.0,456063,8505574950.0,1263784,3728.0,690,3726.0,543,nan,0,nan,0,nan,0,nan,0,nan,0,nan,0,nan,0,nan,0
1597988420790043904,1597988421000000000,2020-08-21 13:40:21.000000,3726.0,3750.0,3716.0,3728.0,nan,3730.0,456071,8505724150.0,1263786,3728.0,695,3726.0,529,nan,0,nan,0,nan,0,nan,0,nan,0,nan,0,nan,0,nan,0
1597988421286263040,1597988421000001024,2020-08-21 13:40:21.000001,3726.0,3750.0,3716.0,3728.0,nan,3730.0,456073,8505761450.0,1263787,3728.0,721,3726.0,530,nan,0,nan,0,nan,0,nan,0,nan,0,nan,0,nan,0,nan,0
1597988421796105984,1597988422000000000,2020-08-21 13:40:22.000000,3726.0,3750.0,3716.0,3728.0,nan,3730.0,456082,8505929300.0,1263794,3728.0,751,3726.0,529,nan,0,nan,0,nan,0,nan,0,nan,0,nan,0,nan,0,nan,0
1597988422283792896,1597988422000001024,2020-08-21 13:40:22.000001,3726.0,3750.0,3716.0,3728.0,nan,3730.0,456103,8506320950.0,1263809,3728.0,762,3726.0,531,nan,0,nan,0,nan,0,nan,0,nan,0,nan,0,nan,0,nan,0
1597988422789744128,1597988423000000000,2020-08-21 13:40:23.000000,3728.0,3750.0,3716.0,3728.0,nan,3730.0,456107,8506395550.0,1263810,3728.0,773,3726.0,555,nan,0,nan,0,nan,0,nan,0,nan,0,nan,0,nan,0,nan,0
1597988423292914944,1597988423000001024,2020-08-21 13:40:23.000001,3726.0,3750.0,3716.0,3728.0,nan,3730.0,456115,8506544750.0,1263818,3728.0,773,3726.0,547,nan,0,nan,0,nan,0,nan,0,nan,0,nan,0,nan,0,nan,0
1597988423804822016,1597988424000000000,2020-08-21 13:40:24.000000,3728.0,3750.0,3716.0,3728.0,nan,3730.0,456119,8506619350.0,1263818,3728.0,769,3726.0,547,nan,0,nan,0,nan,0,nan,0,nan,0,nan,0,nan,0,nan,0
1597988424294921984,1597988424000001024,2020-08-21 13:40:24.000001,3728.0,3750.0,3716.0,3728.0,nan,3730.0,456119,8506619350.0,1263818,3728.0,776,3726.0,498,nan,0,nan,0,nan,0,nan,0,nan,0,nan,0,nan,0,nan,0
1597988424798722048,1597988425000000000,2020-08-21 13:40:25.000000,3726.0,3750.0,3716.0,3728.0,nan,3730.0,456120,8506638000.0,1263818,3728.0,789,3726.0,497,nan,0,nan,0,nan,0,nan,0,nan,0,nan,0,nan,0,nan,0
1597988425279952896,1597988425000001024,2020-08-21 13:40:25.000001,3728.0,3750.0,3716.0,3728.0,nan,3730.0,456121,8506656650.0,1263819,3728.0,788,3726.0,497,nan,0,nan,0,nan,0,nan,0,nan,0,nan,0,nan,0,nan,0
1597988425800006912,1597988426000000000,2020-08-21 13:40:26.000000,3728.0,3750.0,3716.0,3728.0,nan,3730.0,456121,8506656650.0,1263819,3728.0,788,3726.0,598,nan,0,nan,0,nan,0,nan,0,nan,0,nan,0,nan,0,nan,0
1597988426300144128,1597988426000001024,2020-08-21 13:40:26.000001,3726.0,3750.0,3716.0,3728.0,nan,3730.0,456124,8506712600.0,1263821,3728.0,790,3726.0,591,nan,0,nan,0,nan,0,nan,0,nan,0,nan,0,nan,0,nan,0
1597988426841830912,1597988427000000000,2020-08-21 13:40:27.000000,3726.0,3750.0,3716.0,3728.0,nan,3730.0,456124,8506712600.0,1263821,3728.0,791,3726.0,591,nan,0,nan,0,nan,0,nan,0,nan,0,nan,0,nan,0,nan,0
1597988427289164032,1597988427000001024,2020-08-21 13:40:27.000001,3726.0,3750.0,3716.0,3728.0,nan,3730.0,456124,8506712600.0,1263821,3728.0,791,3726.0,591,nan,0,nan,0,nan,0,nan,0,nan,0,nan,0,nan,0,nan,0
1597988427805807104,1597988428000000000,2020-08-21 13:40:28.000000,3726.0,3750.0,3716.0,3728.0,nan,3730.0,456125,8506731250.0,1263822,3728.0,792,3726.0,590,nan,0,nan,0,nan,0,nan,0,nan,0,nan,0,nan,0,nan,0
1597988428276100096,1597988428000001024,2020-08-21 13:40:28.000001,3726.0,3750.0,3716.0,3728.0,nan,3730.0,456125,8506731250.0,1263822,3728.0,801,3726.0,605,nan,0,nan,0,nan,0,nan,0,nan,0,nan,0,nan,0,nan,0
1597988428800212992,1597988429000000000,2020-08-21 13:40:29.000000,3728.0,3750.0,3716.0,3728.0,nan,3730.0,456126,8506749900.0,1263823,3728.0,800,3726.0,605,nan,0,nan,0,nan,0,nan,0,nan,0,nan,0,nan,0,nan,0
1597988429275158016,1597988429000001024,2020-08-21 13:40:29.000001,3728.0,3750.0,3716.0,3728.0,nan,3730.0,456126,8506749900.0,1263823,3728.0,801,3726.0,605,nan,0,nan,0,nan,0,nan,0,nan,0,nan,0,nan,0,nan,0
1597988429807504896,1597988430000000000,2020-08-21 13:40:30.000000,3728.0,3750.0,3716.0,3728.0,nan,3730.0,456127,8506768550.0,1263824,3728.0,801,3726.0,614,nan,0,nan,0,nan,0,nan,0,nan,0,nan,0,nan,0,nan,0
1597988430301380096,1597988430000001024,2020-08-21 13:40:30.000001,3728.0,3750.0,3716.0,3728.0,nan,3730.0,456128,8506787200.0,1263825,3728.0,802,3726.0,615,nan,0,nan,0,nan,0,nan,0,nan,0,nan,0,nan,0,nan,0
1597988430808548096,1597988431000000000,2020-08-21 13:40:31.000000,3726.0,3750.0,3716.0,3728.0,nan,3730.0,456129,8506805850.0,1263826,3728.0,803,3726.0,614,nan,0,nan,0,nan,0,nan,0,nan,0,nan,0,nan,0,nan,0
1597988431385864960,1597988431000001024,2020-08-21 13:40:31.000001,3726.0,3750.0,3716.0,3728.0,nan,3730.0,456129,8506805850.0,1263826,3728.0,806,3726.0,614,nan,0,nan,0,nan,0,nan,0,nan,0,nan,0,nan,0,nan,0
1597988431816764928,1597988432000000000,2020-08-21 13:40:32.000000,3726.0,3750.0,3716.0,3728.0,nan,3730.0,456143,8507066950.0,1263840,3728.0,871,3726.0,600,nan,0,nan,0,nan,0,nan,0,nan,0,nan,0,nan,0,nan,0
1597988432288603904,1597988432000001024,2020-08-21 13:40:32.000001,3726.0,3750.0,3716.0,3728.0,nan,3730.0,456143,8507066950.0,1263840,3728.0,896,3726.0,601,nan,0,nan,0,nan,0,nan,0,nan,0,nan,0,nan,0,nan,0
1597988432814744064,1597988433000000000,2020-08-21 13:40:33.000000,3726.0,3750.0,3716.0,3728.0,nan,3730.0,456144,8507085600.0,1263841,3728.0,896,3726.0,601,nan,0,nan,0,nan,0,nan,0,nan,0,nan,0,nan,0,nan,0
1597988433293492992,1597988433000001024,2020-08-21 13:40:33.000001,3726.0,3750.0,3716.0,3728.0,nan,3730.0,456147,8507141550.0,1263842,3728.0,896,3726.0,599,nan,0,nan,0,nan,0,nan,0,nan,0,nan,0,nan,0,nan,0
1597988433812186880,1597988434000000000,2020-08-21 13:40:34.000000,3728.0,3750.0,3716.0,3728.0,nan,3730.0,456152,8507234800.0,1263843,3728.0,907,3726.0,598,nan,0,nan,0,nan,0,nan,0,nan,0,nan,0,nan,0,nan,0
1597988434324577024,1597988434000001024,2020-08-21 13:40:34.000001,3728.0,3750.0,3716.0,3728.0,nan,3730.0,456152,8507234800.0,1263843,3728.0,909,3726.0,598,nan,0,nan,0,nan,0,nan,0,nan,0,nan,0,nan,0,nan,0
1597988434806960896,1597988435000000000,2020-08-21 13:40:35.000000,3726.0,3750.0,3716.0,3728.0,nan,3730.0,456155,8507290750.0,1263844,3728.0,909,3726.0,597,nan,0,nan,0,nan,0,nan,0,nan,0,nan,0,nan,0,nan,0
1597988435297270016,1597988435000001024,2020-08-21 13:40:35.000001,3726.0,3750.0,3716.0,3728.0,nan,3730.0,456157,8507328050.0,1263846,3728.0,909,3726.0,595,nan,0,nan,0,nan,0,nan,0,nan,0,nan,0,nan,0,nan,0
1597988435805665024,1597988436000000000,2020-08-21 13:40:36.000000,3726.0,3750.0,3716.0,3728.0,nan,3730.0,456157,8507328050.0,1263846,3728.0,909,3726.0,596,nan,0,nan,0,nan,0,nan,0,nan,0,nan,0,nan,0,nan,0
1597988436283557120,1597988436000001024,2020-08-21 13:40:36.000001,3726.0,3750.0,3716.0,3728.0,nan,3730.0,456158,8507346700.0,1263846,3728.0,912,3726.0,596,nan,0,nan,0,nan,0,nan,0,nan,0,nan,0,nan,0,nan,0
1597988436811020032,1597988437000000000,2020-08-21 13:40:37.000000,3726.0,3750.0,3716.0,3728.0,nan,3730.0,456158,8507346700.0,1263846,3728.0,912,3726.0,597,nan,0,nan,0,nan,0,nan,0,nan,0,nan,0,nan,0,nan,0
1597988437331318016,1597988437000001024,2020-08-21 13:40:37.000001,3726.0,3750.0,3716.0,3728.0,nan,3730.0,456158,8507346700.0,1263846,3728.0,913,3726.0,597,nan,0,nan,0,nan,0,nan,0,nan,0,nan,0,nan,0,nan,0
1597988437829544960,1597988438000000000,2020-08-21 13:40:38.000000,3728.0,3750.0,3716.0,3728.0,nan,3730.0,456172,8507607800.0,1263860,3728.0,895,3726.0,597,nan,0,nan,0,nan,0,nan,0,nan,0,nan,0,nan,0,nan,0
1597988438295631104,1597988438000001024,2020-08-21 13:40:38.000001,3728.0,3750.0,3716.0,3728.0,nan,3730.0,456172,8507607800.0,1263860,3728.0,897,3726.0,605,nan,0,nan,0,nan,0,nan,0,nan,0,nan,0,nan,0,nan,0
1597988438817058048,1597988439000000000,2020-08-21 13:40:39.000000,3728.0,3750.0,3716.0,3728.0,nan,3730.0,456172,8507607800.0,1263860,3728.0,896,3726.0,611,nan,0,nan,0,nan,0,nan,0,nan,0,nan,0,nan,0,nan,0
1597988439302436096,1597988439000001024,2020-08-21 13:40:39.000001,3728.0,3750.0,3716.0,3728.0,nan,3730.0,456172,8507607800.0,1263860,3728.0,896,3726.0,619,nan,0,nan,0,nan,0,nan,0,nan,0,nan,0,nan,0,nan,0
1597988440333905920,1597988440000001024,2020-08-21 13:40:40.000001,3728.0,3750.0,3716.0,3728.0,nan,3730.0,456172,8507607800.0,1263860,3728.0,900,3726.0,624,nan,0,nan,0,nan,0,nan,0,nan,0,nan,0,nan,0,nan,0
1597988440805991936,1597988441000000000,2020-08-21 13:40:41.000000,3726.0,3750.0,3716.0,3728.0,nan,3730.0,456173,8507626450.0,1263861,3728.0,900,3726.0,623,nan,0,nan,0,nan,0,nan,0,nan,0,nan,0,nan,0,nan,0
1597988441313697024,1597988441000001024,2020-08-21 13:40:41.000001,3726.0,3750.0,3716.0,3728.0,nan,3730.0,456178,8507719700.0,1263863,3728.0,900,3726.0,617,nan,0,nan,0,nan,0,nan,0,nan,0,nan,0,nan,0,nan,0
1597988441818851072,1597988442000000000,2020-08-21 13:40:42.000000,3726.0,3750.0,3716.0,3728.0,nan,3730.0,456181,8507775650.0,1263863,3728.0,912,3726.0,614,nan,0,nan,0,nan,0,nan,0,nan,0,nan,0,nan,0,nan,0
1597988442333638912,1597988442000001024,2020-08-21 13:40:42.000001,3726.0,3750.0,3716.0,3728.0,nan,3730.0,456181,8507775650.0,1263863,3728.0,832,3726.0,615,nan,0,nan,0,nan,0,nan,0,nan,0,nan,0,nan,0,nan,0
1597988442808495104,1597988443000000000,2020-08-21 13:40:43.000000,3726.0,3750.0,3716.0,3728.0,nan,3730.0,456181,8507775650.0,1263863,3728.0,812,3726.0,615,nan,0,nan,0,nan,0,nan,0,nan,0,nan,0,nan,0,nan,0
1597988443349977088,1597988443000001024,2020-08-21 13:40:43.000001,3726.0,3750.0,3716.0,3728.0,nan,3730.0,456181,8507775650.0,1263863,3728.0,812,3726.0,624,nan,0,nan,0,nan,0,nan,0,nan,0,nan,0,nan,0,nan,0
1597988443805085952,1597988444000000000,2020-08-21 13:40:44.000000,3728.0,3750.0,3716.0,3728.0,nan,3730.0,456185,8507850250.0,1263863,3728.0,787,3726.0,624,nan,0,nan,0,nan,0,nan,0,nan,0,nan,0,nan,0,nan,0
1597988444356655104,1597988444000001024,2020-08-21 13:40:44.000001,3726.0,3750.0,3716.0,3728.0,nan,3730.0,456189,8507924850.0,1263867,3728.0,802,3726.0,620,nan,0,nan,0,nan,0,nan,0,nan,0,nan,0,nan,0,nan,0
1597988444804081920,1597988445000000000,2020-08-21 13:40:45.000000,3726.0,3750.0,3716.0,3728.0,nan,3730.0,456189,8507924850.0,1263867,3728.0,803,3726.0,621,nan,0,nan,0,nan,0,nan,0,nan,0,nan,0,nan,0,nan,0
1597988445292512000,1597988445000001024,2020-08-21 13:40:45.000001,3726.0,3750.0,3716.0,3728.0,nan,3730.0,456190,8507943500.0,1263867,3728.0,804,3726.0,621,nan,0,nan,0,nan,0,nan,0,nan,0,nan,0,nan,0,nan,0
1597988445807035904,1597988446000000000,2020-08-21 13:40:46.000000,3726.0,3750.0,3716.0,3728.0,nan,3730.0,456190,8507943500.0,1263867,3728.0,804,3726.0,623,nan,0,nan,0,nan,0,nan,0,nan,0,nan,0,nan,0,nan,0
1597988446324590080,1597988446000001024,2020-08-21 13:40:46.000001,3726.0,3750.0,3716.0,3728.0,nan,3730.0,456190,8507943500.0,1263867,3728.0,806,3726.0,623,nan,0,nan,0,nan,0,nan,0,nan,0,nan,0,nan,0,nan,0
1597988446820665088,1597988447000000000,2020-08-21 13:40:47.000000,3726.0,3750.0,3716.0,3728.0,nan,3730.0,456191,8507962150.0,1263868,3728.0,806,3726.0,622,nan,0,nan,0,nan,0,nan,0,nan,0,nan,0,nan,0,nan,0
1597988448300503040,1597988448000001024,2020-08-21 13:40:48.000001,3726.0,3750.0,3716.0,3728.0,nan,3730.0,456192,8507980800.0,1263868,3728.0,809,3726.0,621,nan,0,nan,0,nan,0,nan,0,nan,0,nan,0,nan,0,nan,0
1597988448857585920,1597988449000000000,2020-08-21 13:40:49.000000,3726.0,3750.0,3716.0,3728.0,nan,3730.0,456193,8507999450.0,1263869,3728.0,810,3726.0,530,nan,0,nan,0,nan,0,nan,0,nan,0,nan,0,nan,0,nan,0
1597988449319697920,1597988449000001024,2020-08-21 13:40:49.000001,3728.0,3750.0,3716.0,3728.0,nan,3730.0,456194,8508018100.0,1263870,3728.0,809,3726.0,531,nan,0,nan,0,nan,0,nan,0,nan,0,nan,0,nan,0,nan,0
1597988450300254976,1597988450000001024,2020-08-21 13:40:50.000001,3728.0,3750.0,3716.0,3728.0,nan,3730.0,456194,8508018100.0,1263870,3728.0,811,3726.0,531,nan,0,nan,0,nan,0,nan,0,nan,0,nan,0,nan,0,nan,0
1597988450809851904,1597988451000000000,2020-08-21 13:40:51.000000,3728.0,3750.0,3716.0,3728.0,nan,3730.0,456194,8508018100.0,1263870,3728.0,812,3726.0,531,nan,0,nan,0,nan,0,nan,0,nan,0,nan,0,nan,0,nan,0
1597988451302627072,1597988451000001024,2020-08-21 13:40:51.000001,3728.0,3750.0,3716.0,3728.0,nan,3730.0,456194,8508018100.0,1263870,3728.0,813,3726.0,578,nan,0,nan,0,nan,0,nan,0,nan,0,nan,0,nan,0,nan,0
1597988451820965888,1597988452000000000,2020-08-21 13:40:52.000000,3726.0,3750.0,3716.0,3728.0,nan,3730.0,456195,8508036750.0,1263871,3728.0,866,3726.0,577,nan,0,nan,0,nan,0,nan,0,nan,0,nan,0,nan,0,nan,0
1597988452327443968,1597988452000001024,2020-08-21 13:40:52.000001,3728.0,3750.0,3716.0,3728.0,nan,3730.0,456196,8508055400.0,1263871,3728.0,868,3726.0,577,nan,0,nan,0,nan,0,nan,0,nan,0,nan,0,nan,0,nan,0
1597988452816838912,1597988453000000000,2020-08-21 13:40:53.000000,3728.0,3750.0,3716.0,3728.0,nan,3730.0,456196,8508055400.0,1263871,3728.0,983,3726.0,577,nan,0,nan,0,nan,0,nan,0,nan,0,nan,0,nan,0,nan,0
1597988453311621120,1597988453000001024,2020-08-21 13:40:53.000001,3728.0,3750.0,3716.0,3728.0,nan,3730.0,456199,8508111350.0,1263872,3728.0,1008,3726.0,570,nan,0,nan,0,nan,0,nan,0,nan,0,nan,0,nan,0,nan,0
1597988453820366080,1597988454000000000,2020-08-21 13:40:54.000000,3728.0,3750.0,3716.0,3728.0,nan,3730.0,456206,8508241900.0,1263873,3728.0,1002,3726.0,569,nan,0,nan,0,nan,0,nan,0,nan,0,nan,0,nan,0,nan,0
1597988454295439104,1597988454000001024,2020-08-21 13:40:54.000001,3726.0,3750.0,3716.0,3728.0,nan,3730.0,456207,8508260550.0,1263873,3728.0,1004,3726.0,568,nan,0,nan,0,nan,0,nan,0,nan,0,nan,0,nan,0,nan,0
1597988454806476032,1597988455000000000,2020-08-21 13:40:55.000000,3728.0,3750.0,3716.0,3728.0,nan,3730.0,456232,8508726800.0,1263898,3728.0,984,3726.0,563,nan,0,nan,0,nan,0,nan,0,nan,0,nan,0,nan,0,nan,0
1597988455324235008,1597988455000001024,2020-08-21 13:40:55.000001,3726.0,3750.0,3716.0,3728.0,nan,3730.0,456234,8508764100.0,1263898,3728.0,984,3726.0,561,nan,0,nan,0,nan,0,nan,0,nan,0,nan,0,nan,0,nan,0
1597988455803546880,1597988456000000000,2020-08-21 13:40:56.000000,3726.0,3750.0,3716.0,3728.0,nan,3730.0,456234,8508764100.0,1263898,3728.0,984,3726.0,602,nan,0,nan,0,nan,0,nan,0,nan,0,nan,0,nan,0,nan,0
1597988456300899072,1597988456000001024,2020-08-21 13:40:56.000001,3726.0,3750.0,3716.0,3728.0,nan,3730.0,456236,8508801400.0,1263898,3728.0,978,3726.0,601,nan,0,nan,0,nan,0,nan,0,nan,0,nan,0,nan,0,nan,0
1597988456812389888,1597988457000000000,2020-08-21 13:40:57.000000,3726.0,3750.0,3716.0,3728.0,nan,3730.0,456238,8508838700.0,1263900,3728.0,977,3726.0,601,nan,0,nan,0,nan,0,nan,0,nan,0,nan,0,nan,0,nan,0
1597988457291712000,1597988457000001024,2020-08-21 13:40:57.000001,3726.0,3750.0,3716.0,3728.0,nan,3730.0,456241,8508894650.0,1263901,3728.0,967,3726.0,598,nan,0,nan,0,nan,0,nan,0,nan,0,nan,0,nan,0,nan,0
1597988457808624128,1597988458000000000,2020-08-21 13:40:58.000000,3726.0,3750.0,3716.0,3728.0,nan,3730.0,456266,8509360900.0,1263924,3728.0,978,3726.0,573,nan,0,nan,0,nan,0,nan,0,nan,0,nan,0,nan,0,nan,0
1597988458285739008,1597988458000001024,2020-08-21 13:40:58.000001,3726.0,3750.0,3716.0,3728.0,nan,3730.0,456271,8509454150.0,1263929,3728.0,990,3726.0,568,nan,0,nan,0,nan,0,nan,0,nan,0,nan,0,nan,0,nan,0
1597988458818734080,1597988459000000000,2020-08-21 13:40:59.000000,3726.0,3750.0,3716.0,3728.0,nan,3730.0,456271,8509454150.0,1263929,3728.0,990,3726.0,569,nan,0,nan,0,nan,0,nan,0,nan,0,nan,0,nan,0,nan,0
1597988459295044096,1597988459000001024,2020-08-21 13:40:59.000001,3728.0,3750.0,3716.0,3728.0,nan,3730.0,456273,8509491450.0,1263931,3728.0,988,3726.0,570,nan,0,nan,0,nan,0,nan,0,nan,0,nan,0,nan,0,nan,0
1597988459801956096,1597988460000000000,2020-08-21 13:41:00.000000,3726.0,3750.0,3716.0,3728.0,nan,3730.0,456274,8509510100.0,1263932,3728.0,935,3726.0,569,nan,0,nan,0,nan,0,nan,0,nan,0,nan,0,nan,0,nan,0
1597988460308855040,1597988460000001024,2020-08-21 13:41:00.000001,3726.0,3750.0,3716.0,3728.0,nan,3730.0,456277,8509566050.0,1263935,3728.0,953,3726.0,566,nan,0,nan,0,nan,0,nan,0,nan,0,nan,0,nan,0,nan,0
1597988460811714048,1597988461000000000,2020-08-21 13:41:01.000000,3726.0,3750.0,3716.0,3728.0,nan,3730.0,456289,8509789850.0,1263947,3728.0,952,3726.0,563,nan,0,nan,0,nan,0,nan,0,nan,0,nan,0,nan,0,nan,0
1597988461346044928,1597988461000001024,2020-08-21 13:41:01.000001,3726.0,3750.0,3716.0,3728.0,nan,3730.0,456291,8509827150.0,1263949,3728.0,952,3726.0,561,nan,0,nan,0,nan,0,nan,0,nan,0,nan,0,nan,0,nan,0
1597988461815846912,1597988462000000000,2020-08-21 13:41:02.000000,3728.0,3750.0,3716.0,3728.0,nan,3730.0,456292,8509845800.0,1263949,3728.0,950,3726.0,561,nan,0,nan,0,nan,0,nan,0,nan,0,nan,0,nan,0,nan,0
1597988462313785088,1597988462000001024,2020-08-21 13:41:02.000001,3728.0,3750.0,3716.0,3728.0,nan,3730.0,456292,8509845800.0,1263949,3728.0,952,3726.0,561,nan,0,nan,0,nan,0,nan,0,nan,0,nan,0,nan,0,nan,0
1597988462829043968,1597988463000000000,2020-08-21 13:41:03.000000,3728.0,3750.0,3716.0,3728.0,nan,3730.0,456292,8509845800.0,1263949,3728.0,1004,3726.0,561,nan,0,nan,0,nan,0,nan,0,nan,0,nan,0,nan,0,nan,0
1597988463300673024,1597988463000001024,2020-08-21 13:41:03.000001,3728.0,3750.0,3716.0,3728.0,nan,3730.0,456292,8509845800.0,1263949,3728.0,1005,3726.0,561,nan,0,nan,0,nan,0,nan,0,nan,0,nan,0,nan,0,nan,0
1597988463825351936,1597988464000000000,2020-08-21 13:41:04.000000,3728.0,3750.0,3716.0,3728.0,nan,3730.0,456296,8509920400.0,1263949,3728.0,1001,3726.0,562,nan,0,nan,0,nan,0,nan,0,nan,0,nan,0,nan,0,nan,0
1597988464302004992,1597988464000001024,2020-08-21 13:41:04.000001,3728.0,3750.0,3716.0,3728.0,nan,3730.0,456296,8509920400.0,1263949,3728.0,1006,3726.0,564,nan,0,nan,0,nan,0,nan,0,nan,0,nan,0,nan,0,nan,0
1597988465301901056,1597988465000001024,2020-08-21 13:41:05.000001,3728.0,3750.0,3716.0,3728.0,nan,3730.0,456296,8509920400.0,1263949,3728.0,1007,3726.0,566,nan,0,nan,0,nan,0,nan,0,nan,0,nan,0,nan,0,nan,0
1597988465823307008,1597988466000000000,2020-08-21 13:41:06.000000,3726.0,3750.0,3716.0,3728.0,nan,3730.0,456298,8509957700.0,1263949,3728.0,1006,3726.0,564,nan,0,nan,0,nan,0,nan,0,nan,0,nan,0,nan,0,nan,0
1597988466314746112,1597988466000001024,2020-08-21 13:41:06.000001,3726.0,3750.0,3716.0,3728.0,nan,3730.0,456301,8510013650.0,1263952,3728.0,1008,3726.0,561,nan,0,nan,0,nan,0,nan,0,nan,0,nan,0,nan,0,nan,0
1597988466818227968,1597988467000000000,2020-08-21 13:41:07.000000,3726.0,3750.0,3716.0,3728.0,nan,3730.0,456302,8510032300.0,1263953,3728.0,1008,3726.0,560,nan,0,nan,0,nan,0,nan,0,nan,0,nan,0,nan,0,nan,0
1597988467306691072,1597988467000001024,2020-08-21 13:41:07.000001,3726.0,3750.0,3716.0,3728.0,nan,3730.0,456306,8510106900.0,1263953,3728.0,1009,3726.0,556,nan,0,nan,0,nan,0,nan,0,nan,0,nan,0,nan,0,nan,0
1597988467813524992,1597988468000000000,2020-08-21 13:41:08.000000,3726.0,3750.0,3716.0,3728.0,nan,3730.0,456306,8510106900.0,1263953,3728.0,1009,3726.0,555,nan,0,nan,0,nan,0,nan,0,nan,0,nan,0,nan,0,nan,0
1597988468305008896,1597988468000001024,2020-08-21 13:41:08.000001,3726.0,3750.0,3716.0,3728.0,nan,3730.0,456646,8516447900.0,1263914,3728.0,1012,3726.0,223,nan,0,nan,0,nan,0,nan,0,nan,0,nan,0,nan,0,nan,0
1597988468827467008,1597988469000000000,2020-08-21 13:41:09.000000,3726.0,3750.0,3716.0,3728.0,nan,3730.0,456891,8521017150.0,1264063,3726.0,439,3724.0,1179,nan,0,nan,0,nan,0,nan,0,nan,0,nan,0,nan,0,nan,0
1597988469308912896,1597988469000001024,2020-08-21 13:41:09.000001,3724.0,3750.0,3716.0,3728.0,nan,3730.0,456892,8521035800.0,1264064,3726.0,606,3724.0,1175,nan,0,nan,0,nan,0,nan,0,nan,0,nan,0,nan,0,nan,0
1597988469828862976,1597988470000000000,2020-08-21 13:41:10.000000,3724.0,3750.0,3716.0,3728.0,nan,3730.0,456893,8521054450.0,1264064,3726.0,669,3724.0,1176,nan,0,nan,0,nan,0,nan,0,nan,0,nan,0,nan,0,nan,0
1597988470313556992,1597988470000001024,2020-08-21 13:41:10.000001,3724.0,3750.0,3716.0,3728.0,nan,3730.0,456972,8522527800.0,1264088,3726.0,710,3724.0,1115,nan,0,nan,0,nan,0,nan,0,nan,0,nan,0,nan,0,nan,0
1597988470817619968,1597988471000000000,2020-08-21 13:41:11.000000,3724.0,3750.0,3716.0,3728.0,nan,3730.0,456978,8522639700.0,1264088,3726.0,737,3724.0,1109,nan,0,nan,0,nan,0,nan,0,nan,0,nan,0,nan,0,nan,0
1597988471320975104,1597988471000001024,2020-08-21 13:41:11.000001,3724.0,3750.0,3716.0,3728.0,nan,3730.0,456979,8522658350.0,1264089,3726.0,737,3724.0,1108,nan,0,nan,0,nan,0,nan,0,nan,0,nan,0,nan,0,nan,0
1597988472314329088,1597988472000001024,2020-08-21 13:41:12.000001,3724.0,3750.0,3716.0,3728.0,nan,3730.0,456979,8522658350.0,1264089,3726.0,740,3724.0,1108,nan,0,nan,0,nan,0,nan,0,nan,0,nan,0,nan,0,nan,0
1597988472828486912,1597988473000000000,2020-08-21 13:41:13.000000,3726.0,3750.0,3716.0,3728.0,nan,3730.0,457006,8523161900.0,1264091,3726.0,715,3724.0,1106,nan,0,nan,0,nan,0,nan,0,nan,0,nan,0,nan,0,nan,0
1597988473315368960,1597988473000001024,2020-08-21 13:41:13.000001,3726.0,3750.0,3716.0,3728.0,nan,3730.0,457012,8523273800.0,1264094,3726.0,719,3724.0,1103,nan,0,nan,0,nan,0,nan,0,nan,0,nan,0,nan,0,nan,0
1597988473816763904,1597988474000000000,2020-08-21 13:41:14.000000,3726.0,3750.0,3716.0,3728.0,nan,3730.0,457020,8523423000.0,1264093,3726.0,704,3724.0,1100,nan,0,nan,0,nan,0,nan,0,nan,0,nan,0,nan,0,nan,0
1597988474305931008,1597988474000001024,2020-08-21 13:41:14.000001,3726.0,3750.0,3716.0,3728.0,nan,3730.0,457020,8523423000.0,1264093,3726.0,717,3724.0,1100,nan,0,nan,0,nan,0,nan,0,nan,0,nan,0,nan,0,nan,0
1597988474808032000,1597988475000000000,2020-08-21 13:41:15.000000,3726.0,3750.0,3716.0,3728.0,nan,3730.0,457020,8523423000.0,1264093,3726.0,717,3724.0,1101,nan,0,nan,0,nan,0,nan,0,nan,0,nan,0,nan,0,nan,0
1597988475305146880,1597988475000001024,2020-08-21 13:41:15.000001,3724.0,3750.0,3716.0,3728.0,nan,3730.0,457021,8523441650.0,1264094,3726.0,717,3724.0,1100,nan,0,nan,0,nan,0,nan,0,nan,0,nan,0,nan,0,nan,0
1597988475815428096,1597988476000000000,2020-08-21 13:41:16.000000,3724.0,3750.0,3716.0,3728.0,nan,3730.0,457103,8524970950.0,1264140,3726.0,705,3724.0,1020,nan,0,nan,0,nan,0,nan,0,nan,0,nan,0,nan,0,nan,0
1597988476330608128,1597988476000001024,2020-08-21 13:41:16.000001,3726.0,3750.0,3716.0,3728.0,nan,3730.0,457118,8525250700.0,1264153,3726.0,770,3724.0,1006,nan,0,nan,0,nan,0,nan,0,nan,0,nan,0,nan,0,nan,0
1597988476827243008,1597988477000000000,2020-08-21 13:41:17.000000,3726.0,3750.0,3716.0,3728.0,nan,3730.0,457118,8525250700.0,1264153,3726.0,774,3724.0,977,nan,0,nan,0,nan,0,nan,0,nan,0,nan,0,nan,0,nan,0
1597988477829591040,1597988478000000000,2020-08-21 13:41:18.000000,3724.0,3750.0,3716.0,3728.0,nan,3730.0,457119,8525269350.0,1264153,3726.0,764,3724.0,976,nan,0,nan,0,nan,0,nan,0,nan,0,nan,0,nan,0,nan,0
1597988478339053056,1597988478000001024,2020-08-21 13:41:18.000001,3724.0,3750.0,3716.0,3728.0,nan,3730.0,457119,8525269350.0,1264153,3726.0,777,3724.0,976,nan,0,nan,0,nan,0,nan,0,nan,0,nan,0,nan,0,nan,0
1597988478822065920,1597988479000000000,2020-08-21 13:41:19.000000,3724.0,3750.0,3716.0,3728.0,nan,3730.0,457119,8525269350.0,1264153,3726.0,777,3724.0,1012,nan,0,nan,0,nan,0,nan,0,nan,0,nan,0,nan,0,nan,0
1597988479318199040,1597988479000001024,2020-08-21 13:41:19.000001,3724.0,3750.0,3716.0,3728.0,nan,3730.0,457120,8525288000.0,1264154,3726.0,777,3724.0,1011,nan,0,nan,0,nan,0,nan,0,nan,0,nan,0,nan,0,nan,0
1597988479814846976,1597988480000000000,2020-08-21 13:41:20.000000,3724.0,3750.0,3716.0,3728.0,nan,3730.0,457120,8525288000.0,1264154,3726.0,766,3724.0,1011,nan,0,nan,0,nan,0,nan,0,nan,0,nan,0,nan,0,nan,0
1597988480310364928,1597988480000001024,2020-08-21 13:41:20.000001,3726.0,3750.0,3716.0,3728.0,nan,3730.0,457122,8525325300.0,1264154,3726.0,858,3724.0,1011,nan,0,nan,0,nan,0,nan,0,nan,0,nan,0,nan,0,nan,0
1597988480815343104,1597988481000000000,2020-08-21 13:41:21.000000,3726.0,3750.0,3716.0,3728.0,nan,3730.0,457223,8527208950.0,1264154,3726.0,715,3724.0,1011,nan,0,nan,0,nan,0,nan,0,nan,0,nan,0,nan,0,nan,0
1597988481308109056,1597988481000001024,2020-08-21 13:41:21.000001,3726.0,3750.0,3716.0,3728.0,nan,3730.0,457223,8527208950.0,1264154,3726.0,708,3724.0,1018,nan,0,nan,0,nan,0,nan,0,nan,0,nan,0,nan,0,nan,0
1597988481838753024,1597988482000000000,2020-08-21 13:41:22.000000,3724.0,3750.0,3716.0,3728.0,nan,3730.0,457224,8527227600.0,1264155,3726.0,755,3724.0,1018,nan,0,nan,0,nan,0,nan,0,nan,0,nan,0,nan,0,nan,0
1597988482343954944,1597988482000001024,2020-08-21 13:41:22.000001,3726.0,3750.0,3716.0,3728.0,nan,3730.0,457225,8527246250.0,1264155,3726.0,790,3724.0,1018,nan,0,nan,0,nan,0,nan,0,nan,0,nan,0,nan,0,nan,0
1597988482829380096,1597988483000000000,2020-08-21 13:41:23.000000,3726.0,3750.0,3716.0,3728.0,nan,3730.0,457229,8527320850.0,1264151,3726.0,807,3724.0,1018,nan,0,nan,0,nan,0,nan,0,nan,0,nan,0,nan,0,nan,0
1597988483311641088,1597988483000001024,2020-08-21 13:41:23.000001,3726.0,3750.0,3716.0,3728.0,nan,3730.0,457231,8527358150.0,1264149,3726.0,815,3724.0,1017,nan,0,nan,0,nan,0,nan,0,nan,0,nan,0,nan,0,nan,0
1597988483839326976,1597988484000000000,2020-08-21 13:41:24.000000,3726.0,3750.0,3716.0,3728.0,nan,3730.0,457235,8527432750.0,1264145,3726.0,801,3724.0,1017,nan,0,nan,0,nan,0,nan,0,nan,0,nan,0,nan,0,nan,0
1597988484301402880,1597988484000001024,2020-08-21 13:41:24.000001,3724.0,3750.0,3716.0,3728.0,nan,3730.0,457244,8527600600.0,1264145,3726.0,815,3724.0,1008,nan,0,nan,0,nan,0,nan,0,nan,0,nan,0,nan,0,nan,0
1597988484830550016,1597988485000000000,2020-08-21 13:41:25.000000,3724.0,3750.0,3716.0,3728.0,nan,3730.0,457244,8527600600.0,1264145,3726.0,805,3724.0,1008,nan,0,nan,0,nan,0,nan,0,nan,0,nan,0,nan,0,nan,0
1597988485311102976,1597988485000001024,2020-08-21 13:41:25.000001,3724.0,3750.0,3716.0,3728.0,nan,3730.0,457244,8527600600.0,1264145,3726.0,809,3724.0,1008,nan,0,nan,0,nan,0,nan,0,nan,0,nan,0,nan,0,nan,0
1597988485824367104,1597988486000000000,2020-08-21 13:41:26.000000,3724.0,3750.0,3716.0,3728.0,nan,3730.0,457246,8527637900.0,1264146,3726.0,803,3724.0,1006,nan,0,nan,0,nan,0,nan,0,nan,0,nan,0,nan,0,nan,0
1597988486300888064,1597988486000001024,2020-08-21 13:41:26.000001,3724.0,3750.0,3716.0,3728.0,nan,3730.0,457246,8527637900.0,1264146,3726.0,815,3724.0,1006,nan,0,nan,0,nan,0,nan,0,nan,0,nan,0,nan,0,nan,0
1597988486828131072,1597988487000000000,2020-08-21 13:41:27.000000,3724.0,3750.0,3716.0,3728.0,nan,3730.0,457347,8529521550.0,1264147,3726.0,712,3724.0,1019,nan,0,nan,0,nan,0,nan,0,nan,0,nan,0,nan,0,nan,0
1597988487316630016,1597988487000001024,2020-08-21 13:41:27.000001,3726.0,3750.0,3716.0,3728.0,nan,3730.0,457348,8529540200.0,1264147,3726.0,677,3724.0,1019,nan,0,nan,0,nan,0,nan,0,nan,0,nan,0,nan,0,nan,0
1597988487832122112,1597988488000000000,2020-08-21 13:41:28.000000,3724.0,3750.0,3716.0,3728.0,nan,3730.0,457350,8529577500.0,1264147,3726.0,729,3724.0,1017,nan,0,nan,0,nan,0,nan,0,nan,0,nan,0,nan,0,nan,0
1597988488349617920,1597988488000001024,2020-08-21 13:41:28.000001,3724.0,3750.0,3716.0,3728.0,nan,3730.0,457377,8530081050.0,1264174,3726.0,751,3724.0,990,nan,0,nan,0,nan,0,nan,0,nan,0,nan,0,nan,0,nan,0
1597988488827689984,1597988489000000000,2020-08-21 13:41:29.000000,3724.0,3750.0,3716.0,3728.0,nan,3730.0,457429,8531050850.0,1264201,3726.0,752,3724.0,937,nan,0,nan,0,nan,0,nan,0,nan,0,nan,0,nan,0,nan,0
1597988489317536000,1597988489000001024,2020-08-21 13:41:29.000001,3724.0,3750.0,3716.0,3728.0,nan,3730.0,457432,8531106800.0,1264204,3726.0,752,3724.0,934,nan,0,nan,0,nan,0,nan,0,nan,0,nan,0,nan,0,nan,0
1597988489836475904,1597988490000000000,2020-08-21 13:41:30.000000,3726.0,3750.0,3716.0,3728.0,nan,3730.0,457434,8531144100.0,1264204,3726.0,750,3724.0,936,nan,0,nan,0,nan,0,nan,0,nan,0,nan,0,nan,0,nan,0
1597988490316578048,1597988490000001024,2020-08-21 13:41:30.000001,3724.0,3750.0,3716.0,3728.0,nan,3730.0,457436,8531181400.0,1264206,3726.0,752,3724.0,934,nan,0,nan,0,nan,0,nan,0,nan,0,nan,0,nan,0,nan,0
1597988491346235904,1597988491000001024,2020-08-21 13:41:31.000001,3724.0,3750.0,3716.0,3728.0,nan,3730.0,457449,8531423850.0,1264195,3726.0,754,3724.0,922,nan,0,nan,0,nan,0,nan,0,nan,0,nan,0,nan,0,nan,0
1597988491834811904,1597988492000000000,2020-08-21 13:41:32.000000,3724.0,3750.0,3716.0,3728.0,nan,3730.0,457450,8531442500.0,1264195,3726.0,757,3724.0,922,nan,0,nan,0,nan,0,nan,0,nan,0,nan,0,nan,0,nan,0
1597988492312240896,1597988492000001024,2020-08-21 13:41:32.000001,3724.0,3750.0,3716.0,3728.0,nan,3730.0,457451,8531461150.0,1264195,3726.0,774,3724.0,921,nan,0,nan,0,nan,0,nan,0,nan,0,nan,0,nan,0,nan,0
1597988492840325888,1597988493000000000,2020-08-21 13:41:33.000000,3724.0,3750.0,3716.0,3728.0,nan,3730.0,457453,8531498450.0,1264197,3726.0,774,3724.0,919,nan,0,nan,0,nan,0,nan,0,nan,0,nan,0,nan,0,nan,0
1597988493311322112,1597988493000001024,2020-08-21 13:41:33.000001,3724.0,3750.0,3716.0,3728.0,nan,3730.0,457458,8531591700.0,1264197,3726.0,774,3724.0,924,nan,0,nan,0,nan,0,nan,0,nan,0,nan,0,nan,0,nan,0
1597988493832605952,1597988494000000000,2020-08-21 13:41:34.000000,3726.0,3750.0,3716.0,3728.0,nan,3730.0,457463,8531684950.0,1264193,3726.0,783,3724.0,923,nan,0,nan,0,nan,0,nan,0,nan,0,nan,0,nan,0,nan,0
1597988494316572928,1597988494000001024,2020-08-21 13:41:34.000001,3724.0,3750.0,3716.0,3728.0,nan,3730.0,457464,8531703600.0,1264193,3726.0,785,3724.0,923,nan,0,nan,0,nan,0,nan,0,nan,0,nan,0,nan,0,nan,0
1597988494820073984,1597988495000000000,2020-08-21 13:41:35.000000,3726.0,3750.0,3716.0,3728.0,nan,3730.0,457470,8531815500.0,1264193,3726.0,784,3724.0,920,nan,0,nan,0,nan,0,nan,0,nan,0,nan,0,nan,0,nan,0
1597988495306301952,1597988495000001024,2020-08-21 13:41:35.000001,3726.0,3750.0,3716.0,3728.0,nan,3730.0,457470,8531815500.0,1264193,3726.0,786,3724.0,921,nan,0,nan,0,nan,0,nan,0,nan,0,nan,0,nan,0,nan,0
1597988496300875008,1597988496000001024,2020-08-21 13:41:36.000001,3724.0,3750.0,3716.0,3728.0,nan,3730.0,457474,8531890100.0,1264189,3726.0,789,3724.0,918,nan,0,nan,0,nan,0,nan,0,nan,0,nan,0,nan,0,nan,0
1597988496833641984,1597988497000000000,2020-08-21 13:41:37.000000,3724.0,3750.0,3716.0,3728.0,nan,3730.0,457474,8531890100.0,1264189,3726.0,789,3724.0,919,nan,0,nan,0,nan,0,nan,0,nan,0,nan,0,nan,0,nan,0
1597988497339926016,1597988497000001024,2020-08-21 13:41:37.000001,3724.0,3750.0,3716.0,3728.0,nan,3730.0,457474,8531890100.0,1264189,3726.0,818,3724.0,919,nan,0,nan,0,nan,0,nan,0,nan,0,nan,0,nan,0,nan,0
1597988497835931904,1597988498000000000,2020-08-21 13:41:38.000000,3726.0,3750.0,3716.0,3728.0,nan,3730.0,457475,8531908750.0,1264189,3726.0,817,3724.0,919,nan,0,nan,0,nan,0,nan,0,nan,0,nan,0,nan,0,nan,0
1597988498313719040,1597988498000001024,2020-08-21 13:41:38.000001,3726.0,3750.0,3716.0,3728.0,nan,3730.0,457476,8531927400.0,1264188,3726.0,818,3724.0,919,nan,0,nan,0,nan,0,nan,0,nan,0,nan,0,nan,0,nan,0
1597988498829545984,1597988499000000000,2020-08-21 13:41:39.000000,3724.0,3750.0,3716.0,3728.0,nan,3730.0,457477,8531946050.0,1264188,3726.0,818,3724.0,922,nan,0,nan,0,nan,0,nan,0,nan,0,nan,0,nan,0,nan,0
1597988499310830080,1597988499000001024,2020-08-21 13:41:39.000001,3724.0,3750.0,3716.0,3728.0,nan,3730.0,457480,8532002000.0,1264188,3726.0,833,3724.0,919,nan,0,nan,0,nan,0,nan,0,nan,0,nan,0,nan,0,nan,0
1597988499833569024,1597988500000000000,2020-08-21 13:41:40.000000,3724.0,3750.0,3716.0,3728.0,nan,3730.0,457480,8532002000.0,1264188,3726.0,833,3724.0,920,nan,0,nan,0,nan,0,nan,0,nan,0,nan,0,nan,0,nan,0
1597988500318202880,1597988500000001024,2020-08-21 13:41:40.000001,3724.0,3750.0,3716.0,3728.0,nan,3730.0,457517,8532692050.0,1264224,3726.0,839,3724.0,883,nan,0,nan,0,nan,0,nan,0,nan,0,nan,0,nan,0,nan,0
1597988500823821056,1597988501000000000,2020-08-21 13:41:41.000000,3724.0,3750.0,3716.0,3728.0,nan,3730.0,457557,8533438050.0,1264263,3726.0,843,3724.0,843,nan,0,nan,0,nan,0,nan,0,nan,0,nan,0,nan,0,nan,0
1597988501311683072,1597988501000001024,2020-08-21 13:41:41.000001,3724.0,3750.0,3716.0,3728.0,nan,3730.0,457561,8533512650.0,1264267,3726.0,845,3724.0,839,nan,0,nan,0,nan,0,nan,0,nan,0,nan,0,nan,0,nan,0
1597988501834427904,1597988502000000000,2020-08-21 13:41:42.000000,3724.0,3750.0,3716.0,3728.0,nan,3730.0,457561,8533512650.0,1264267,3726.0,845,3724.0,841,nan,0,nan,0,nan,0,nan,0,nan,0,nan,0,nan,0,nan,0
1597988502314685952,1597988502000001024,2020-08-21 13:41:42.000001,3724.0,3750.0,3716.0,3728.0,nan,3730.0,457561,8533512650.0,1264267,3726.0,847,3724.0,841,nan,0,nan,0,nan,0,nan,0,nan,0,nan,0,nan,0,nan,0
1597988502836559104,1597988503000000000,2020-08-21 13:41:43.000000,3724.0,3750.0,3716.0,3728.0,nan,3730.0,457563,8533549950.0,1264267,3726.0,846,3724.0,839,nan,0,nan,0,nan,0,nan,0,nan,0,nan,0,nan,0,nan,0
1597988503344299008,1597988503000001024,2020-08-21 13:41:43.000001,3724.0,3750.0,3716.0,3728.0,nan,3730.0,457563,8533549950.0,1264267,3726.0,848,3724.0,857,nan,0,nan,0,nan,0,nan,0,nan,0,nan,0,nan,0,nan,0
1597988503828489984,1597988504000000000,2020-08-21 13:41:44.000000,3726.0,3750.0,3716.0,3728.0,nan,3730.0,457567,8533624550.0,1264263,3726.0,861,3724.0,857,nan,0,nan,0,nan,0,nan,0,nan,0,nan,0,nan,0,nan,0
