local_nano_time,quote_nano_time,datetime,last_price,highest,lowest,open,close,average,volume,amount,open_interest,ask_price1,ask_volume1,bid_price1,bid_volume1,ask_price2,ask_volume2,bid_price2,bid_volume2,ask_price3,ask_volume3,bid_price3,bid_volume3,ask_price4,ask_volume4,bid_price4,bid_volume4,ask_price5,ask_volume5,bid_price5,bid_volume5
1597988230363940096,1597988230868999936,2020-08-21 13:37:10.869000,2528.0,2558.0,2519.0,2558.0,nan,2537.0,41538,1053934260.0,17751,2528.0,208,2527.0,34,nan,0,nan,0,nan,0,nan,0,nan,0,nan,0,nan,0,nan,0
1597988230826473984,1597988231411000064,2020-08-21 13:37:11.411000,2528.0,2558.0,2519.0,2558.0,nan,2537.0,41538,1053934260.0,17751,2528.0,210,2527.0,34,nan,0,nan,0,nan,0,nan,0,nan,0,nan,0,nan,0,nan,0
1597988231324318976,1597988231885999872,2020-08-21 13:37:11.886000,2528.0,2558.0,2519.0,2558.0,nan,2537.0,41538,1053934260.0,17751,2528.0,245,2527.0,38,nan,0,nan,0,nan,0,nan,0,nan,0,nan,0,nan,0,nan,0
1597988235338882048,1597988235884999936,2020-08-21 13:37:15.885000,2527.0,2558.0,2519.0,2558.0,nan,2537.0,41539,1053959530.0,17751,2528.0,245,2527.0,37,nan,0,nan,0,nan,0,nan,0,nan,0,nan,0,nan,0,nan,0
1597988235827205888,1597988236432000000,2020-08-21 13:37:16.432000,2527.0,2558.0,2519.0,2558.0,nan,2537.0,41539,1053959530.0,17751,2528.0,245,2527.0,38,nan,0,nan,0,nan,0,nan,0,nan,0,nan,0,nan,0,nan,0
1597988236328357888,1597988236882999808,2020-08-21 13:37:16.883000,2527.0,2558.0,2519.0,2558.0,nan,2537.0,41540,1053984800.0,17750,2528.0,246,2527.0,37,nan,0,nan,0,nan,0,nan,0,nan,0,nan,0,nan,0,nan,0
1597988236829157120,1597988237412000000,2020-08-21 13:37:17.412000,2527.0,2558.0,2519.0,2558.0,nan,2537.0,41540,1053984800.0,17750,2528.0,246,2527.0,34,nan,0,nan,0,nan,0,nan,0,nan,0,nan,0,nan,0,nan,0
1597988237323837952,1597988237934000128,2020-08-21 13:37:17.934000,2527.0,2558.0,2519.0,2558.0,nan,2537.0,41541,1054010070.0,17749,2528.0,246,2527.0,33,nan,0,nan,0,nan,0,nan,0,nan,0,nan,0,nan,0,nan,0
1597988239338864896,1597988239932000000,2020-08-21 13:37:19.932000,2527.0,2558.0,2519.0,2558.0,nan,2537.0,41542,1054035340.0,17749,2528.0,246,2527.0,32,nan,0,nan,0,nan,0,nan,0,nan,0,nan,0,nan,0,nan,0
1597988240326134016,1597988240916000000,2020-08-21 13:37:20.916000,2527.0,2558.0,2519.0,2558.0,nan,2537.0,41542,1054035340.0,17749,2528.0,187,2527.0,32,nan,0,nan,0,nan,0,nan,0,nan,0,nan,0,nan,0,nan,0
1597988240824275968,1597988241423000064,2020-08-21 13:37:21.423000,2527.0,2558.0,2519.0,2558.0,nan,2537.0,41542,1054035340.0,17749,2528.0,201,2527.0,32,nan,0,nan,0,nan,0,nan,0,nan,0,nan,0,nan,0,nan,0
1597988244825602048,1597988245427000064,2020-08-21 13:37:25.427000,2527.0,2558.0,2519.0,2558.0,nan,2537.0,41542,1054035340.0,17749,2528.0,216,2527.0,32,nan,0,nan,0,nan,0,nan,0,nan,0,nan,0,nan,0,nan,0
1597988245342351872,1597988245882999808,2020-08-21 13:37:25.883000,2527.0,2558.0,2519.0,2558.0,nan,2537.0,41544,1054085880.0,17748,2528.0,216,2527.0,30,nan,0,nan,0,nan,0,nan,0,nan,0,nan,0,nan,0,nan,0
1597988245824227072,1597988246420000000,2020-08-21 13:37:26.420000,2527.0,2558.0,2519.0,2558.0,nan,2537.0,41544,1054085880.0,17748,2528.0,216,2527.0,32,nan,0,nan,0,nan,0,nan,0,nan,0,nan,0,nan,0,nan,0
1597988250327331072,1597988250921999872,2020-08-21 13:37:30.922000,2527.0,2558.0,2519.0,2558.0,nan,2537.0,41546,1054136420.0,17748,2528.0,216,2527.0,30,nan,0,nan,0,nan,0,nan,0,nan,0,nan,0,nan,0,nan,0
1597988250826722048,1597988251436000000,2020-08-21 13:37:31.436000,2527.0,2558.0,2519.0,2558.0,nan,2537.0,41605,1055627350.0,17736,2528.0,192,2526.0,22,nan,0,nan,0,nan,0,nan,0,nan,0,nan,0,nan,0,nan,0
1597988251348506880,1597988251900999936,2020-08-21 13:37:31.901000,2527.0,2558.0,2519.0,2558.0,nan,2537.0,41605,1055627350.0,17736,2528.0,192,2526.0,24,nan,0,nan,0,nan,0,nan,0,nan,0,nan,0,nan,0,nan,0
1597988252827696128,1597988253405999872,2020-08-21 13:37:33.406000,2527.0,2558.0,2519.0,2558.0,nan,2537.0,41605,1055627350.0,17736,2528.0,192,2526.0,30,nan,0,nan,0,nan,0,nan,0,nan,0,nan,0,nan,0,nan,0
1597988253335354112,1597988253860999936,2020-08-21 13:37:33.861000,2527.0,2558.0,2519.0,2558.0,nan,2537.0,41605,1055627350.0,17736,2528.0,192,2527.0,11,nan,0,nan,0,nan,0,nan,0,nan,0,nan,0,nan,0,nan,0
1597988253844549120,1597988254438999808,2020-08-21 13:37:34.439000,2527.0,2558.0,2519.0,2558.0,nan,2537.0,41605,1055627350.0,17736,2528.0,187,2527.0,22,nan,0,nan,0,nan,0,nan,0,nan,0,nan,0,nan,0,nan,0
1597988254347206912,1597988254935000064,2020-08-21 13:37:34.935000,2528.0,2558.0,2519.0,2558.0,nan,2537.0,41630,1056259350.0,17761,2528.0,165,2527.0,29,nan,0,nan,0,nan,0,nan,0,nan,0,nan,0,nan,0,nan,0
1597988254857800960,1597988255433000192,2020-08-21 13:37:35.433000,2528.0,2558.0,2519.0,2558.0,nan,2537.0,41654,1056866060.0,17781,2528.0,142,2527.0,30,nan,0,nan,0,nan,0,nan,0,nan,0,nan,0,nan,0,nan,0
1597988255331988992,1597988255928000000,2020-08-21 13:37:35.928000,2528.0,2558.0,2519.0,2558.0,nan,2537.0,41657,1056941900.0,17781,2528.0,139,2527.0,29,nan,0,nan,0,nan,0,nan,0,nan,0,nan,0,nan,0,nan,0
1597988255834824960,1597988256426000128,2020-08-21 13:37:36.426000,2528.0,2558.0,2519.0,2558.0,nan,2537.0,41657,1056941900.0,17781,2528.0,144,2527.0,29,nan,0,nan,0,nan,0,nan,0,nan,0,nan,0,nan,0,nan,0
1597988256338245120,1597988256924999936,2020-08-21 13:37:36.925000,2528.0,2558.0,2519.0,2558.0,nan,2537.0,41658,1056967180.0,17781,2528.0,143,2527.0,29,nan,0,nan,0,nan,0,nan,0,nan,0,nan,0,nan,0,nan,0
1597988258337939968,1597988258935000064,2020-08-21 13:37:38.935000,2528.0,2558.0,2519.0,2558.0,nan,2537.0,41658,1056967180.0,17781,2528.0,143,2527.0,29,nan,0,nan,0,nan,0,nan,0,nan,0,nan,0,nan,0,nan,0
1597988259825134080,1597988260424999936,2020-08-21 13:37:40.425000,2528.0,2558.0,2519.0,2558.0,nan,2537.0,41658,1056967180.0,17781,2528.0,143,2527.0,30,nan,0,nan,0,nan,0,nan,0,nan,0,nan,0,nan,0,nan,0
1597988260826876928,1597988261434000128,2020-08-21 13:37:41.434000,2528.0,2558.0,2519.0,2558.0,nan,2537.0,41658,1056967180.0,17781,2528.0,203,2527.0,29,nan,0,nan,0,nan,0,nan,0,nan,0,nan,0,nan,0,nan,0
1597988261824995072,1597988262435000064,2020-08-21 13:37:42.435000,2528.0,2558.0,2519.0,2558.0,nan,2537.0,41658,1056967180.0,17781,2528.0,203,2527.0,47,nan,0,nan,0,nan,0,nan,0,nan,0,nan,0,nan,0,nan,0
1597988262342361088,1597988262901999872,2020-08-21 13:37:42.902000,2528.0,2558.0,2519.0,2558.0,nan,2537.0,41659,1056992460.0,17781,2528.0,203,2527.0,47,nan,0,nan,0,nan,0,nan,0,nan,0,nan,0,nan,0,nan,0
1597988263832455936,1597988264433000192,2020-08-21 13:37:44.433000,2528.0,2558.0,2519.0,2558.0,nan,2537.0,41659,1056992460.0,17781,2528.0,202,2527.0,50,nan,0,nan,0,nan,0,nan,0,nan,0,nan,0,nan,0,nan,0
1597988264344419072,1597988264935000064,2020-08-21 13:37:44.935000,2528.0,2558.0,2519.0,2558.0,nan,2537.0,41659,1056992460.0,17781,2528.0,202,2527.0,52,nan,0,nan,0,nan,0,nan,0,nan,0,nan,0,nan,0,nan,0
1597988264832911872,1597988265412000000,2020-08-21 13:37:45.412000,2528.0,2558.0,2519.0,2558.0,nan,2537.0,41659,1056992460.0,17781,2528.0,203,2527.0,48,nan,0,nan,0,nan,0,nan,0,nan,0,nan,0,nan,0,nan,0
1597988265829817088,1597988266424999936,2020-08-21 13:37:46.425000,2528.0,2558.0,2519.0,2558.0,nan,2537.0,41659,1056992460.0,17781,2528.0,203,2527.0,67,nan,0,nan,0,nan,0,nan,0,nan,0,nan,0,nan,0,nan,0
1597988267330892032,1597988267938999808,2020-08-21 13:37:47.939000,2528.0,2558.0,2519.0,2558.0,nan,2537.0,41660,1057017740.0,17781,2528.0,202,2527.0,67,nan,0,nan,0,nan,0,nan,0,nan,0,nan,0,nan,0,nan,0
1597988268331288064,1597988268918999808,2020-08-21 13:37:48.919000,2528.0,2558.0,2519.0,2558.0,nan,2537.0,41660,1057017740.0,17781,2528.0,202,2527.0,68,nan,0,nan,0,nan,0,nan,0,nan,0,nan,0,nan,0,nan,0
1597988268828854016,1597988269407000064,2020-08-21 13:37:49.407000,2528.0,2558.0,2519.0,2558.0,nan,2537.0,41661,1057043020.0,17781,2528.0,202,2527.0,67,nan,0,nan,0,nan,0,nan,0,nan,0,nan,0,nan,0,nan,0
1597988274828549120,1597988275411000064,2020-08-21 13:37:55.411000,2528.0,2558.0,2519.0,2558.0,nan,2537.0,41662,1057068300.0,17781,2528.0,201,2527.0,67,nan,0,nan,0,nan,0,nan,0,nan,0,nan,0,nan,0,nan,0
1597988275351505920,1597988275917999872,2020-08-21 13:37:55.918000,2528.0,2558.0,2519.0,2558.0,nan,2537.0,41663,1057093580.0,17781,2528.0,200,2527.0,67,nan,0,nan,0,nan,0,nan,0,nan,0,nan,0,nan,0,nan,0
1597988279827886080,1597988280428999936,2020-08-21 13:38:00.429000,2528.0,2558.0,2519.0,2558.0,nan,2537.0,41663,1057093580.0,17781,2528.0,201,2527.0,67,nan,0,nan,0,nan,0,nan,0,nan,0,nan,0,nan,0,nan,0
1597988281345428992,1597988281912000000,2020-08-21 13:38:01.912000,2528.0,2558.0,2519.0,2558.0,nan,2537.0,41663,1057093580.0,17781,2528.0,204,2527.0,67,nan,0,nan,0,nan,0,nan,0,nan,0,nan,0,nan,0,nan,0
1597988282325581056,1597988282903000064,2020-08-21 13:38:02.903000,2528.0,2558.0,2519.0,2558.0,nan,2537.0,41663,1057093580.0,17781,2528.0,204,2527.0,72,nan,0,nan,0,nan,0,nan,0,nan,0,nan,0,nan,0,nan,0
1597988284825871104,1597988285413000192,2020-08-21 13:38:05.413000,2527.0,2558.0,2519.0,2558.0,nan,2537.0,41664,1057118850.0,17782,2528.0,204,2527.0,72,nan,0,nan,0,nan,0,nan,0,nan,0,nan,0,nan,0,nan,0
1597988287824640000,1597988288436999936,2020-08-21 13:38:08.437000,2527.0,2558.0,2519.0,2558.0,nan,2537.0,41664,1057118850.0,17782,2528.0,205,2527.0,72,nan,0,nan,0,nan,0,nan,0,nan,0,nan,0,nan,0,nan,0
1597988289825384960,1597988290416999936,2020-08-21 13:38:10.417000,2527.0,2558.0,2519.0,2558.0,nan,2537.0,41664,1057118850.0,17782,2528.0,155,2527.0,72,nan,0,nan,0,nan,0,nan,0,nan,0,nan,0,nan,0,nan,0
1597988290347176960,1597988290920000000,2020-08-21 13:38:10.920000,2527.0,2558.0,2519.0,2558.0,nan,2537.0,41664,1057118850.0,17782,2528.0,145,2527.0,72,nan,0,nan,0,nan,0,nan,0,nan,0,nan,0,nan,0,nan,0
1597988291834024960,1597988292433000192,2020-08-21 13:38:12.433000,2528.0,2558.0,2519.0,2558.0,nan,2537.0,41669,1057245250.0,17782,2528.0,140,2527.0,72,nan,0,nan,0,nan,0,nan,0,nan,0,nan,0,nan,0,nan,0
1597988292826522112,1597988293428000000,2020-08-21 13:38:13.428000,2528.0,2558.0,2519.0,2558.0,nan,2537.0,41670,1057270530.0,17782,2528.0,139,2527.0,72,nan,0,nan,0,nan,0,nan,0,nan,0,nan,0,nan,0,nan,0
1597988294324884992,1597988294933000192,2020-08-21 13:38:14.933000,2528.0,2558.0,2519.0,2558.0,nan,2537.0,41675,1057396930.0,17782,2528.0,134,2527.0,72,nan,0,nan,0,nan,0,nan,0,nan,0,nan,0,nan,0,nan,0
1597988299343928064,1597988299877000192,2020-08-21 13:38:19.877000,2528.0,2558.0,2519.0,2558.0,nan,2537.0,41676,1057422210.0,17782,2528.0,133,2527.0,71,nan,0,nan,0,nan,0,nan,0,nan,0,nan,0,nan,0,nan,0
1597988300325083904,1597988300813999872,2020-08-21 13:38:20.814000,2528.0,2558.0,2519.0,2558.0,nan,2537.0,41676,1057422210.0,17782,2528.0,196,2527.0,71,nan,0,nan,0,nan,0,nan,0,nan,0,nan,0,nan,0,nan,0
1597988301453076992,1597988301933000192,2020-08-21 13:38:21.933000,2528.0,2558.0,2519.0,2558.0,nan,2537.0,41677,1057447490.0,17781,2528.0,196,2527.0,71,nan,0,nan,0,nan,0,nan,0,nan,0,nan,0,nan,0,nan,0
1597988302830521088,1597988303398000128,2020-08-21 13:38:23.398000,2528.0,2558.0,2519.0,2558.0,nan,2537.0,41678,1057472770.0,17781,2528.0,195,2527.0,71,nan,0,nan,0,nan,0,nan,0,nan,0,nan,0,nan,0,nan,0
1597988303324936960,1597988303917999872,2020-08-21 13:38:23.918000,2528.0,2558.0,2519.0,2558.0,nan,2537.0,41678,1057472770.0,17781,2528.0,196,2527.0,71,nan,0,nan,0,nan,0,nan,0,nan,0,nan,0,nan,0,nan,0
1597988304323588096,1597988304887000064,2020-08-21 13:38:24.887000,2527.0,2558.0,2519.0,2558.0,nan,2537.0,41679,1057498040.0,17781,2528.0,196,2527.0,70,nan,0,nan,0,nan,0,nan,0,nan,0,nan,0,nan,0,nan,0
1597988306826434048,1597988307398000128,2020-08-21 13:38:27.398000,2527.0,2558.0,2519.0,2558.0,nan,2537.0,41679,1057498040.0,17781,2528.0,196,2527.0,75,nan,0,nan,0,nan,0,nan,0,nan,0,nan,0,nan,0,nan,0
1597988310392435968,1597988310916000000,2020-08-21 13:38:30.916000,2527.0,2558.0,2519.0,2558.0,nan,2537.0,41679,1057498040.0,17781,2528.0,146,2527.0,75,nan,0,nan,0,nan,0,nan,0,nan,0,nan,0,nan,0,nan,0
1597988310832946944,1597988311384000000,2020-08-21 13:38:31.384000,2528.0,2558.0,2519.0,2558.0,nan,2537.0,41680,1057523320.0,17781,2528.0,135,2527.0,74,nan,0,nan,0,nan,0,nan,0,nan,0,nan,0,nan,0,nan,0
1597988312327537920,1597988312916999936,2020-08-21 13:38:32.917000,2528.0,2558.0,2519.0,2558.0,nan,2537.0,41680,1057523320.0,17781,2528.0,135,2527.0,76,nan,0,nan,0,nan,0,nan,0,nan,0,nan,0,nan,0,nan,0
1597988312829127936,1597988313424000000,2020-08-21 13:38:33.424000,2528.0,2558.0,2519.0,2558.0,nan,2537.0,41682,1057573880.0,17781,2528.0,133,2527.0,74,nan,0,nan,0,nan,0,nan,0,nan,0,nan,0,nan,0,nan,0
1597988317822766080,1597988318420999936,2020-08-21 13:38:38.421000,2527.0,2558.0,2519.0,2558.0,nan,2537.0,41683,1057599150.0,17782,2528.0,133,2527.0,73,nan,0,nan,0,nan,0,nan,0,nan,0,nan,0,nan,0,nan,0
1597988318322066944,1597988318844999936,2020-08-21 13:38:38.845000,2527.0,2558.0,2519.0,2558.0,nan,2537.0,41683,1057599150.0,17782,2528.0,136,2527.0,73,nan,0,nan,0,nan,0,nan,0,nan,0,nan,0,nan,0,nan,0
1597988320356596992,1597988320926000128,2020-08-21 13:38:40.926000,2527.0,2558.0,2519.0,2558.0,nan,2537.0,41743,1059115350.0,17773,2528.0,136,2526.0,35,nan,0,nan,0,nan,0,nan,0,nan,0,nan,0,nan,0,nan,0
1597988320825331968,1597988321404000000,2020-08-21 13:38:41.404000,2527.0,2558.0,2519.0,2558.0,nan,2537.0,41744,1059140620.0,17773,2528.0,141,2526.0,35,nan,0,nan,0,nan,0,nan,0,nan,0,nan,0,nan,0,nan,0
1597988321825259008,1597988322233999872,2020-08-21 13:38:42.234000,2527.0,2558.0,2519.0,2558.0,nan,2537.0,41745,1059165890.0,17774,2528.0,141,2526.0,35,nan,0,nan,0,nan,0,nan,0,nan,0,nan,0,nan,0,nan,0
1597988322321809920,1597988322844999936,2020-08-21 13:38:42.845000,2527.0,2558.0,2519.0,2558.0,nan,2537.0,41746,1059191160.0,17774,2528.0,141,2526.0,35,nan,0,nan,0,nan,0,nan,0,nan,0,nan,0,nan,0,nan,0
1597988327900931072,1597988328431000064,2020-08-21 13:38:48.431000,2527.0,2558.0,2519.0,2558.0,nan,2537.0,41747,1059216430.0,17775,2528.0,141,2526.0,35,nan,0,nan,0,nan,0,nan,0,nan,0,nan,0,nan,0,nan,0
1597988328462974976,1597988328825999872,2020-08-21 13:38:48.826000,2527.0,2558.0,2519.0,2558.0,nan,2537.0,41752,1059342780.0,17780,2528.0,141,2526.0,35,nan,0,nan,0,nan,0,nan,0,nan,0,nan,0,nan,0,nan,0
1597988328841807104,1597988329380999936,2020-08-21 13:38:49.381000,2527.0,2558.0,2519.0,2558.0,nan,2537.0,41756,1059443860.0,17784,2528.0,141,2526.0,35,nan,0,nan,0,nan,0,nan,0,nan,0,nan,0,nan,0,nan,0
1597988329480148992,1597988329930000128,2020-08-21 13:38:49.930000,2527.0,2558.0,2519.0,2558.0,nan,2537.0,41756,1059443860.0,17784,2527.0,4,2526.0,35,nan,0,nan,0,nan,0,nan,0,nan,0,nan,0,nan,0,nan,0
1597988329863781120,1597988330387000064,2020-08-21 13:38:50.387000,2527.0,2558.0,2519.0,2558.0,nan,2537.0,41758,1059494400.0,17786,2527.0,45,2526.0,35,nan,0,nan,0,nan,0,nan,0,nan,0,nan,0,nan,0,nan,0
1597988331821604096,1597988332421999872,2020-08-21 13:38:52.422000,2527.0,2558.0,2519.0,2558.0,nan,2537.0,41758,1059494400.0,17786,2527.0,62,2526.0,35,nan,0,nan,0,nan,0,nan,0,nan,0,nan,0,nan,0,nan,0
1597988332350486016,1597988332829999872,2020-08-21 13:38:52.830000,2527.0,2558.0,2519.0,2558.0,nan,2537.0,41760,1059544940.0,17788,2527.0,62,2526.0,35,nan,0,nan,0,nan,0,nan,0,nan,0,nan,0,nan,0,nan,0
1597988332822967040,1597988333286000128,2020-08-21 13:38:53.286000,2527.0,2558.0,2519.0,2558.0,nan,2537.0,41760,1059544940.0,17788,2527.0,68,2526.0,35,nan,0,nan,0,nan,0,nan,0,nan,0,nan,0,nan,0,nan,0
1597988334322405888,1597988334921999872,2020-08-21 13:38:54.922000,2527.0,2558.0,2519.0,2558.0,nan,2537.0,41760,1059544940.0,17788,2527.0,68,2526.0,32,nan,0,nan,0,nan,0,nan,0,nan,0,nan,0,nan,0,nan,0
1597988334844197888,1597988335376000000,2020-08-21 13:38:55.376000,2527.0,2558.0,2519.0,2558.0,nan,2537.0,41760,1059544940.0,17788,2527.0,70,2526.0,32,nan,0,nan,0,nan,0,nan,0,nan,0,nan,0,nan,0,nan,0
1597988336332398080,1597988336936000000,2020-08-21 13:38:56.936000,2527.0,2558.0,2519.0,2558.0,nan,2537.0,41760,1059544940.0,17788,2527.0,70,2526.0,33,nan,0,nan,0,nan,0,nan,0,nan,0,nan,0,nan,0,nan,0
1597988339825884928,1597988340432000000,2020-08-21 13:39:00.432000,2527.0,2558.0,2519.0,2558.0,nan,2537.0,41760,1059544940.0,17788,2527.0,165,2526.0,33,nan,0,nan,0,nan,0,nan,0,nan,0,nan,0,nan,0,nan,0
1597988340330391040,1597988340924000000,2020-08-21 13:39:00.924000,2526.0,2558.0,2519.0,2558.0,nan,2537.0,41789,1060277480.0,17779,2526.0,1,2525.0,234,nan,0,nan,0,nan,0,nan,0,nan,0,nan,0,nan,0,nan,0
1597988340847738112,1597988341415000064,2020-08-21 13:39:01.415000,2526.0,2558.0,2519.0,2558.0,nan,2537.0,41801,1060580600.0,17776,2527.0,182,2525.0,234,nan,0,nan,0,nan,0,nan,0,nan,0,nan,0,nan,0,nan,0
1597988341333403904,1597988341923000064,2020-08-21 13:39:01.923000,2525.0,2558.0,2519.0,2558.0,nan,2537.0,42032,1066413350.0,17596,2526.0,28,2525.0,2,nan,0,nan,0,nan,0,nan,0,nan,0,nan,0,nan,0,nan,0
1597988341884676096,1597988342410000128,2020-08-21 13:39:02.410000,2525.0,2558.0,2519.0,2558.0,nan,2537.0,42045,1066741600.0,17607,2526.0,29,2524.0,31,nan,0,nan,0,nan,0,nan,0,nan,0,nan,0,nan,0,nan,0
1597988342325719040,1597988342924999936,2020-08-21 13:39:02.925000,2525.0,2558.0,2519.0,2558.0,nan,2537.0,42048,1066817350.0,17610,2526.0,36,2524.0,31,nan,0,nan,0,nan,0,nan,0,nan,0,nan,0,nan,0,nan,0
1597988344350618112,1597988344901999872,2020-08-21 13:39:04.902000,2525.0,2558.0,2519.0,2558.0,nan,2537.0,42048,1066817350.0,17610,2526.0,36,2524.0,26,nan,0,nan,0,nan,0,nan,0,nan,0,nan,0,nan,0,nan,0
1597988346414919936,1597988346908000000,2020-08-21 13:39:06.908000,2524.0,2558.0,2519.0,2558.0,nan,2537.0,42050,1066867840.0,17609,2525.0,1,2524.0,32,nan,0,nan,0,nan,0,nan,0,nan,0,nan,0,nan,0,nan,0
1597988346930236928,1597988347420999936,2020-08-21 13:39:07.421000,2525.0,2558.0,2519.0,2558.0,nan,2537.0,42057,1067044550.0,17612,2526.0,31,2524.0,27,nan,0,nan,0,nan,0,nan,0,nan,0,nan,0,nan,0,nan,0
1597988347387002112,1597988347923000064,2020-08-21 13:39:07.923000,2525.0,2558.0,2519.0,2558.0,nan,2537.0,42057,1067044550.0,17612,2525.0,1,2524.0,27,nan,0,nan,0,nan,0,nan,0,nan,0,nan,0,nan,0,nan,0
1597988347822827008,1597988348233999872,2020-08-21 13:39:08.234000,2525.0,2558.0,2519.0,2558.0,nan,2537.0,42057,1067044550.0,17612,2525.0,10,2524.0,27,nan,0,nan,0,nan,0,nan,0,nan,0,nan,0,nan,0,nan,0
1597988348326750976,1597988348896000000,2020-08-21 13:39:08.896000,2525.0,2558.0,2519.0,2558.0,nan,2537.0,42058,1067069800.0,17613,2525.0,9,2524.0,27,nan,0,nan,0,nan,0,nan,0,nan,0,nan,0,nan,0,nan,0
1597988348832855040,1597988349437999872,2020-08-21 13:39:09.438000,2525.0,2558.0,2519.0,2558.0,nan,2537.0,42058,1067069800.0,17613,2525.0,9,2524.0,28,nan,0,nan,0,nan,0,nan,0,nan,0,nan,0,nan,0,nan,0
1597988349331065088,1597988349898000128,2020-08-21 13:39:09.898000,2525.0,2558.0,2519.0,2558.0,nan,2537.0,42058,1067069800.0,17613,2525.0,9,2524.0,29,nan,0,nan,0,nan,0,nan,0,nan,0,nan,0,nan,0,nan,0
1597988350888784896,1597988351400000000,2020-08-21 13:39:11.400000,2525.0,2558.0,2519.0,2558.0,nan,2537.0,42058,1067069800.0,17613,2525.0,9,2524.0,35,nan,0,nan,0,nan,0,nan,0,nan,0,nan,0,nan,0,nan,0
1597988352909445888,1597988353398000128,2020-08-21 13:39:13.398000,2525.0,2558.0,2519.0,2558.0,nan,2537.0,42058,1067069800.0,17613,2525.0,9,2524.0,37,nan,0,nan,0,nan,0,nan,0,nan,0,nan,0,nan,0,nan,0
1597988355322448896,1597988355915000064,2020-08-21 13:39:15.915000,2525.0,2558.0,2519.0,2558.0,nan,2537.0,42059,1067095050.0,17614,2525.0,8,2524.0,37,nan,0,nan,0,nan,0,nan,0,nan,0,nan,0,nan,0,nan,0
1597988358326790912,1597988358892000000,2020-08-21 13:39:18.892000,2524.0,2558.0,2519.0,2558.0,nan,2537.0,42060,1067120290.0,17615,2525.0,8,2524.0,37,nan,0,nan,0,nan,0,nan,0,nan,0,nan,0,nan,0,nan,0
1597988358823122944,1597988359382999808,2020-08-21 13:39:19.383000,2525.0,2558.0,2519.0,2558.0,nan,2537.0,42068,1067322290.0,17618,2525.0,1,2524.0,37,nan,0,nan,0,nan,0,nan,0,nan,0,nan,0,nan,0,nan,0
1597988359335920896,1597988359923000064,2020-08-21 13:39:19.923000,2525.0,2558.0,2519.0,2558.0,nan,2537.0,42072,1067423290.0,17622,2525.0,5,2524.0,37,nan,0,nan,0,nan,0,nan,0,nan,0,nan,0,nan,0,nan,0
1597988360325801984,1597988360828999936,2020-08-21 13:39:20.829000,2525.0,2558.0,2519.0,2558.0,nan,2537.0,42072,1067423290.0,17622,2525.0,128,2524.0,29,nan,0,nan,0,nan,0,nan,0,nan,0,nan,0,nan,0,nan,0
1597988361824795904,1597988362324000000,2020-08-21 13:39:22.324000,2525.0,2558.0,2519.0,2558.0,nan,2537.0,42072,1067423290.0,17622,2525.0,128,2524.0,38,nan,0,nan,0,nan,0,nan,0,nan,0,nan,0,nan,0,nan,0
1597988367329235968,1597988367828999936,2020-08-21 13:39:27.829000,2525.0,2558.0,2519.0,2558.0,nan,2537.0,42073,1067448540.0,17622,2525.0,128,2524.0,37,nan,0,nan,0,nan,0,nan,0,nan,0,nan,0,nan,0,nan,0
1597988371823514112,1597988372376000000,2020-08-21 13:39:32.376000,2525.0,2558.0,2519.0,2558.0,nan,2537.0,42074,1067473790.0,17622,2525.0,127,2524.0,37,nan,0,nan,0,nan,0,nan,0,nan,0,nan,0,nan,0,nan,0
1597988374822849024,1597988375405999872,2020-08-21 13:39:35.406000,2524.0,2558.0,2519.0,2558.0,nan,2537.0,42075,1067499030.0,17622,2525.0,127,2524.0,36,nan,0,nan,0,nan,0,nan,0,nan,0,nan,0,nan,0,nan,0
1597988381324994048,1597988381852999936,2020-08-21 13:39:41.853000,2524.0,2558.0,2519.0,2558.0,nan,2537.0,42075,1067499030.0,17622,2525.0,115,2524.0,36,nan,0,nan,0,nan,0,nan,0,nan,0,nan,0,nan,0,nan,0
1597988386337242880,1597988386910000128,2020-08-21 13:39:46.910000,2525.0,2558.0,2519.0,2558.0,nan,2537.0,42078,1067574780.0,17622,2525.0,117,2524.0,36,nan,0,nan,0,nan,0,nan,0,nan,0,nan,0,nan,0,nan,0
1597988386823354112,1597988387396000000,2020-08-21 13:39:47.396000,2525.0,2558.0,2519.0,2558.0,nan,2537.0,42078,1067574780.0,17622,2525.0,120,2524.0,36,nan,0,nan,0,nan,0,nan,0,nan,0,nan,0,nan,0,nan,0
1597988387323076096,1597988387829999872,2020-08-21 13:39:47.830000,2525.0,2558.0,2519.0,2558.0,nan,2537.0,42078,1067574780.0,17622,2525.0,124,2524.0,40,nan,0,nan,0,nan,0,nan,0,nan,0,nan,0,nan,0,nan,0
1597988389333969920,1597988389934000128,2020-08-21 13:39:49.934000,2525.0,2558.0,2519.0,2558.0,nan,2537.0,42078,1067574780.0,17622,2525.0,124,2524.0,41,nan,0,nan,0,nan,0,nan,0,nan,0,nan,0,nan,0,nan,0
1597988389824069888,1597988390432000000,2020-08-21 13:39:50.432000,2525.0,2558.0,2519.0,2558.0,nan,2537.0,42078,1067574780.0,17622,2525.0,125,2524.0,41,nan,0,nan,0,nan,0,nan,0,nan,0,nan,0,nan,0,nan,0
1597988390326935040,1597988390937999872,2020-08-21 13:39:50.938000,2525.0,2558.0,2519.0,2558.0,nan,2537.0,42078,1067574780.0,17622,2525.0,127,2524.0,41,nan,0,nan,0,nan,0,nan,0,nan,0,nan,0,nan,0,nan,0
1597988391323533056,1597988391932000000,2020-08-21 13:39:51.932000,2525.0,2558.0,2519.0,2558.0,nan,2537.0,42078,1067574780.0,17622,2525.0,139,2524.0,41,nan,0,nan,0,nan,0,nan,0,nan,0,nan,0,nan,0,nan,0
1597988391823738880,1597988392398000128,2020-08-21 13:39:52.398000,2525.0,2558.0,2519.0,2558.0,nan,2537.0,42078,1067574780.0,17622,2525.0,139,2524.0,43,nan,0,nan,0,nan,0,nan,0,nan,0,nan,0,nan,0,nan,0
1597988393323453952,1597988393868000000,2020-08-21 13:39:53.868000,2525.0,2558.0,2519.0,2558.0,nan,2537.0,42078,1067574780.0,17622,2525.0,139,2524.0,48,nan,0,nan,0,nan,0,nan,0,nan,0,nan,0,nan,0,nan,0
1597988394324133888,1597988394832999936,2020-08-21 13:39:54.833000,2525.0,2558.0,2519.0,2558.0,nan,2537.0,42078,1067574780.0,17622,2525.0,140,2524.0,48,nan,0,nan,0,nan,0,nan,0,nan,0,nan,0,nan,0,nan,0
1597988397358796032,1597988397901999872,2020-08-21 13:39:57.902000,2525.0,2558.0,2519.0,2558.0,nan,2537.0,42078,1067574780.0,17622,2525.0,140,2524.0,50,nan,0,nan,0,nan,0,nan,0,nan,0,nan,0,nan,0,nan,0
1597988397947934976,1597988398377000192,2020-08-21 13:39:58.377000,2525.0,2558.0,2519.0,2558.0,nan,2537.0,42078,1067574780.0,17622,2525.0,140,2524.0,51,nan,0,nan,0,nan,0,nan,0,nan,0,nan,0,nan,0,nan,0
1597988401822340096,1597988402352999936,2020-08-21 13:40:02.353000,2525.0,2558.0,2519.0,2558.0,nan,2537.0,42078,1067574780.0,17622,2525.0,143,2524.0,51,nan,0,nan,0,nan,0,nan,0,nan,0,nan,0,nan,0,nan,0
1597988407343152128,1597988407839000064,2020-08-21 13:40:07.839000,2525.0,2558.0,2519.0,2558.0,nan,2537.0,42079,1067600030.0,17621,2525.0,143,2524.0,51,nan,0,nan,0,nan,0,nan,0,nan,0,nan,0,nan,0,nan,0
1597988407822265088,1597988408331000064,2020-08-21 13:40:08.331000,2525.0,2558.0,2519.0,2558.0,nan,2537.0,42079,1067600030.0,17621,2525.0,143,2524.0,53,nan,0,nan,0,nan,0,nan,0,nan,0,nan,0,nan,0,nan,0
1597988408322001920,1597988408907000064,2020-08-21 13:40:08.907000,2525.0,2558.0,2519.0,2558.0,nan,2537.0,42079,1067600030.0,17621,2525.0,143,2524.0,103,nan,0,nan,0,nan,0,nan,0,nan,0,nan,0,nan,0,nan,0
1597988409822633984,1597988410403000064,2020-08-21 13:40:10.403000,2525.0,2558.0,2519.0,2558.0,nan,2537.0,42080,1067625280.0,17621,2525.0,144,2524.0,103,nan,0,nan,0,nan,0,nan,0,nan,0,nan,0,nan,0,nan,0
1597988410340608000,1597988410824999936,2020-08-21 13:40:10.825000,2525.0,2558.0,2519.0,2558.0,nan,2537.0,42080,1067625280.0,17621,2525.0,146,2524.0,103,nan,0,nan,0,nan,0,nan,0,nan,0,nan,0,nan,0,nan,0
1597988410825619968,1597988411436000000,2020-08-21 13:40:11.436000,2525.0,2558.0,2519.0,2558.0,nan,2537.0,42081,1067650530.0,17621,2525.0,145,2524.0,103,nan,0,nan,0,nan,0,nan,0,nan,0,nan,0,nan,0,nan,0
1597988412834868992,1597988413415000064,2020-08-21 13:40:13.415000,2525.0,2558.0,2519.0,2558.0,nan,2537.0,42082,1067675780.0,17621,2525.0,144,2524.0,103,nan,0,nan,0,nan,0,nan,0,nan,0,nan,0,nan,0,nan,0
1597988413343428096,1597988413832999936,2020-08-21 13:40:13.833000,2525.0,2558.0,2519.0,2558.0,nan,2537.0,42082,1067675780.0,17621,2525.0,144,2524.0,104,nan,0,nan,0,nan,0,nan,0,nan,0,nan,0,nan,0,nan,0
1597988418323693056,1597988418917999872,2020-08-21 13:40:18.918000,2525.0,2558.0,2519.0,2558.0,nan,2537.0,42083,1067701030.0,17621,2525.0,143,2524.0,104,nan,0,nan,0,nan,0,nan,0,nan,0,nan,0,nan,0,nan,0
1597988420324651008,1597988420932000000,2020-08-21 13:40:20.932000,2525.0,2558.0,2519.0,2558.0,nan,2537.0,42083,1067701030.0,17621,2525.0,146,2524.0,104,nan,0,nan,0,nan,0,nan,0,nan,0,nan,0,nan,0,nan,0
1597988420824463872,1597988421364999936,2020-08-21 13:40:21.365000,2525.0,2558.0,2519.0,2558.0,nan,2537.0,42083,1067701030.0,17621,2525.0,149,2524.0,104,nan,0,nan,0,nan,0,nan,0,nan,0,nan,0,nan,0,nan,0
1597988421321520896,1597988421831000064,2020-08-21 13:40:21.831000,2525.0,2558.0,2519.0,2558.0,nan,2537.0,42083,1067701030.0,17621,2525.0,152,2524.0,104,nan,0,nan,0,nan,0,nan,0,nan,0,nan,0,nan,0,nan,0
1597988426868093952,1597988427434000128,2020-08-21 13:40:27.434000,2525.0,2558.0,2519.0,2558.0,nan,2537.0,42084,1067726280.0,17621,2525.0,156,2524.0,104,nan,0,nan,0,nan,0,nan,0,nan,0,nan,0,nan,0,nan,0
1597988429826522880,1597988430434000128,2020-08-21 13:40:30.434000,2525.0,2558.0,2519.0,2558.0,nan,2537.0,42084,1067726280.0,17621,2525.0,157,2524.0,104,nan,0,nan,0,nan,0,nan,0,nan,0,nan,0,nan,0,nan,0
1597988432324164096,1597988432936999936,2020-08-21 13:40:32.937000,2525.0,2558.0,2519.0,2558.0,nan,2537.0,42084,1067726280.0,17621,2525.0,157,2524.0,105,nan,0,nan,0,nan,0,nan,0,nan,0,nan,0,nan,0,nan,0
1597988436333257984,1597988436740000000,2020-08-21 13:40:36.740000,2525.0,2558.0,2519.0,2558.0,nan,2537.0,42085,1067751530.0,17621,2525.0,157,2524.0,105,nan,0,nan,0,nan,0,nan,0,nan,0,nan,0,nan,0,nan,0
1597988439833590016,1597988440401999872,2020-08-21 13:40:40.402000,2525.0,2558.0,2519.0,2558.0,nan,2537.0,42085,1067751530.0,17621,2525.0,158,2524.0,105,nan,0,nan,0,nan,0,nan,0,nan,0,nan,0,nan,0,nan,0
1597988442823318016,1597988443434000128,2020-08-21 13:40:43.434000,2525.0,2558.0,2519.0,2558.0,nan,2537.0,42089,1067852530.0,17621,2525.0,154,2524.0,105,nan,0,nan,0,nan,0,nan,0,nan,0,nan,0,nan,0,nan,0
1597988443346950912,1597988443926000128,2020-08-21 13:40:43.926000,2525.0,2558.0,2519.0,2558.0,nan,2537.0,42103,1068206030.0,17611,2525.0,140,2524.0,113,nan,0,nan,0,nan,0,nan,0,nan,0,nan,0,nan,0,nan,0
1597988443828211968,1597988444390000128,2020-08-21 13:40:44.390000,2525.0,2558.0,2519.0,2558.0,nan,2537.0,42104,1068231280.0,17610,2525.0,139,2524.0,112,nan,0,nan,0,nan,0,nan,0,nan,0,nan,0,nan,0,nan,0
1597988445329590016,1597988445926000128,2020-08-21 13:40:45.926000,2525.0,2558.0,2519.0,2558.0,nan,2537.0,42105,1068256530.0,17610,2525.0,138,2524.0,112,nan,0,nan,0,nan,0,nan,0,nan,0,nan,0,nan,0,nan,0
1597988450322959104,1597988450928000000,2020-08-21 13:40:50.928000,2525.0,2558.0,2519.0,2558.0,nan,2537.0,42105,1068256530.0,17610,2525.0,154,2524.0,112,nan,0,nan,0,nan,0,nan,0,nan,0,nan,0,nan,0,nan,0
1597988451323112960,1597988451910000128,2020-08-21 13:40:51.910000,2525.0,2558.0,2519.0,2558.0,nan,2537.0,42105,1068256530.0,17610,2525.0,155,2524.0,112,nan,0,nan,0,nan,0,nan,0,nan,0,nan,0,nan,0,nan,0
1597988453323350016,1597988453932000000,2020-08-21 13:40:53.932000,2525.0,2558.0,2519.0,2558.0,nan,2537.0,42107,1068307030.0,17610,2525.0,153,2524.0,112,nan,0,nan,0,nan,0,nan,0,nan,0,nan,0,nan,0,nan,0
1597988453830371072,1597988454413000192,2020-08-21 13:40:54.413000,2525.0,2558.0,2519.0,2558.0,nan,2537.0,42260,1072170280.0,17478,2526.0,28,2525.0,75,nan,0,nan,0,nan,0,nan,0,nan,0,nan,0,nan,0,nan,0
1597988454318617088,1597988454892999936,2020-08-21 13:40:54.893000,2525.0,2558.0,2519.0,2558.0,nan,2537.0,42260,1072170280.0,17478,2526.0,46,2525.0,76,nan,0,nan,0,nan,0,nan,0,nan,0,nan,0,nan,0,nan,0
1597988454822631936,1597988455430000128,2020-08-21 13:40:55.430000,2525.0,2558.0,2519.0,2558.0,nan,2537.0,42260,1072170280.0,17478,2526.0,46,2525.0,78,nan,0,nan,0,nan,0,nan,0,nan,0,nan,0,nan,0,nan,0
1597988456324125952,1597988456894000128,2020-08-21 13:40:56.894000,2525.0,2558.0,2519.0,2558.0,nan,2537.0,42260,1072170280.0,17478,2526.0,46,2525.0,80,nan,0,nan,0,nan,0,nan,0,nan,0,nan,0,nan,0,nan,0
1597988457324379904,1597988457931000064,2020-08-21 13:40:57.931000,2525.0,2558.0,2519.0,2558.0,nan,2537.0,42260,1072170280.0,17478,2526.0,46,2525.0,85,nan,0,nan,0,nan,0,nan,0,nan,0,nan,0,nan,0,nan,0
1597988458830841088,1597988459400999936,2020-08-21 13:40:59.401000,2526.0,2558.0,2519.0,2558.0,nan,2537.0,42263,1072246060.0,17478,2526.0,45,2525.0,85,nan,0,nan,0,nan,0,nan,0,nan,0,nan,0,nan,0,nan,0
1597988459828686080,1597988460424999936,2020-08-21 13:41:00.425000,2526.0,2558.0,2519.0,2558.0,nan,2537.0,42263,1072246060.0,17478,2526.0,80,2525.0,85,nan,0,nan,0,nan,0,nan,0,nan,0,nan,0,nan,0,nan,0
1597988465837670912,1597988466433000192,2020-08-21 13:41:06.433000,2526.0,2558.0,2519.0,2558.0,nan,2537.0,42263,1072246060.0,17478,2526.0,80,2525.0,86,nan,0,nan,0,nan,0,nan,0,nan,0,nan,0,nan,0,nan,0
1597988467350980096,1597988467824000000,2020-08-21 13:41:07.824000,2526.0,2558.0,2519.0,2558.0,nan,2537.0,42265,1072296580.0,17479,2526.0,79,2525.0,86,nan,0,nan,0,nan,0,nan,0,nan,0,nan,0,nan,0,nan,0
1597988470349916928,1597988470924999936,2020-08-21 13:41:10.925000,2526.0,2558.0,2519.0,2558.0,nan,2537.0,42266,1072321840.0,17479,2526.0,78,2525.0,86,nan,0,nan,0,nan,0,nan,0,nan,0,nan,0,nan,0,nan,0
1597988478840972032,1597988479433000192,2020-08-21 13:41:19.433000,2526.0,2558.0,2519.0,2558.0,nan,2537.0,42267,1072347100.0,17479,2526.0,77,2525.0,86,nan,0,nan,0,nan,0,nan,0,nan,0,nan,0,nan,0,nan,0
1597988481319123968,1597988481932000000,2020-08-21 13:41:21.932000,2526.0,2558.0,2519.0,2558.0,nan,2537.0,42268,1072372360.0,17480,2526.0,76,2525.0,86,nan,0,nan,0,nan,0,nan,0,nan,0,nan,0,nan,0,nan,0
1597988482827116032,1597988483434000128,2020-08-21 13:41:23.434000,2526.0,2558.0,2519.0,2558.0,nan,2537.0,42270,1072422880.0,17482,2526.0,74,2525.0,86,nan,0,nan,0,nan,0,nan,0,nan,0,nan,0,nan,0,nan,0
1597988488347555072,1597988488935000064,2020-08-21 13:41:28.935000,2526.0,2558.0,2519.0,2558.0,nan,2537.0,42270,1072422880.0,17482,2526.0,74,2525.0,85,nan,0,nan,0,nan,0,nan,0,nan,0,nan,0,nan,0,nan,0
1597988492334614016,1597988492879000064,2020-08-21 13:41:32.879000,2526.0,2558.0,2519.0,2558.0,nan,2537.0,42271,1072448140.0,17483,2526.0,73,2525.0,85,nan,0,nan,0,nan,0,nan,0,nan,0,nan,0,nan,0,nan,0
1597988492836517120,1597988493329999872,2020-08-21 13:41:33.330000,2526.0,2558.0,2519.0,2558.0,nan,2537.0,42272,1072473400.0,17483,2526.0,72,2525.0,85,nan,0,nan,0,nan,0,nan,0,nan,0,nan,0,nan,0,nan,0
1597988493830797056,1597988494385999872,2020-08-21 13:41:34.386000,2526.0,2558.0,2519.0,2558.0,nan,2537.0,42273,1072498660.0,17483,2526.0,71,2525.0,85,nan,0,nan,0,nan,0,nan,0,nan,0,nan,0,nan,0,nan,0
1597988500348921088,1597988500915000064,2020-08-21 13:41:40.915000,2526.0,2558.0,2519.0,2558.0,nan,2537.0,42274,1072523920.0,17483,2526.0,68,2525.0,85,nan,0,nan,0,nan,0,nan,0,nan,0,nan,0,nan,0,nan,0
1597988503342234112,1597988503921999872,2020-08-21 13:41:43.922000,2526.0,2558.0,2519.0,2558.0,nan,2537.0,42274,1072523920.0,17483,2526.0,69,2525.0,85,nan,0,nan,0,nan,0,nan,0,nan,0,nan,0,nan,0,nan,0
1597988511837073920,1597988512410000128,2020-08-21 13:41:52.410000,2526.0,2558.0,2519.0,2558.0,nan,2537.0,42274,1072523920.0,17483,2526.0,69,2525.0,86,nan,0,nan,0,nan,0,nan,0,nan,0,nan,0,nan,0,nan,0
1597988512343124992,1597988512914000128,2020-08-21 13:41:52.914000,2526.0,2558.0,2519.0,2558.0,nan,2537.0,42274,1072523920.0,17483,2526.0,69,2525.0,84,nan,0,nan,0,nan,0,nan,0,nan,0,nan,0,nan,0,nan,0
1597988513843503104,1597988514434000128,2020-08-21 13:41:54.434000,2526.0,2558.0,2519.0,2558.0,nan,2537.0,42274,1072523920.0,17483,2526.0,69,2525.0,86,nan,0,nan,0,nan,0,nan,0,nan,0,nan,0,nan,0,nan,0
1597988519855887104,1597988520426000128,2020-08-21 13:42:00.426000,2526.0,2558.0,2519.0,2558.0,nan,2537.0,42275,1072549180.0,17483,2526.0,68,2525.0,86,nan,0,nan,0,nan,0,nan,0,nan,0,nan,0,nan,0,nan,0
1597988521346511872,1597988521734999808,2020-08-21 13:42:01.735000,2526.0,2558.0,2519.0,2558.0,nan,2537.0,42275,1072549180.0,17483,2526.0,67,2525.0,86,nan,0,nan,0,nan,0,nan,0,nan,0,nan,0,nan,0,nan,0
1597988522341828096,1597988522928999936,2020-08-21 13:42:02.929000,2525.0,2558.0,2519.0,2558.0,nan,2537.0,42276,1072574430.0,17482,2526.0,60,2525.0,86,nan,0,nan,0,nan,0,nan,0,nan,0,nan,0,nan,0,nan,0
1597988522853086976,1597988523381999872,2020-08-21 13:42:03.382000,2526.0,2558.0,2519.0,2558.0,nan,2537.0,42277,1072599690.0,17482,2526.0,58,2525.0,86,nan,0,nan,0,nan,0,nan,0,nan,0,nan,0,nan,0,nan,0
1597988523323936000,1597988523891000064,2020-08-21 13:42:03.891000,2526.0,2558.0,2519.0,2558.0,nan,2537.0,42277,1072599690.0,17482,2526.0,56,2525.0,86,nan,0,nan,0,nan,0,nan,0,nan,0,nan,0,nan,0,nan,0
1597988523840691968,1597988524427000064,2020-08-21 13:42:04.427000,2526.0,2558.0,2519.0,2558.0,nan,2537.0,42277,1072599690.0,17482,2526.0,52,2525.0,86,nan,0,nan,0,nan,0,nan,0,nan,0,nan,0,nan,0,nan,0
1597988525344755968,1597988525935000064,2020-08-21 13:42:05.935000,2526.0,2558.0,2519.0,2558.0,nan,2537.0,42278,1072624950.0,17483,2526.0,51,2525.0,86,nan,0,nan,0,nan,0,nan,0,nan,0,nan,0,nan,0,nan,0
1597988525847215104,1597988526336999936,2020-08-21 13:42:06.337000,2526.0,2558.0,2519.0,2558.0,nan,2537.0,42278,1072624950.0,17483,2526.0,48,2525.0,86,nan,0,nan,0,nan,0,nan,0,nan,0,nan,0,nan,0,nan,0
1597988526326673920,1597988526892999936,2020-08-21 13:42:06.893000,2526.0,2558.0,2519.0,2558.0,nan,2537.0,42278,1072624950.0,17483,2526.0,46,2525.0,86,nan,0,nan,0,nan,0,nan,0,nan,0,nan,0,nan,0,nan,0
1597988526844495104,1597988527326999808,2020-08-21 13:42:07.327000,2526.0,2558.0,2519.0,2558.0,nan,2537.0,42278,1072624950.0,17483,2526.0,45,2525.0,86,nan,0,nan,0,nan,0,nan,0,nan,0,nan,0,nan,0,nan,0
1597988535321819904,1597988535928999936,2020-08-21 13:42:15.929000,2525.0,2558.0,2519.0,2558.0,nan,2537.0,42281,1072700700.0,17480,2526.0,45,2525.0,83,nan,0,nan,0,nan,0,nan,0,nan,0,nan,0,nan,0,nan,0
1597988536323484928,1597988536931000064,2020-08-21 13:42:16.931000,2526.0,2558.0,2519.0,2558.0,nan,2537.0,42282,1072725960.0,17481,2526.0,44,2525.0,84,nan,0,nan,0,nan,0,nan,0,nan,0,nan,0,nan,0,nan,0
1597988552854830080,1597988553432000000,2020-08-21 13:42:33.432000,2526.0,2558.0,2519.0,2558.0,nan,2537.0,42282,1072725960.0,17481,2526.0,44,2525.0,85,nan,0,nan,0,nan,0,nan,0,nan,0,nan,0,nan,0,nan,0
1597988554381758976,1597988554935000064,2020-08-21 13:42:34.935000,2526.0,2558.0,2519.0,2558.0,nan,2537.0,42309,1073407980.0,17460,2526.0,17,2525.0,85,nan,0,nan,0,nan,0,nan,0,nan,0,nan,0,nan,0,nan,0
1597988554844550912,1597988555436000000,2020-08-21 13:42:35.436000,2526.0,2558.0,2519.0,2558.0,nan,2537.0,42338,1074140520.0,17446,2526.0,9,2525.0,85,nan,0,nan,0,nan,0,nan,0,nan,0,nan,0,nan,0,nan,0
1597988555322851072,1597988555932000000,2020-08-21 13:42:35.932000,2526.0,2558.0,2519.0,2558.0,nan,2537.0,42338,1074140520.0,17446,2526.0,10,2525.0,86,nan,0,nan,0,nan,0,nan,0,nan,0,nan,0,nan,0,nan,0
1597988555854334976,1597988556431000064,2020-08-21 13:42:36.431000,2526.0,2558.0,2519.0,2558.0,nan,2537.0,42338,1074140520.0,17446,2526.0,15,2525.0,86,nan,0,nan,0,nan,0,nan,0,nan,0,nan,0,nan,0,nan,0
1597988560340683008,1597988560904999936,2020-08-21 13:42:40.905000,2526.0,2558.0,2519.0,2558.0,nan,2537.0,42338,1074140520.0,17446,2526.0,35,2525.0,86,nan,0,nan,0,nan,0,nan,0,nan,0,nan,0,nan,0,nan,0
1597988560824961024,1597988561392000000,2020-08-21 13:42:41.392000,2526.0,2558.0,2519.0,2558.0,nan,2537.0,42338,1074140520.0,17446,2526.0,39,2525.0,86,nan,0,nan,0,nan,0,nan,0,nan,0,nan,0,nan,0,nan,0
1597988563345800960,1597988563872999936,2020-08-21 13:42:43.873000,2526.0,2558.0,2519.0,2558.0,nan,2537.0,42338,1074140520.0,17446,2526.0,39,2525.0,85,nan,0,nan,0,nan,0,nan,0,nan,0,nan,0,nan,0,nan,0
1597988566353996032,1597988566917999872,2020-08-21 13:42:46.918000,2526.0,2558.0,2519.0,2558.0,nan,2537.0,42339,1074165780.0,17446,2526.0,39,2525.0,85,nan,0,nan,0,nan,0,nan,0,nan,0,nan,0,nan,0,nan,0
1597988566848094976,1597988567382999808,2020-08-21 13:42:47.383000,2526.0,2558.0,2519.0,2558.0,nan,2537.0,42339,1074165780.0,17446,2526.0,46,2525.0,85,nan,0,nan,0,nan,0,nan,0,nan,0,nan,0,nan,0,nan,0
1597988567320942080,1597988567840000000,2020-08-21 13:42:47.840000,2526.0,2558.0,2519.0,2558.0,nan,2537.0,42339,1074165780.0,17446,2526.0,46,2525.0,83,nan,0,nan,0,nan,0,nan,0,nan,0,nan,0,nan,0,nan,0
1597988567824256000,1597988568436999936,2020-08-21 13:42:48.437000,2526.0,2558.0,2519.0,2558.0,nan,2537.0,42339,1074165780.0,17446,2526.0,46,2525.0,85,nan,0,nan,0,nan,0,nan,0,nan,0,nan,0,nan,0,nan,0
1597988569822097920,1597988570415000064,2020-08-21 13:42:50.415000,2526.0,2558.0,2519.0,2558.0,nan,2537.0,42340,1074191040.0,17446,2526.0,45,2525.0,85,nan,0,nan,0,nan,0,nan,0,nan,0,nan,0,nan,0,nan,0
1597988573820907008,1597988574424999936,2020-08-21 13:42:54.425000,2526.0,2558.0,2519.0,2558.0,nan,2537.0,42340,1074191040.0,17446,2526.0,45,2525.0,100,nan,0,nan,0,nan,0,nan,0,nan,0,nan,0,nan,0,nan,0
1597988575835227904,1597988576430000128,2020-08-21 13:42:56.430000,2526.0,2558.0,2519.0,2558.0,nan,2537.0,42340,1074191040.0,17446,2526.0,45,2525.0,105,nan,0,nan,0,nan,0,nan,0,nan,0,nan,0,nan,0,nan,0
1597988578339591936,1597988578933000192,2020-08-21 13:42:58.933000,2526.0,2558.0,2519.0,2558.0,nan,2537.0,42345,1074317340.0,17446,2526.0,40,2525.0,105,nan,0,nan,0,nan,0,nan,0,nan,0,nan,0,nan,0,nan,0
1597988578843227904,1597988579359000064,2020-08-21 13:42:59.359000,2526.0,2558.0,2519.0,2558.0,nan,2537.0,42346,1074342600.0,17445,2526.0,32,2525.0,105,nan,0,nan,0,nan,0,nan,0,nan,0,nan,0,nan,0,nan,0
1597988579320505088,1597988579920999936,2020-08-21 13:42:59.921000,2526.0,2558.0,2519.0,2558.0,nan,2537.0,42346,1074342600.0,17445,2526.0,39,2525.0,105,nan,0,nan,0,nan,0,nan,0,nan,0,nan,0,nan,0,nan,0
1597988581330017024,1597988581916000000,2020-08-21 13:43:01.916000,2526.0,2558.0,2519.0,2558.0,nan,2537.0,42351,1074468900.0,17445,2526.0,34,2525.0,105,nan,0,nan,0,nan,0,nan,0,nan,0,nan,0,nan,0,nan,0
1597988582823408128,1597988583432000000,2020-08-21 13:43:03.432000,2526.0,2558.0,2519.0,2558.0,nan,2537.0,42351,1074468900.0,17445,2526.0,36,2525.0,105,nan,0,nan,0,nan,0,nan,0,nan,0,nan,0,nan,0,nan,0
1597988583322356992,1597988583934000128,2020-08-21 13:43:03.934000,2526.0,2558.0,2519.0,2558.0,nan,2537.0,42351,1074468900.0,17445,2526.0,44,2525.0,105,nan,0,nan,0,nan,0,nan,0,nan,0,nan,0,nan,0,nan,0
1597988590820018944,1597988591380999936,2020-08-21 13:43:11.381000,2526.0,2558.0,2519.0,2558.0,nan,2537.0,42352,1074494160.0,17445,2526.0,44,2525.0,105,nan,0,nan,0,nan,0,nan,0,nan,0,nan,0,nan,0,nan,0
1597988591320765952,1597988591928000000,2020-08-21 13:43:11.928000,2526.0,2558.0,2519.0,2558.0,nan,2537.0,42352,1074494160.0,17445,2526.0,37,2525.0,105,nan,0,nan,0,nan,0,nan,0,nan,0,nan,0,nan,0,nan,0
1597988591821750016,1597988592433000192,2020-08-21 13:43:12.433000,2526.0,2558.0,2519.0,2558.0,nan,2537.0,42352,1074494160.0,17445,2526.0,44,2525.0,105,nan,0,nan,0,nan,0,nan,0,nan,0,nan,0,nan,0,nan,0
1597988595346155008,1597988595920999936,2020-08-21 13:43:15.921000,2526.0,2558.0,2519.0,2558.0,nan,2537.0,42352,1074494160.0,17445,2526.0,44,2525.0,108,nan,0,nan,0,nan,0,nan,0,nan,0,nan,0,nan,0,nan,0
1597988595838149888,1597988596436999936,2020-08-21 13:43:16.437000,2526.0,2558.0,2519.0,2558.0,nan,2537.0,42352,1074494160.0,17445,2526.0,44,2525.0,114,nan,0,nan,0,nan,0,nan,0,nan,0,nan,0,nan,0,nan,0
1597988597843047936,1597988598378000128,2020-08-21 13:43:18.378000,2525.0,2558.0,2519.0,2558.0,nan,2537.0,42362,1074746660.0,17445,2526.0,44,2525.0,106,nan,0,nan,0,nan,0,nan,0,nan,0,nan,0,nan,0,nan,0
1597988600328916992,1597988600936999936,2020-08-21 13:43:20.937000,2525.0,2558.0,2519.0,2558.0,nan,2537.0,42362,1074746660.0,17445,2526.0,44,2525.0,109,nan,0,nan,0,nan,0,nan,0,nan,0,nan,0,nan,0,nan,0
1597988601321787904,1597988601926000128,2020-08-21 13:43:21.926000,2525.0,2558.0,2519.0,2558.0,nan,2537.0,42362,1074746660.0,17445,2526.0,44,2525.0,111,nan,0,nan,0,nan,0,nan,0,nan,0,nan,0,nan,0,nan,0
1597988601826935040,1597988602326999808,2020-08-21 13:43:22.327000,2525.0,2558.0,2519.0,2558.0,nan,2537.0,42362,1074746660.0,17445,2526.0,37,2525.0,111,nan,0,nan,0,nan,0,nan,0,nan,0,nan,0,nan,0,nan,0
1597988602345879040,1597988602911000064,2020-08-21 13:43:22.911000,2525.0,2558.0,2519.0,2558.0,nan,2537.0,42369,1074923410.0,17438,2526.0,37,2525.0,104,nan,0,nan,0,nan,0,nan,0,nan,0,nan,0,nan,0,nan,0
1597988602832471040,1597988603421999872,2020-08-21 13:43:23.422000,2525.0,2558.0,2519.0,2558.0,nan,2537.0,42369,1074923410.0,17438,2526.0,37,2525.0,107,nan,0,nan,0,nan,0,nan,0,nan,0,nan,0,nan,0,nan,0
1597988606330667008,1597988606938999808,2020-08-21 13:43:26.939000,2526.0,2558.0,2519.0,2558.0,nan,2537.0,42406,1075858030.0,17421,2527.0,53,2526.0,9,nan,0,nan,0,nan,0,nan,0,nan,0,nan,0,nan,0,nan,0
1597988606835491072,1597988607428999936,2020-08-21 13:43:27.429000,2526.0,2558.0,2519.0,2558.0,nan,2537.0,42411,1075984330.0,17426,2527.0,57,2526.0,25,nan,0,nan,0,nan,0,nan,0,nan,0,nan,0,nan,0,nan,0
1597988607331542016,1597988607910000128,2020-08-21 13:43:27.910000,2526.0,2558.0,2519.0,2558.0,nan,2537.0,42412,1076009590.0,17427,2527.0,62,2526.0,27,nan,0,nan,0,nan,0,nan,0,nan,0,nan,0,nan,0,nan,0
1597988608346931968,1597988608931000064,2020-08-21 13:43:28.931000,2526.0,2558.0,2519.0,2558.0,nan,2537.0,42413,1076034850.0,17426,2527.0,62,2526.0,26,nan,0,nan,0,nan,0,nan,0,nan,0,nan,0,nan,0,nan,0
1597988608831137024,1597988609418999808,2020-08-21 13:43:29.419000,2526.0,2558.0,2519.0,2558.0,nan,2537.0,42414,1076060110.0,17426,2527.0,62,2526.0,25,nan,0,nan,0,nan,0,nan,0,nan,0,nan,0,nan,0,nan,0
1597988609331713024,1597988609912000000,2020-08-21 13:43:29.912000,2526.0,2558.0,2519.0,2558.0,nan,2537.0,42414,1076060110.0,17426,2527.0,62,2526.0,25,nan,0,nan,0,nan,0,nan,0,nan,0,nan,0,nan,0,nan,0
1597988609831388928,1597988610432000000,2020-08-21 13:43:30.432000,2526.0,2558.0,2519.0,2558.0,nan,2537.0,42414,1076060110.0,17426,2527.0,65,2526.0,28,nan,0,nan,0,nan,0,nan,0,nan,0,nan,0,nan,0,nan,0
1597988619985435904,1597988620437999872,2020-08-21 13:43:40.438000,2526.0,2558.0,2519.0,2558.0,nan,2537.0,42414,1076060110.0,17426,2527.0,66,2526.0,28,nan,0,nan,0,nan,0,nan,0,nan,0,nan,0,nan,0,nan,0
1597988620328546048,1597988620839000064,2020-08-21 13:43:40.839000,2526.0,2558.0,2519.0,2558.0,nan,2537.0,42414,1076060110.0,17426,2527.0,69,2526.0,28,nan,0,nan,0,nan,0,nan,0,nan,0,nan,0,nan,0,nan,0
1597988622329019904,1597988622890000128,2020-08-21 13:43:42.890000,2526.0,2558.0,2519.0,2558.0,nan,2537.0,42442,1076767390.0,17420,2527.0,70,2525.0,98,nan,0,nan,0,nan,0,nan,0,nan,0,nan,0,nan,0,nan,0
1597988623342927104,1597988623881999872,2020-08-21 13:43:43.882000,2526.0,2558.0,2519.0,2558.0,nan,2537.0,42442,1076767390.0,17420,2526.0,3,2525.0,98,nan,0,nan,0,nan,0,nan,0,nan,0,nan,0,nan,0,nan,0
1597988623829054976,1597988624413000192,2020-08-21 13:43:44.413000,2526.0,2558.0,2519.0,2558.0,nan,2537.0,42448,1076918950.0,17414,2527.0,70,2525.0,98,nan,0,nan,0,nan,0,nan,0,nan,0,nan,0,nan,0,nan,0
1597988624362408960,1597988624928999936,2020-08-21 13:43:44.929000,2526.0,2558.0,2519.0,2558.0,nan,2537.0,42449,1076944210.0,17413,2527.0,69,2526.0,5,nan,0,nan,0,nan,0,nan,0,nan,0,nan,0,nan,0,nan,0
1597988624829681920,1597988625427000064,2020-08-21 13:43:45.427000,2526.0,2558.0,2519.0,2558.0,nan,2537.0,42449,1076944210.0,17413,2527.0,68,2526.0,7,nan,0,nan,0,nan,0,nan,0,nan,0,nan,0,nan,0,nan,0
1597988625332941056,1597988625908000000,2020-08-21 13:43:45.908000,2526.0,2558.0,2519.0,2558.0,nan,2537.0,42454,1077070510.0,17408,2527.0,68,2526.0,7,nan,0,nan,0,nan,0,nan,0,nan,0,nan,0,nan,0,nan,0
1597988628327460096,1597988628927000064,2020-08-21 13:43:48.927000,2526.0,2558.0,2519.0,2558.0,nan,2537.0,42454,1077070510.0,17408,2527.0,68,2526.0,8,nan,0,nan,0,nan,0,nan,0,nan,0,nan,0,nan,0,nan,0
1597988630327859968,1597988630865999872,2020-08-21 13:43:50.866000,2526.0,2558.0,2519.0,2558.0,nan,2537.0,42454,1077070510.0,17408,2527.0,68,2526.0,14,nan,0,nan,0,nan,0,nan,0,nan,0,nan,0,nan,0,nan,0
1597988640344535040,1597988640920999936,2020-08-21 13:44:00.921000,2526.0,2558.0,2519.0,2558.0,nan,2537.0,42454,1077070510.0,17408,2527.0,66,2526.0,14,nan,0,nan,0,nan,0,nan,0,nan,0,nan,0,nan,0,nan,0
1597988640824357120,1597988641354000128,2020-08-21 13:44:01.354000,2526.0,2558.0,2519.0,2558.0,nan,2537.0,42454,1077070510.0,17408,2527.0,66,2526.0,16,nan,0,nan,0,nan,0,nan,0,nan,0,nan,0,nan,0,nan,0
1597988648320143872,1597988648917999872,2020-08-21 13:44:08.918000,2526.0,2558.0,2519.0,2558.0,nan,2537.0,42456,1077121030.0,17408,2527.0,66,2526.0,15,nan,0,nan,0,nan,0,nan,0,nan,0,nan,0,nan,0,nan,0
1597988649818445056,1597988650396000000,2020-08-21 13:44:10.396000,2527.0,2558.0,2519.0,2558.0,nan,2537.0,42457,1077146300.0,17408,2527.0,69,2526.0,15,nan,0,nan,0,nan,0,nan,0,nan,0,nan,0,nan,0,nan,0
1597988651819121920,1597988652426000128,2020-08-21 13:44:12.426000,2527.0,2558.0,2519.0,2558.0,nan,2537.0,42458,1077171570.0,17408,2527.0,68,2526.0,18,nan,0,nan,0,nan,0,nan,0,nan,0,nan,0,nan,0,nan,0
1597988653823377920,1597988654360999936,2020-08-21 13:44:14.361000,2527.0,2558.0,2519.0,2558.0,nan,2537.0,42458,1077171570.0,17408,2527.0,70,2526.0,18,nan,0,nan,0,nan,0,nan,0,nan,0,nan,0,nan,0,nan,0
1597988658321015040,1597988658903000064,2020-08-21 13:44:18.903000,2527.0,2558.0,2519.0,2558.0,nan,2537.0,42459,1077196840.0,17409,2527.0,69,2526.0,18,nan,0,nan,0,nan,0,nan,0,nan,0,nan,0,nan,0,nan,0
1597988660321176064,1597988660824000000,2020-08-21 13:44:20.824000,2527.0,2558.0,2519.0,2558.0,nan,2537.0,42460,1077222110.0,17410,2527.0,68,2526.0,21,nan,0,nan,0,nan,0,nan,0,nan,0,nan,0,nan,0,nan,0
1597988665819264000,1597988666423000064,2020-08-21 13:44:26.423000,2527.0,2558.0,2519.0,2558.0,nan,2537.0,42460,1077222110.0,17410,2527.0,69,2526.0,21,nan,0,nan,0,nan,0,nan,0,nan,0,nan,0,nan,0,nan,0
1597988666322572032,1597988666936000000,2020-08-21 13:44:26.936000,2527.0,2558.0,2519.0,2558.0,nan,2537.0,42460,1077222110.0,17410,2527.0,69,2526.0,21,nan,0,nan,0,nan,0,nan,0,nan,0,nan,0,nan,0,nan,0
1597988668820972032,1597988669417999872,2020-08-21 13:44:29.418000,2527.0,2558.0,2519.0,2558.0,nan,2537.0,42460,1077222110.0,17410,2527.0,69,2526.0,23,nan,0,nan,0,nan,0,nan,0,nan,0,nan,0,nan,0,nan,0
1597988670821680896,1597988671416000000,2020-08-21 13:44:31.416000,2527.0,2558.0,2519.0,2558.0,nan,2537.0,42529,1078965740.0,17472,2528.0,13,2527.0,1,nan,0,nan,0,nan,0,nan,0,nan,0,nan,0,nan,0,nan,0
1597988671346587904,1597988671933000192,2020-08-21 13:44:31.933000,2527.0,2558.0,2519.0,2558.0,nan,2537.0,42529,1078965740.0,17472,2528.0,29,2527.0,17,nan,0,nan,0,nan,0,nan,0,nan,0,nan,0,nan,0,nan,0
1597988671822835968,1597988672364999936,2020-08-21 13:44:32.365000,2527.0,2558.0,2519.0,2558.0,nan,2537.0,42529,1078965740.0,17472,2528.0,31,2527.0,22,nan,0,nan,0,nan,0,nan,0,nan,0,nan,0,nan,0,nan,0
1597988675829178112,1597988676407000064,2020-08-21 13:44:36.407000,2527.0,2558.0,2519.0,2558.0,nan,2537.0,42529,1078965740.0,17472,2528.0,31,2527.0,26,nan,0,nan,0,nan,0,nan,0,nan,0,nan,0,nan,0,nan,0
1597988680330885120,1597988680933000192,2020-08-21 13:44:40.933000,2528.0,2558.0,2519.0,2558.0,nan,2537.0,42530,1078991020.0,17471,2528.0,31,2527.0,26,nan,0,nan,0,nan,0,nan,0,nan,0,nan,0,nan,0,nan,0
1597988680826340096,1597988681323000064,2020-08-21 13:44:41.323000,2528.0,2558.0,2519.0,2558.0,nan,2537.0,42530,1078991020.0,17471,2528.0,51,2527.0,26,nan,0,nan,0,nan,0,nan,0,nan,0,nan,0,nan,0,nan,0
1597988683331470080,1597988683928000000,2020-08-21 13:44:43.928000,2528.0,2558.0,2519.0,2558.0,nan,2537.0,42530,1078991020.0,17471,2528.0,49,2527.0,47,nan,0,nan,0,nan,0,nan,0,nan,0,nan,0,nan,0,nan,0
1597988683820272128,1597988684436999936,2020-08-21 13:44:44.437000,2528.0,2558.0,2519.0,2558.0,nan,2537.0,42530,1078991020.0,17471,2528.0,51,2527.0,47,nan,0,nan,0,nan,0,nan,0,nan,0,nan,0,nan,0,nan,0
1597988688318600960,1597988688829999872,2020-08-21 13:44:48.830000,2528.0,2558.0,2519.0,2558.0,nan,2537.0,42530,1078991020.0,17471,2528.0,52,2527.0,48,nan,0,nan,0,nan,0,nan,0,nan,0,nan,0,nan,0,nan,0
1597988691820961024,1597988692411000064,2020-08-21 13:44:52.411000,2528.0,2558.0,2519.0,2558.0,nan,2537.0,42530,1078991020.0,17471,2528.0,54,2527.0,48,nan,0,nan,0,nan,0,nan,0,nan,0,nan,0,nan,0,nan,0
1597988692325942016,1597988692916999936,2020-08-21 13:44:52.917000,2528.0,2558.0,2519.0,2558.0,nan,2537.0,42530,1078991020.0,17471,2528.0,84,2527.0,48,nan,0,nan,0,nan,0,nan,0,nan,0,nan,0,nan,0,nan,0
1597988699322011904,1597988699788000000,2020-08-21 13:44:59.788000,2528.0,2558.0,2519.0,2558.0,nan,2537.0,42530,1078991020.0,17471,2528.0,84,2527.0,49,nan,0,nan,0,nan,0,nan,0,nan,0,nan,0,nan,0,nan,0
1597988701819997952,1597988702403000064,2020-08-21 13:45:02.403000,2526.0,2558.0,2519.0,2558.0,nan,2536.0,42604,1080860770.0,17522,2526.0,4,2525.0,71,nan,0,nan,0,nan,0,nan,0,nan,0,nan,0,nan,0,nan,0
1597988702329059072,1597988702875000064,2020-08-21 13:45:02.875000,2526.0,2558.0,2519.0,2558.0,nan,2536.0,42608,1080961810.0,17526,2527.0,68,2526.0,7,nan,0,nan,0,nan,0,nan,0,nan,0,nan,0,nan,0,nan,0
1597988703319493888,1597988703916000000,2020-08-21 13:45:03.916000,2526.0,2558.0,2519.0,2558.0,nan,2536.0,42608,1080961810.0,17526,2527.0,68,2526.0,4,nan,0,nan,0,nan,0,nan,0,nan,0,nan,0,nan,0,nan,0
1597988703821384960,1597988704372999936,2020-08-21 13:45:04.373000,2526.0,2558.0,2519.0,2558.0,nan,2536.0,42614,1081113370.0,17532,2526.0,42,2525.0,71,nan,0,nan,0,nan,0,nan,0,nan,0,nan,0,nan,0,nan,0
1597988704331225088,1597988704928000000,2020-08-21 13:45:04.928000,2526.0,2558.0,2519.0,2558.0,nan,2536.0,42614,1081113370.0,17532,2526.0,63,2525.0,71,nan,0,nan,0,nan,0,nan,0,nan,0,nan,0,nan,0,nan,0
1597988714821914112,1597988715368999936,2020-08-21 13:45:15.369000,2526.0,2558.0,2519.0,2558.0,nan,2536.0,42615,1081138630.0,17533,2526.0,63,2525.0,71,nan,0,nan,0,nan,0,nan,0,nan,0,nan,0,nan,0,nan,0
1597988715328809984,1597988715938999808,2020-08-21 13:45:15.939000,2526.0,2558.0,2519.0,2558.0,nan,2536.0,42615,1081138630.0,17533,2526.0,66,2525.0,71,nan,0,nan,0,nan,0,nan,0,nan,0,nan,0,nan,0,nan,0
1597988715822171904,1597988716351000064,2020-08-21 13:45:16.351000,2526.0,2558.0,2519.0,2558.0,nan,2536.0,42617,1081189150.0,17535,2526.0,64,2525.0,71,nan,0,nan,0,nan,0,nan,0,nan,0,nan,0,nan,0,nan,0
1597988718825048064,1597988719404999936,2020-08-21 13:45:19.405000,2526.0,2558.0,2519.0,2558.0,nan,2536.0,42620,1081264930.0,17538,2526.0,61,2525.0,71,nan,0,nan,0,nan,0,nan,0,nan,0,nan,0,nan,0,nan,0
1597988719340114944,1597988719928000000,2020-08-21 13:45:19.928000,2526.0,2558.0,2519.0,2558.0,nan,2536.0,42620,1081264930.0,17538,2526.0,65,2525.0,71,nan,0,nan,0,nan,0,nan,0,nan,0,nan,0,nan,0,nan,0
1597988719820041984,1597988720438999808,2020-08-21 13:45:20.439000,2526.0,2558.0,2519.0,2558.0,nan,2536.0,42620,1081264930.0,17538,2526.0,66,2525.0,71,nan,0,nan,0,nan,0,nan,0,nan,0,nan,0,nan,0,nan,0
1597988722819819008,1597988723430000128,2020-08-21 13:45:23.430000,2526.0,2558.0,2519.0,2558.0,nan,2536.0,42620,1081264930.0,17538,2526.0,66,2525.0,72,nan,0,nan,0,nan,0,nan,0,nan,0,nan,0,nan,0,nan,0
1597988723318064128,1597988723928000000,2020-08-21 13:45:23.928000,2526.0,2558.0,2519.0,2558.0,nan,2536.0,42620,1081264930.0,17538,2526.0,68,2525.0,72,nan,0,nan,0,nan,0,nan,0,nan,0,nan,0,nan,0,nan,0
1597988723824560128,1597988724378000128,2020-08-21 13:45:24.378000,2526.0,2558.0,2519.0,2558.0,nan,2536.0,42620,1081264930.0,17538,2526.0,68,2525.0,74,nan,0,nan,0,nan,0,nan,0,nan,0,nan,0,nan,0,nan,0
1597988726322524928,1597988726913000192,2020-08-21 13:45:26.913000,2526.0,2558.0,2519.0,2558.0,nan,2536.0,42688,1082982610.0,17606,2527.0,10,2526.0,10,nan,0,nan,0,nan,0,nan,0,nan,0,nan,0,nan,0,nan,0
1597988726819854080,1597988727437999872,2020-08-21 13:45:27.438000,2526.0,2558.0,2519.0,2558.0,nan,2536.0,42688,1082982610.0,17606,2527.0,32,2526.0,7,nan,0,nan,0,nan,0,nan,0,nan,0,nan,0,nan,0,nan,0
1597988730821625088,1597988731408999936,2020-08-21 13:45:31.409000,2526.0,2558.0,2519.0,2558.0,nan,2536.0,42688,1082982610.0,17606,2527.0,32,2526.0,12,nan,0,nan,0,nan,0,nan,0,nan,0,nan,0,nan,0,nan,0
1597988731822469888,1597988732424000000,2020-08-21 13:45:32.424000,2526.0,2558.0,2519.0,2558.0,nan,2536.0,42697,1083209950.0,17606,2527.0,32,2526.0,3,nan,0,nan,0,nan,0,nan,0,nan,0,nan,0,nan,0,nan,0
1597988733821971968,1597988734356000000,2020-08-21 13:45:34.356000,2526.0,2558.0,2519.0,2558.0,nan,2536.0,42700,1083285730.0,17606,2526.0,1,2525.0,74,nan,0,nan,0,nan,0,nan,0,nan,0,nan,0,nan,0,nan,0
1597988734335756032,1597988734878000128,2020-08-21 13:45:34.878000,2526.0,2558.0,2519.0,2558.0,nan,2536.0,42701,1083310990.0,17606,2527.0,32,2525.0,74,nan,0,nan,0,nan,0,nan,0,nan,0,nan,0,nan,0,nan,0
1597988735821477120,1597988736430000128,2020-08-21 13:45:36.430000,2526.0,2558.0,2519.0,2558.0,nan,2536.0,42701,1083310990.0,17606,2527.0,32,2525.0,69,nan,0,nan,0,nan,0,nan,0,nan,0,nan,0,nan,0,nan,0
1597988736324627968,1597988736933000192,2020-08-21 13:45:36.933000,2526.0,2558.0,2519.0,2558.0,nan,2536.0,42701,1083310990.0,17606,2526.0,4,2525.0,69,nan,0,nan,0,nan,0,nan,0,nan,0,nan,0,nan,0,nan,0
1597988736821056000,1597988737387000064,2020-08-21 13:45:37.387000,2526.0,2558.0,2519.0,2558.0,nan,2536.0,42703,1083361510.0,17608,2526.0,2,2525.0,69,nan,0,nan,0,nan,0,nan,0,nan,0,nan,0,nan,0,nan,0
1597988737348449024,1597988737900999936,2020-08-21 13:45:37.901000,2526.0,2558.0,2519.0,2558.0,nan,2536.0,42703,1083361510.0,17608,2526.0,2,2525.0,71,nan,0,nan,0,nan,0,nan,0,nan,0,nan,0,nan,0,nan,0
1597988754322356992,1597988754928999936,2020-08-21 13:45:54.929000,2526.0,2558.0,2519.0,2558.0,nan,2536.0,42708,1083487810.0,17610,2527.0,32,2525.0,71,nan,0,nan,0,nan,0,nan,0,nan,0,nan,0,nan,0,nan,0
1597988754828563968,1597988755387000064,2020-08-21 13:45:55.387000,2526.0,2558.0,2519.0,2558.0,nan,2536.0,42708,1083487810.0,17610,2526.0,8,2525.0,71,nan,0,nan,0,nan,0,nan,0,nan,0,nan,0,nan,0,nan,0
1597988755351159040,1597988755887000064,2020-08-21 13:45:55.887000,2526.0,2558.0,2519.0,2558.0,nan,2536.0,42708,1083487810.0,17610,2526.0,12,2525.0,72,nan,0,nan,0,nan,0,nan,0,nan,0,nan,0,nan,0,nan,0
1597988755830422016,1597988756436999936,2020-08-21 13:45:56.437000,2526.0,2558.0,2519.0,2558.0,nan,2536.0,42708,1083487810.0,17610,2526.0,19,2525.0,71,nan,0,nan,0,nan,0,nan,0,nan,0,nan,0,nan,0,nan,0
1597988756329064960,1597988756880999936,2020-08-21 13:45:56.881000,2526.0,2558.0,2519.0,2558.0,nan,2536.0,42708,1083487810.0,17610,2526.0,20,2525.0,71,nan,0,nan,0,nan,0,nan,0,nan,0,nan,0,nan,0,nan,0
1597988759828538112,1597988760392000000,2020-08-21 13:46:00.392000,2526.0,2558.0,2519.0,2558.0,nan,2536.0,42708,1083487810.0,17610,2526.0,18,2525.0,71,nan,0,nan,0,nan,0,nan,0,nan,0,nan,0,nan,0,nan,0
1597988768822802944,1597988769420999936,2020-08-21 13:46:09.421000,2526.0,2558.0,2519.0,2558.0,nan,2536.0,42708,1083487810.0,17610,2526.0,18,2525.0,70,nan,0,nan,0,nan,0,nan,0,nan,0,nan,0,nan,0,nan,0
1597988769319552000,1597988769877000192,2020-08-21 13:46:09.877000,2526.0,2558.0,2519.0,2558.0,nan,2536.0,42708,1083487810.0,17610,2526.0,18,2525.0,72,nan,0,nan,0,nan,0,nan,0,nan,0,nan,0,nan,0,nan,0
1597988771347710976,1597988771908000000,2020-08-21 13:46:11.908000,2526.0,2558.0,2519.0,2558.0,nan,2536.0,42727,1083967750.0,17610,2527.0,38,2525.0,77,nan,0,nan,0,nan,0,nan,0,nan,0,nan,0,nan,0,nan,0
1597988771819537920,1597988772424000000,2020-08-21 13:46:12.424000,2526.0,2558.0,2519.0,2558.0,nan,2536.0,42737,1084220350.0,17614,2527.0,33,2526.0,5,nan,0,nan,0,nan,0,nan,0,nan,0,nan,0,nan,0,nan,0
1597988772319863040,1597988772938999808,2020-08-21 13:46:12.939000,2526.0,2558.0,2519.0,2558.0,nan,2536.0,42737,1084220350.0,17614,2527.0,38,2526.0,10,nan,0,nan,0,nan,0,nan,0,nan,0,nan,0,nan,0,nan,0
1597988773828382976,1597988774405999872,2020-08-21 13:46:14.406000,2526.0,2558.0,2519.0,2558.0,nan,2536.0,42737,1084220350.0,17614,2527.0,38,2526.0,11,nan,0,nan,0,nan,0,nan,0,nan,0,nan,0,nan,0,nan,0
1597988776325836032,1597988776928999936,2020-08-21 13:46:16.929000,2526.0,2558.0,2519.0,2558.0,nan,2536.0,42737,1084220350.0,17614,2527.0,38,2526.0,13,nan,0,nan,0,nan,0,nan,0,nan,0,nan,0,nan,0,nan,0
1597988778320888064,1597988778898999808,2020-08-21 13:46:18.899000,2527.0,2558.0,2519.0,2558.0,nan,2536.0,42738,1084245620.0,17613,2527.0,38,2526.0,13,nan,0,nan,0,nan,0,nan,0,nan,0,nan,0,nan,0,nan,0
1597988779361725952,1597988779916000000,2020-08-21 13:46:19.916000,2527.0,2558.0,2519.0,2558.0,nan,2536.0,42738,1084245620.0,17613,2527.0,38,2526.0,14,nan,0,nan,0,nan,0,nan,0,nan,0,nan,0,nan,0,nan,0
1597988780320605952,1597988780930000128,2020-08-21 13:46:20.930000,2526.0,2558.0,2519.0,2558.0,nan,2536.0,42741,1084321400.0,17616,2527.0,38,2526.0,11,nan,0,nan,0,nan,0,nan,0,nan,0,nan,0,nan,0,nan,0
1597988780819591936,1597988781430000128,2020-08-21 13:46:21.430000,2526.0,2558.0,2519.0,2558.0,nan,2536.0,42741,1084321400.0,17616,2527.0,38,2526.0,13,nan,0,nan,0,nan,0,nan,0,nan,0,nan,0,nan,0,nan,0
1597988781322695936,1597988781931000064,2020-08-21 13:46:21.931000,2527.0,2558.0,2519.0,2558.0,nan,2536.0,42742,1084346670.0,17615,2527.0,37,2526.0,13,nan,0,nan,0,nan,0,nan,0,nan,0,nan,0,nan,0,nan,0
1597988784321571072,1597988784896000000,2020-08-21 13:46:24.896000,2527.0,2558.0,2519.0,2558.0,nan,2536.0,42743,1084371940.0,17614,2527.0,36,2526.0,13,nan,0,nan,0,nan,0,nan,0,nan,0,nan,0,nan,0,nan,0
1597988787319759104,1597988787851000064,2020-08-21 13:46:27.851000,2527.0,2558.0,2519.0,2558.0,nan,2536.0,42743,1084371940.0,17614,2527.0,38,2526.0,13,nan,0,nan,0,nan,0,nan,0,nan,0,nan,0,nan,0,nan,0
1597988788818129920,1597988789437999872,2020-08-21 13:46:29.438000,2527.0,2558.0,2519.0,2558.0,nan,2536.0,42743,1084371940.0,17614,2527.0,38,2526.0,14,nan,0,nan,0,nan,0,nan,0,nan,0,nan,0,nan,0,nan,0
1597988790828414976,1597988791384000000,2020-08-21 13:46:31.384000,2527.0,2558.0,2519.0,2558.0,nan,2536.0,42747,1084473020.0,17617,2527.0,34,2526.0,15,nan,0,nan,0,nan,0,nan,0,nan,0,nan,0,nan,0,nan,0
1597988792317742080,1597988792928000000,2020-08-21 13:46:32.928000,2527.0,2558.0,2519.0,2558.0,nan,2536.0,42747,1084473020.0,17617,2527.0,34,2526.0,16,nan,0,nan,0,nan,0,nan,0,nan,0,nan,0,nan,0,nan,0
1597988794818788096,1597988795323000064,2020-08-21 13:46:35.323000,2527.0,2558.0,2519.0,2558.0,nan,2536.0,42747,1084473020.0,17617,2527.0,34,2526.0,17,nan,0,nan,0,nan,0,nan,0,nan,0,nan,0,nan,0,nan,0
1597988796318513920,1597988796877000192,2020-08-21 13:46:36.877000,2527.0,2558.0,2519.0,2558.0,nan,2536.0,42747,1084473020.0,17617,2527.0,40,2526.0,17,nan,0,nan,0,nan,0,nan,0,nan,0,nan,0,nan,0,nan,0
1597988811818095104,1597988812336999936,2020-08-21 13:46:52.337000,2527.0,2558.0,2519.0,2558.0,nan,2536.0,42747,1084473020.0,17617,2527.0,40,2526.0,19,nan,0,nan,0,nan,0,nan,0,nan,0,nan,0,nan,0,nan,0
1597988813817927936,1597988814414000128,2020-08-21 13:46:54.414000,2527.0,2558.0,2519.0,2558.0,nan,2536.0,42747,1084473020.0,17617,2527.0,41,2526.0,19,nan,0,nan,0,nan,0,nan,0,nan,0,nan,0,nan,0,nan,0
1597988815334286080,1597988815924999936,2020-08-21 13:46:55.925000,2527.0,2558.0,2519.0,2558.0,nan,2536.0,42748,1084498290.0,17616,2527.0,41,2526.0,19,nan,0,nan,0,nan,0,nan,0,nan,0,nan,0,nan,0,nan,0
1597988820319942912,1597988820904000000,2020-08-21 13:47:00.904000,2527.0,2558.0,2519.0,2558.0,nan,2536.0,42748,1084498290.0,17616,2527.0,39,2526.0,19,nan,0,nan,0,nan,0,nan,0,nan,0,nan,0,nan,0,nan,0
1597988820822246912,1597988821434000128,2020-08-21 13:47:01.434000,2527.0,2558.0,2519.0,2558.0,nan,2536.0,42748,1084498290.0,17616,2527.0,113,2526.0,16,nan,0,nan,0,nan,0,nan,0,nan,0,nan,0,nan,0,nan,0
1597988821340781056,1597988821912000000,2020-08-21 13:47:01.912000,2526.0,2558.0,2519.0,2558.0,nan,2536.0,42764,1084902450.0,17622,2527.0,133,2525.0,81,nan,0,nan,0,nan,0,nan,0,nan,0,nan,0,nan,0,nan,0
1597988824333767936,1597988824931000064,2020-08-21 13:47:04.931000,2526.0,2558.0,2519.0,2558.0,nan,2536.0,42764,1084902450.0,17622,2527.0,133,2525.0,79,nan,0,nan,0,nan,0,nan,0,nan,0,nan,0,nan,0,nan,0
1597988824821515008,1597988825438999808,2020-08-21 13:47:05.439000,2526.0,2558.0,2519.0,2558.0,nan,2536.0,42764,1084902450.0,17622,2527.0,134,2525.0,79,nan,0,nan,0,nan,0,nan,0,nan,0,nan,0,nan,0,nan,0
1597988826321543936,1597988826888000000,2020-08-21 13:47:06.888000,2526.0,2558.0,2519.0,2558.0,nan,2536.0,42764,1084902450.0,17622,2526.0,5,2525.0,79,nan,0,nan,0,nan,0,nan,0,nan,0,nan,0,nan,0,nan,0
1597988830345837056,1597988830898000128,2020-08-21 13:47:10.898000,2526.0,2558.0,2519.0,2558.0,nan,2536.0,42766,1084952970.0,17622,2527.0,39,2525.0,79,nan,0,nan,0,nan,0,nan,0,nan,0,nan,0,nan,0,nan,0
1597988830828713984,1597988831398999808,2020-08-21 13:47:11.399000,2527.0,2558.0,2519.0,2558.0,nan,2536.0,42767,1084978240.0,17621,2527.0,42,2526.0,2,nan,0,nan,0,nan,0,nan,0,nan,0,nan,0,nan,0,nan,0
1597988831831522048,1597988832433000192,2020-08-21 13:47:12.433000,2527.0,2558.0,2519.0,2558.0,nan,2536.0,42767,1084978240.0,17621,2527.0,42,2526.0,8,nan,0,nan,0,nan,0,nan,0,nan,0,nan,0,nan,0,nan,0
1597988832337260032,1597988832937999872,2020-08-21 13:47:12.938000,2526.0,2558.0,2519.0,2558.0,nan,2536.0,42772,1085104540.0,17618,2527.0,42,2526.0,2,nan,0,nan,0,nan,0,nan,0,nan,0,nan,0,nan,0,nan,0
1597988833821172992,1597988834385999872,2020-08-21 13:47:14.386000,2527.0,2558.0,2519.0,2558.0,nan,2536.0,42773,1085129810.0,17618,2527.0,41,2526.0,5,nan,0,nan,0,nan,0,nan,0,nan,0,nan,0,nan,0,nan,0
1597988834822663936,1597988835437999872,2020-08-21 13:47:15.438000,2527.0,2558.0,2519.0,2558.0,nan,2536.0,42773,1085129810.0,17618,2527.0,39,2526.0,5,nan,0,nan,0,nan,0,nan,0,nan,0,nan,0,nan,0,nan,0
1597988836347778048,1597988836877000192,2020-08-21 13:47:16.877000,2527.0,2558.0,2519.0,2558.0,nan,2536.0,42773,1085129810.0,17618,2527.0,79,2526.0,3,nan,0,nan,0,nan,0,nan,0,nan,0,nan,0,nan,0,nan,0
1597988840326241024,1597988840931000064,2020-08-21 13:47:20.931000,2527.0,2558.0,2519.0,2558.0,nan,2536.0,42774,1085155080.0,17618,2527.0,173,2526.0,4,nan,0,nan,0,nan,0,nan,0,nan,0,nan,0,nan,0,nan,0
1597988841819255040,1597988842398000128,2020-08-21 13:47:22.398000,2527.0,2558.0,2519.0,2558.0,nan,2536.0,42774,1085155080.0,17618,2527.0,173,2526.0,5,nan,0,nan,0,nan,0,nan,0,nan,0,nan,0,nan,0,nan,0
1597988844821456896,1597988845430000128,2020-08-21 13:47:25.430000,2527.0,2558.0,2519.0,2558.0,nan,2536.0,42775,1085180350.0,17618,2527.0,173,2526.0,5,nan,0,nan,0,nan,0,nan,0,nan,0,nan,0,nan,0,nan,0
1597988845332128000,1597988845921999872,2020-08-21 13:47:25.922000,2526.0,2558.0,2519.0,2558.0,nan,2536.0,42780,1085306650.0,17623,2527.0,174,2525.0,79,nan,0,nan,0,nan,0,nan,0,nan,0,nan,0,nan,0,nan,0
1597988845820939008,1597988846416000000,2020-08-21 13:47:26.416000,2526.0,2558.0,2519.0,2558.0,nan,2536.0,42780,1085306650.0,17623,2527.0,173,2525.0,79,nan,0,nan,0,nan,0,nan,0,nan,0,nan,0,nan,0,nan,0
1597988846333082112,1597988846926000128,2020-08-21 13:47:26.926000,2527.0,2558.0,2519.0,2558.0,nan,2536.0,42781,1085331920.0,17622,2527.0,172,2525.0,79,nan,0,nan,0,nan,0,nan,0,nan,0,nan,0,nan,0,nan,0
1597988852820645888,1597988853414000128,2020-08-21 13:47:33.414000,2527.0,2558.0,2519.0,2558.0,nan,2536.0,42781,1085331920.0,17622,2526.0,2,2525.0,79,nan,0,nan,0,nan,0,nan,0,nan,0,nan,0,nan,0,nan,0
1597988853323092992,1597988853916999936,2020-08-21 13:47:33.917000,2527.0,2558.0,2519.0,2558.0,nan,2536.0,42781,1085331920.0,17622,2526.0,10,2525.0,79,nan,0,nan,0,nan,0,nan,0,nan,0,nan,0,nan,0,nan,0
1597988853831432960,1597988854436999936,2020-08-21 13:47:34.437000,2527.0,2558.0,2519.0,2558.0,nan,2536.0,42781,1085331920.0,17622,2526.0,17,2525.0,79,nan,0,nan,0,nan,0,nan,0,nan,0,nan,0,nan,0,nan,0
1597988854332634880,1597988854930000128,2020-08-21 13:47:34.930000,2527.0,2558.0,2519.0,2558.0,nan,2536.0,42781,1085331920.0,17622,2526.0,20,2525.0,79,nan,0,nan,0,nan,0,nan,0,nan,0,nan,0,nan,0,nan,0
1597988854827855104,1597988855423000064,2020-08-21 13:47:35.423000,2526.0,2558.0,2519.0,2558.0,nan,2536.0,42782,1085357180.0,17622,2526.0,20,2525.0,79,nan,0,nan,0,nan,0,nan,0,nan,0,nan,0,nan,0,nan,0
1597988855323371008,1597988855928000000,2020-08-21 13:47:35.928000,2526.0,2558.0,2519.0,2558.0,nan,2536.0,42782,1085357180.0,17622,2526.0,22,2525.0,79,nan,0,nan,0,nan,0,nan,0,nan,0,nan,0,nan,0,nan,0
1597988857346818048,1597988857930000128,2020-08-21 13:47:37.930000,2526.0,2558.0,2519.0,2558.0,nan,2536.0,42782,1085357180.0,17622,2526.0,25,2525.0,79,nan,0,nan,0,nan,0,nan,0,nan,0,nan,0,nan,0,nan,0
1597988857824994048,1597988858423000064,2020-08-21 13:47:38.423000,2526.0,2558.0,2519.0,2558.0,nan,2536.0,42783,1085382440.0,17622,2526.0,27,2525.0,79,nan,0,nan,0,nan,0,nan,0,nan,0,nan,0,nan,0,nan,0
1597988858320464896,1597988858913000192,2020-08-21 13:47:38.913000,2526.0,2558.0,2519.0,2558.0,nan,2536.0,42783,1085382440.0,17622,2526.0,31,2525.0,79,nan,0,nan,0,nan,0,nan,0,nan,0,nan,0,nan,0,nan,0
1597988861823366912,1597988862410000128,2020-08-21 13:47:42.410000,2526.0,2558.0,2519.0,2558.0,nan,2536.0,42783,1085382440.0,17622,2526.0,32,2525.0,79,nan,0,nan,0,nan,0,nan,0,nan,0,nan,0,nan,0,nan,0
1597988863831216128,1597988864405999872,2020-08-21 13:47:44.406000,2526.0,2558.0,2519.0,2558.0,nan,2536.0,42783,1085382440.0,17622,2526.0,32,2525.0,80,nan,0,nan,0,nan,0,nan,0,nan,0,nan,0,nan,0,nan,0
1597988864820380928,1597988865365999872,2020-08-21 13:47:45.366000,2526.0,2558.0,2519.0,2558.0,nan,2536.0,42783,1085382440.0,17622,2526.0,32,2525.0,81,nan,0,nan,0,nan,0,nan,0,nan,0,nan,0,nan,0,nan,0
1597988865322501888,1597988865824000000,2020-08-21 13:47:45.824000,2526.0,2558.0,2519.0,2558.0,nan,2536.0,42783,1085382440.0,17622,2526.0,32,2525.0,93,nan,0,nan,0,nan,0,nan,0,nan,0,nan,0,nan,0,nan,0
1597988865828027904,1597988866323000064,2020-08-21 13:47:46.323000,2526.0,2558.0,2519.0,2558.0,nan,2536.0,42783,1085382440.0,17622,2526.0,33,2525.0,93,nan,0,nan,0,nan,0,nan,0,nan,0,nan,0,nan,0,nan,0
1597988869819606016,1597988870416000000,2020-08-21 13:47:50.416000,2526.0,2558.0,2519.0,2558.0,nan,2536.0,42783,1085382440.0,17622,2526.0,156,2525.0,93,nan,0,nan,0,nan,0,nan,0,nan,0,nan,0,nan,0,nan,0
1597988870323561984,1597988870887000064,2020-08-21 13:47:50.887000,2526.0,2558.0,2519.0,2558.0,nan,2536.0,42783,1085382440.0,17622,2526.0,166,2525.0,93,nan,0,nan,0,nan,0,nan,0,nan,0,nan,0,nan,0,nan,0
1597988871820820992,1597988872380000000,2020-08-21 13:47:52.380000,2526.0,2558.0,2519.0,2558.0,nan,2536.0,42784,1085407700.0,17622,2526.0,166,2525.0,93,nan,0,nan,0,nan,0,nan,0,nan,0,nan,0,nan,0,nan,0
1597988873341238016,1597988873916999936,2020-08-21 13:47:53.917000,2526.0,2558.0,2519.0,2558.0,nan,2536.0,42784,1085407700.0,17622,2526.0,166,2525.0,94,nan,0,nan,0,nan,0,nan,0,nan,0,nan,0,nan,0,nan,0
1597988875820580096,1597988876424000000,2020-08-21 13:47:56.424000,2526.0,2558.0,2519.0,2558.0,nan,2536.0,42784,1085407700.0,17622,2526.0,166,2525.0,97,nan,0,nan,0,nan,0,nan,0,nan,0,nan,0,nan,0,nan,0
1597988877323278080,1597988877917999872,2020-08-21 13:47:57.918000,2526.0,2558.0,2519.0,2558.0,nan,2536.0,42785,1085432960.0,17621,2526.0,165,2525.0,97,nan,0,nan,0,nan,0,nan,0,nan,0,nan,0,nan,0,nan,0
1597988881349970944,1597988881912000000,2020-08-21 13:48:01.912000,2526.0,2558.0,2519.0,2558.0,nan,2536.0,42785,1085432960.0,17621,2526.0,170,2525.0,97,nan,0,nan,0,nan,0,nan,0,nan,0,nan,0,nan,0,nan,0
1597988882103880960,1597988882430000128,2020-08-21 13:48:02.430000,2526.0,2558.0,2519.0,2558.0,nan,2536.0,42785,1085432960.0,17621,2526.0,167,2525.0,97,nan,0,nan,0,nan,0,nan,0,nan,0,nan,0,nan,0,nan,0
1597988882338195968,1597988882892999936,2020-08-21 13:48:02.893000,2525.0,2558.0,2519.0,2558.0,nan,2536.0,42786,1085458210.0,17620,2526.0,168,2525.0,98,nan,0,nan,0,nan,0,nan,0,nan,0,nan,0,nan,0,nan,0
1597988882820880896,1597988883424999936,2020-08-21 13:48:03.425000,2526.0,2558.0,2519.0,2558.0,nan,2536.0,42787,1085483470.0,17620,2526.0,164,2525.0,98,nan,0,nan,0,nan,0,nan,0,nan,0,nan,0,nan,0,nan,0
1597988883321116928,1597988883928000000,2020-08-21 13:48:03.928000,2526.0,2558.0,2519.0,2558.0,nan,2536.0,42787,1085483470.0,17620,2526.0,162,2525.0,98,nan,0,nan,0,nan,0,nan,0,nan,0,nan,0,nan,0,nan,0
1597988885356955904,1597988885900999936,2020-08-21 13:48:05.901000,2526.0,2558.0,2519.0,2558.0,nan,2536.0,42788,1085508730.0,17619,2526.0,161,2525.0,98,nan,0,nan,0,nan,0,nan,0,nan,0,nan,0,nan,0,nan,0
1597988886327532032,1597988886900000000,2020-08-21 13:48:06.900000,2526.0,2558.0,2519.0,2558.0,nan,2536.0,42788,1085508730.0,17619,2526.0,148,2525.0,98,nan,0,nan,0,nan,0,nan,0,nan,0,nan,0,nan,0,nan,0
1597988886850462976,1597988887401999872,2020-08-21 13:48:07.402000,2526.0,2558.0,2519.0,2558.0,nan,2536.0,42788,1085508730.0,17619,2526.0,147,2525.0,98,nan,0,nan,0,nan,0,nan,0,nan,0,nan,0,nan,0,nan,0
1597988900322514944,1597988900938999808,2020-08-21 13:48:20.939000,2526.0,2558.0,2519.0,2558.0,nan,2536.0,42788,1085508730.0,17619,2526.0,147,2525.0,96,nan,0,nan,0,nan,0,nan,0,nan,0,nan,0,nan,0,nan,0
1597988903821865984,1597988904416999936,2020-08-21 13:48:24.417000,2525.0,2558.0,2519.0,2558.0,nan,2536.0,42790,1085559230.0,17617,2526.0,147,2525.0,94,nan,0,nan,0,nan,0,nan,0,nan,0,nan,0,nan,0,nan,0
1597988906820503040,1597988907380000000,2020-08-21 13:48:27.380000,2525.0,2558.0,2519.0,2558.0,nan,2536.0,42791,1085584480.0,17617,2526.0,147,2525.0,93,nan,0,nan,0,nan,0,nan,0,nan,0,nan,0,nan,0,nan,0
1597988907320294912,1597988907926000128,2020-08-21 13:48:27.926000,2525.0,2558.0,2519.0,2558.0,nan,2536.0,42791,1085584480.0,17617,2526.0,148,2525.0,93,nan,0,nan,0,nan,0,nan,0,nan,0,nan,0,nan,0,nan,0
1597988908338393088,1597988908928999936,2020-08-21 13:48:28.929000,2526.0,2558.0,2519.0,2558.0,nan,2536.0,42792,1085609740.0,17616,2526.0,147,2525.0,93,nan,0,nan,0,nan,0,nan,0,nan,0,nan,0,nan,0,nan,0
1597988908822611968,1597988909407000064,2020-08-21 13:48:29.407000,2525.0,2558.0,2519.0,2558.0,nan,2536.0,42797,1085735990.0,17611,2526.0,147,2525.0,88,nan,0,nan,0,nan,0,nan,0,nan,0,nan,0,nan,0,nan,0
1597988909820449024,1597988910436999936,2020-08-21 13:48:30.437000,2525.0,2558.0,2519.0,2558.0,nan,2536.0,42802,1085862240.0,17606,2526.0,147,2525.0,83,nan,0,nan,0,nan,0,nan,0,nan,0,nan,0,nan,0,nan,0
1597988917820864000,1597988918420000000,2020-08-21 13:48:38.420000,2525.0,2558.0,2519.0,2558.0,nan,2536.0,42802,1085862240.0,17606,2526.0,147,2525.0,84,nan,0,nan,0,nan,0,nan,0,nan,0,nan,0,nan,0,nan,0
1597988930818331904,1597988931434000128,2020-08-21 13:48:51.434000,2525.0,2558.0,2519.0,2558.0,nan,2536.0,42803,1085887490.0,17605,2526.0,147,2525.0,83,nan,0,nan,0,nan,0,nan,0,nan,0,nan,0,nan,0,nan,0
1597988931322349056,1597988931920000000,2020-08-21 13:48:51.920000,2526.0,2558.0,2519.0,2558.0,nan,2536.0,42804,1085912750.0,17604,2526.0,147,2525.0,83,nan,0,nan,0,nan,0,nan,0,nan,0,nan,0,nan,0,nan,0
1597988931820510976,1597988932413000192,2020-08-21 13:48:52.413000,2526.0,2558.0,2519.0,2558.0,nan,2536.0,42804,1085912750.0,17604,2526.0,147,2525.0,88,nan,0,nan,0,nan,0,nan,0,nan,0,nan,0,nan,0,nan,0
1597988939318838016,1597988939931000064,2020-08-21 13:48:59.931000,2526.0,2558.0,2519.0,2558.0,nan,2536.0,42806,1085963270.0,17603,2526.0,145,2525.0,88,nan,0,nan,0,nan,0,nan,0,nan,0,nan,0,nan,0,nan,0
1597988939821614080,1597988940407000064,2020-08-21 13:49:00.407000,2526.0,2558.0,2519.0,2558.0,nan,2536.0,42806,1085963270.0,17603,2526.0,151,2525.0,88,nan,0,nan,0,nan,0,nan,0,nan,0,nan,0,nan,0,nan,0
1597988942319939072,1597988942860999936,2020-08-21 13:49:02.861000,2525.0,2558.0,2519.0,2558.0,nan,2536.0,42807,1085988520.0,17603,2526.0,151,2525.0,87,nan,0,nan,0,nan,0,nan,0,nan,0,nan,0,nan,0,nan,0
1597988942820129024,1597988943428000000,2020-08-21 13:49:03.428000,2525.0,2558.0,2519.0,2558.0,nan,2536.0,42807,1085988520.0,17603,2526.0,151,2525.0,88,nan,0,nan,0,nan,0,nan,0,nan,0,nan,0,nan,0,nan,0
1597988944820640000,1597988945415000064,2020-08-21 13:49:05.415000,2525.0,2558.0,2519.0,2558.0,nan,2536.0,42807,1085988520.0,17603,2526.0,151,2525.0,89,nan,0,nan,0,nan,0,nan,0,nan,0,nan,0,nan,0,nan,0
1597988945325591040,1597988945912000000,2020-08-21 13:49:05.912000,2525.0,2558.0,2519.0,2558.0,nan,2536.0,42807,1085988520.0,17603,2526.0,153,2525.0,89,nan,0,nan,0,nan,0,nan,0,nan,0,nan,0,nan,0,nan,0
1597988945824011008,1597988946376000000,2020-08-21 13:49:06.376000,2526.0,2558.0,2519.0,2558.0,nan,2536.0,42812,1086114820.0,17604,2526.0,148,2525.0,89,nan,0,nan,0,nan,0,nan,0,nan,0,nan,0,nan,0,nan,0
1597988949322191104,1597988949823000064,2020-08-21 13:49:09.823000,2525.0,2558.0,2519.0,2558.0,nan,2536.0,42814,1086165320.0,17602,2526.0,148,2525.0,87,nan,0,nan,0,nan,0,nan,0,nan,0,nan,0,nan,0,nan,0
1597988956817979904,1597988957360000000,2020-08-21 13:49:17.360000,2525.0,2558.0,2519.0,2558.0,nan,2536.0,42814,1086165320.0,17602,2526.0,148,2525.0,97,nan,0,nan,0,nan,0,nan,0,nan,0,nan,0,nan,0,nan,0
1597988957346853888,1597988957823000064,2020-08-21 13:49:17.823000,2525.0,2558.0,2519.0,2558.0,nan,2536.0,42817,1086241070.0,17602,2526.0,148,2525.0,95,nan,0,nan,0,nan,0,nan,0,nan,0,nan,0,nan,0,nan,0
1597988958821646080,1597988959420999936,2020-08-21 13:49:19.421000,2526.0,2558.0,2519.0,2558.0,nan,2536.0,42818,1086266330.0,17601,2526.0,147,2525.0,95,nan,0,nan,0,nan,0,nan,0,nan,0,nan,0,nan,0,nan,0
1597988959357953024,1597988959930000128,2020-08-21 13:49:19.930000,2526.0,2558.0,2519.0,2558.0,nan,2536.0,42818,1086266330.0,17601,2526.0,148,2525.0,95,nan,0,nan,0,nan,0,nan,0,nan,0,nan,0,nan,0,nan,0
1597988960319299072,1597988960848000000,2020-08-21 13:49:20.848000,2526.0,2558.0,2519.0,2558.0,nan,2536.0,42818,1086266330.0,17601,2526.0,150,2525.0,95,nan,0,nan,0,nan,0,nan,0,nan,0,nan,0,nan,0,nan,0
1597988970319791104,1597988970891000064,2020-08-21 13:49:30.891000,2526.0,2558.0,2519.0,2558.0,nan,2536.0,42819,1086291590.0,17600,2526.0,149,2525.0,95,nan,0,nan,0,nan,0,nan,0,nan,0,nan,0,nan,0,nan,0
1597988970831079936,1597988971384000000,2020-08-21 13:49:31.384000,2526.0,2558.0,2519.0,2558.0,nan,2536.0,42819,1086291590.0,17600,2526.0,153,2525.0,95,nan,0,nan,0,nan,0,nan,0,nan,0,nan,0,nan,0,nan,0
1597988982323038976,1597988982828000000,2020-08-21 13:49:42.828000,2526.0,2558.0,2519.0,2558.0,nan,2536.0,42827,1086493660.0,17600,2526.0,147,2525.0,93,nan,0,nan,0,nan,0,nan,0,nan,0,nan,0,nan,0,nan,0
1597988986819709952,1597988987403000064,2020-08-21 13:49:47.403000,2526.0,2558.0,2519.0,2558.0,nan,2536.0,42827,1086493660.0,17600,2526.0,147,2525.0,88,nan,0,nan,0,nan,0,nan,0,nan,0,nan,0,nan,0,nan,0
1597988987316465920,1597988987926000128,2020-08-21 13:49:47.926000,2526.0,2558.0,2519.0,2558.0,nan,2536.0,42827,1086493660.0,17600,2526.0,147,2525.0,93,nan,0,nan,0,nan,0,nan,0,nan,0,nan,0,nan,0,nan,0
1597988988318696960,1597988988891000064,2020-08-21 13:49:48.891000,2526.0,2558.0,2519.0,2558.0,nan,2536.0,42828,1086518920.0,17600,2526.0,146,2525.0,93,nan,0,nan,0,nan,0,nan,0,nan,0,nan,0,nan,0,nan,0
1597988993817385984,1597988994414000128,2020-08-21 13:49:54.414000,2526.0,2558.0,2519.0,2558.0,nan,2536.0,42829,1086544180.0,17599,2526.0,145,2525.0,93,nan,0,nan,0,nan,0,nan,0,nan,0,nan,0,nan,0,nan,0
1597989001317499904,1597989001840000000,2020-08-21 13:50:01.840000,2526.0,2558.0,2519.0,2558.0,nan,2536.0,42830,1086569440.0,17598,2526.0,144,2525.0,93,nan,0,nan,0,nan,0,nan,0,nan,0,nan,0,nan,0,nan,0
1597989001826650112,1597989002355000064,2020-08-21 13:50:02.355000,2526.0,2558.0,2519.0,2558.0,nan,2536.0,42831,1086594700.0,17597,2526.0,143,2525.0,93,nan,0,nan,0,nan,0,nan,0,nan,0,nan,0,nan,0,nan,0
1597989003349328896,1597989003904999936,2020-08-21 13:50:03.905000,2526.0,2558.0,2519.0,2558.0,nan,2536.0,42831,1086594700.0,17597,2526.0,143,2525.0,92,nan,0,nan,0,nan,0,nan,0,nan,0,nan,0,nan,0,nan,0
1597989003820067072,1597989004433000192,2020-08-21 13:50:04.433000,2526.0,2558.0,2519.0,2558.0,nan,2536.0,42831,1086594700.0,17597,2526.0,143,2525.0,93,nan,0,nan,0,nan,0,nan,0,nan,0,nan,0,nan,0,nan,0
1597989005818803968,1597989006430000128,2020-08-21 13:50:06.430000,2526.0,2558.0,2519.0,2558.0,nan,2536.0,42831,1086594700.0,17597,2526.0,223,2525.0,93,nan,0,nan,0,nan,0,nan,0,nan,0,nan,0,nan,0,nan,0
1597989009821434880,1597989010359000064,2020-08-21 13:50:10.359000,2526.0,2558.0,2519.0,2558.0,nan,2536.0,42831,1086594700.0,17597,2526.0,225,2525.0,93,nan,0,nan,0,nan,0,nan,0,nan,0,nan,0,nan,0,nan,0
1597989016828009984,1597989017432000000,2020-08-21 13:50:17.432000,2526.0,2558.0,2519.0,2558.0,nan,2536.0,42831,1086594700.0,17597,2526.0,225,2525.0,94,nan,0,nan,0,nan,0,nan,0,nan,0,nan,0,nan,0,nan,0
1597989017319121920,1597989017931000064,2020-08-21 13:50:17.931000,2526.0,2558.0,2519.0,2558.0,nan,2536.0,42831,1086594700.0,17597,2526.0,230,2525.0,94,nan,0,nan,0,nan,0,nan,0,nan,0,nan,0,nan,0,nan,0
1597989022821640960,1597989023433000192,2020-08-21 13:50:23.433000,2526.0,2558.0,2519.0,2558.0,nan,2536.0,42831,1086594700.0,17597,2526.0,230,2525.0,95,nan,0,nan,0,nan,0,nan,0,nan,0,nan,0,nan,0,nan,0
1597989030820400128,1597989031348999936,2020-08-21 13:50:31.349000,2526.0,2558.0,2519.0,2558.0,nan,2536.0,42836,1086721000.0,17592,2526.0,231,2525.0,95,nan,0,nan,0,nan,0,nan,0,nan,0,nan,0,nan,0,nan,0
1597989031351337984,1597989031938999808,2020-08-21 13:50:31.939000,2525.0,2558.0,2519.0,2558.0,nan,2536.0,42931,1089119750.0,17623,2526.0,231,2525.0,3,nan,0,nan,0,nan,0,nan,0,nan,0,nan,0,nan,0,nan,0
1597989031816975104,1597989032438999808,2020-08-21 13:50:32.439000,2524.0,2558.0,2519.0,2558.0,nan,2536.0,42939,1089321720.0,17625,2525.0,126,2524.0,78,nan,0,nan,0,nan,0,nan,0,nan,0,nan,0,nan,0,nan,0
1597989032330298880,1597989032908000000,2020-08-21 13:50:32.908000,2524.0,2558.0,2519.0,2558.0,nan,2536.0,42995,1090735160.0,17654,2525.0,130,2524.0,23,nan,0,nan,0,nan,0,nan,0,nan,0,nan,0,nan,0,nan,0
1597989032819584000,1597989033424999936,2020-08-21 13:50:33.425000,2524.0,2558.0,2519.0,2558.0,nan,2536.0,43017,1091290440.0,17675,2524.0,120,2523.0,16,nan,0,nan,0,nan,0,nan,0,nan,0,nan,0,nan,0,nan,0
1597989033320864000,1597989033874000128,2020-08-21 13:50:33.874000,2524.0,2558.0,2519.0,2558.0,nan,2536.0,43017,1091290440.0,17675,2524.0,140,2523.0,16,nan,0,nan,0,nan,0,nan,0,nan,0,nan,0,nan,0,nan,0
1597989033818319872,1597989034420999936,2020-08-21 13:50:34.421000,2524.0,2558.0,2519.0,2558.0,nan,2536.0,43017,1091290440.0,17675,2524.0,142,2523.0,16,nan,0,nan,0,nan,0,nan,0,nan,0,nan,0,nan,0,nan,0
1597989034821682944,1597989035395000064,2020-08-21 13:50:35.395000,2524.0,2558.0,2519.0,2558.0,nan,2536.0,43017,1091290440.0,17675,2524.0,124,2523.0,17,nan,0,nan,0,nan,0,nan,0,nan,0,nan,0,nan,0,nan,0
1597989037329513984,1597989037898000128,2020-08-21 13:50:37.898000,2524.0,2558.0,2519.0,2558.0,nan,2536.0,43017,1091290440.0,17675,2524.0,127,2523.0,17,nan,0,nan,0,nan,0,nan,0,nan,0,nan,0,nan,0,nan,0
1597989037818932992,1597989038412000000,2020-08-21 13:50:38.412000,2524.0,2558.0,2519.0,2558.0,nan,2536.0,43017,1091290440.0,17675,2524.0,128,2523.0,17,nan,0,nan,0,nan,0,nan,0,nan,0,nan,0,nan,0,nan,0
1597989038319133952,1597989038917999872,2020-08-21 13:50:38.918000,2524.0,2558.0,2519.0,2558.0,nan,2536.0,43017,1091290440.0,17675,2524.0,133,2523.0,16,nan,0,nan,0,nan,0,nan,0,nan,0,nan,0,nan,0,nan,0
1597989038820160000,1597989039433000192,2020-08-21 13:50:39.433000,2524.0,2558.0,2519.0,2558.0,nan,2536.0,43017,1091290440.0,17675,2524.0,134,2523.0,16,nan,0,nan,0,nan,0,nan,0,nan,0,nan,0,nan,0,nan,0
1597989041820276992,1597989042432000000,2020-08-21 13:50:42.432000,2524.0,2558.0,2519.0,2558.0,nan,2536.0,43017,1091290440.0,17675,2524.0,134,2523.0,17,nan,0,nan,0,nan,0,nan,0,nan,0,nan,0,nan,0,nan,0
1597989042818963968,1597989043404000000,2020-08-21 13:50:43.404000,2523.0,2558.0,2519.0,2558.0,nan,2536.0,43018,1091315670.0,17675,2524.0,136,2523.0,18,nan,0,nan,0,nan,0,nan,0,nan,0,nan,0,nan,0,nan,0
1597989045820066048,1597989046404000000,2020-08-21 13:50:46.404000,2523.0,2558.0,2519.0,2558.0,nan,2536.0,43018,1091315670.0,17675,2524.0,136,2523.0,19,nan,0,nan,0,nan,0,nan,0,nan,0,nan,0,nan,0,nan,0
1597989046330418944,1597989046928999936,2020-08-21 13:50:46.929000,2523.0,2558.0,2519.0,2558.0,nan,2536.0,43018,1091315670.0,17675,2524.0,136,2523.0,18,nan,0,nan,0,nan,0,nan,0,nan,0,nan,0,nan,0,nan,0
1597989046817110016,1597989047410000128,2020-08-21 13:50:47.410000,2523.0,2558.0,2519.0,2558.0,nan,2536.0,43018,1091315670.0,17675,2524.0,136,2523.0,17,nan,0,nan,0,nan,0,nan,0,nan,0,nan,0,nan,0,nan,0
1597989047820741888,1597989048428000000,2020-08-21 13:50:48.428000,2523.0,2558.0,2519.0,2558.0,nan,2536.0,43018,1091315670.0,17675,2524.0,136,2523.0,18,nan,0,nan,0,nan,0,nan,0,nan,0,nan,0,nan,0,nan,0
1597989048318664960,1597989048933000192,2020-08-21 13:50:48.933000,2523.0,2558.0,2519.0,2558.0,nan,2536.0,43018,1091315670.0,17675,2524.0,136,2523.0,19,nan,0,nan,0,nan,0,nan,0,nan,0,nan,0,nan,0,nan,0
1597989048820133888,1597989049424999936,2020-08-21 13:50:49.425000,2523.0,2558.0,2519.0,2558.0,nan,2536.0,43018,1091315670.0,17675,2524.0,138,2523.0,19,nan,0,nan,0,nan,0,nan,0,nan,0,nan,0,nan,0,nan,0
1597989051319094016,1597989051900999936,2020-08-21 13:50:51.901000,2523.0,2558.0,2519.0,2558.0,nan,2536.0,43018,1091315670.0,17675,2524.0,258,2523.0,18,nan,0,nan,0,nan,0,nan,0,nan,0,nan,0,nan,0,nan,0
1597989052331386112,1597989052921999872,2020-08-21 13:50:52.922000,2523.0,2558.0,2519.0,2558.0,nan,2536.0,43025,1091492280.0,17675,2524.0,258,2523.0,11,nan,0,nan,0,nan,0,nan,0,nan,0,nan,0,nan,0,nan,0
1597989052820001024,1597989053438999808,2020-08-21 13:50:53.439000,2523.0,2558.0,2519.0,2558.0,nan,2536.0,43035,1091744580.0,17682,2523.0,123,2522.0,24,nan,0,nan,0,nan,0,nan,0,nan,0,nan,0,nan,0,nan,0
1597989053317320960,1597989053920000000,2020-08-21 13:50:53.920000,2523.0,2558.0,2519.0,2558.0,nan,2536.0,43035,1091744580.0,17682,2523.0,124,2522.0,18,nan,0,nan,0,nan,0,nan,0,nan,0,nan,0,nan,0,nan,0
1597989053820165120,1597989054430000128,2020-08-21 13:50:54.430000,2523.0,2558.0,2519.0,2558.0,nan,2536.0,43036,1091769810.0,17683,2523.0,124,2522.0,14,nan,0,nan,0,nan,0,nan,0,nan,0,nan,0,nan,0,nan,0
1597989054320657920,1597989054912000000,2020-08-21 13:50:54.912000,2523.0,2558.0,2519.0,2558.0,nan,2536.0,43038,1091820270.0,17685,2523.0,122,2522.0,14,nan,0,nan,0,nan,0,nan,0,nan,0,nan,0,nan,0,nan,0
1597989055821672960,1597989056432000000,2020-08-21 13:50:56.432000,2523.0,2558.0,2519.0,2558.0,nan,2536.0,43039,1091845500.0,17686,2523.0,126,2522.0,14,nan,0,nan,0,nan,0,nan,0,nan,0,nan,0,nan,0,nan,0
1597989056346419968,1597989056935000064,2020-08-21 13:50:56.935000,2523.0,2558.0,2519.0,2558.0,nan,2536.0,43039,1091845500.0,17686,2523.0,130,2522.0,14,nan,0,nan,0,nan,0,nan,0,nan,0,nan,0,nan,0,nan,0
1597989057319314944,1597989057927000064,2020-08-21 13:50:57.927000,2522.0,2558.0,2519.0,2558.0,nan,2536.0,43041,1091895940.0,17686,2523.0,131,2522.0,14,nan,0,nan,0,nan,0,nan,0,nan,0,nan,0,nan,0,nan,0
1597989058328805888,1597989058882999808,2020-08-21 13:50:58.883000,2522.0,2558.0,2519.0,2558.0,nan,2536.0,43050,1092122920.0,17694,2523.0,134,2522.0,5,nan,0,nan,0,nan,0,nan,0,nan,0,nan,0,nan,0,nan,0
1597989060819041024,1597989061404999936,2020-08-21 13:51:01.405000,2522.0,2558.0,2519.0,2558.0,nan,2536.0,43050,1092122920.0,17694,2523.0,133,2522.0,4,nan,0,nan,0,nan,0,nan,0,nan,0,nan,0,nan,0,nan,0
1597989061337766912,1597989061829999872,2020-08-21 13:51:01.830000,2522.0,2558.0,2519.0,2558.0,nan,2536.0,43162,1094947520.0,17613,2522.0,20,2521.0,78,nan,0,nan,0,nan,0,nan,0,nan,0,nan,0,nan,0,nan,0
1597989061820695040,1597989062390000128,2020-08-21 13:51:02.390000,2522.0,2558.0,2519.0,2558.0,nan,2536.0,43187,1095578020.0,17601,2523.0,36,2522.0,18,nan,0,nan,0,nan,0,nan,0,nan,0,nan,0,nan,0,nan,0
1597989062320667904,1597989062910000128,2020-08-21 13:51:02.910000,2523.0,2558.0,2519.0,2558.0,nan,2536.0,43189,1095628470.0,17602,2523.0,42,2522.0,15,nan,0,nan,0,nan,0,nan,0,nan,0,nan,0,nan,0,nan,0
1597989062816850944,1597989063434000128,2020-08-21 13:51:03.434000,2523.0,2558.0,2519.0,2558.0,nan,2536.0,43190,1095653700.0,17603,2523.0,42,2522.0,11,nan,0,nan,0,nan,0,nan,0,nan,0,nan,0,nan,0,nan,0
1597989063319638016,1597989063923000064,2020-08-21 13:51:03.923000,2522.0,2558.0,2519.0,2558.0,nan,2536.0,43192,1095704150.0,17604,2523.0,44,2522.0,11,nan,0,nan,0,nan,0,nan,0,nan,0,nan,0,nan,0,nan,0
1597989063818590976,1597989064433000192,2020-08-21 13:51:04.433000,2522.0,2558.0,2519.0,2558.0,nan,2536.0,43192,1095704150.0,17604,2523.0,51,2522.0,11,nan,0,nan,0,nan,0,nan,0,nan,0,nan,0,nan,0,nan,0
1597989064347622912,1597989064935000064,2020-08-21 13:51:04.935000,2522.0,2558.0,2519.0,2558.0,nan,2536.0,43194,1095754590.0,17605,2523.0,51,2522.0,9,nan,0,nan,0,nan,0,nan,0,nan,0,nan,0,nan,0,nan,0
1597989064818544128,1597989065414000128,2020-08-21 13:51:05.414000,2522.0,2558.0,2519.0,2558.0,nan,2536.0,43205,1096032010.0,17598,2523.0,46,2522.0,18,nan,0,nan,0,nan,0,nan,0,nan,0,nan,0,nan,0,nan,0
1597989065323593984,1597989065915000064,2020-08-21 13:51:05.915000,2522.0,2558.0,2519.0,2558.0,nan,2536.0,43206,1096057230.0,17598,2523.0,46,2522.0,8,nan,0,nan,0,nan,0,nan,0,nan,0,nan,0,nan,0,nan,0
1597989066318665984,1597989066926000128,2020-08-21 13:51:06.926000,2522.0,2558.0,2519.0,2558.0,nan,2536.0,43207,1096082450.0,17598,2523.0,51,2522.0,8,nan,0,nan,0,nan,0,nan,0,nan,0,nan,0,nan,0,nan,0
1597989066819504128,1597989067404999936,2020-08-21 13:51:07.405000,2522.0,2558.0,2519.0,2558.0,nan,2536.0,43207,1096082450.0,17598,2523.0,51,2522.0,9,nan,0,nan,0,nan,0,nan,0,nan,0,nan,0,nan,0,nan,0
1597989067349035008,1597989067928999936,2020-08-21 13:51:07.929000,2522.0,2558.0,2519.0,2558.0,nan,2536.0,43208,1096107670.0,17598,2523.0,50,2522.0,9,nan,0,nan,0,nan,0,nan,0,nan,0,nan,0,nan,0,nan,0
1597989068319152896,1597989068916000000,2020-08-21 13:51:08.916000,2522.0,2558.0,2519.0,2558.0,nan,2536.0,43209,1096132890.0,17598,2523.0,50,2522.0,8,nan,0,nan,0,nan,0,nan,0,nan,0,nan,0,nan,0,nan,0
1597989068819449088,1597989069438999808,2020-08-21 13:51:09.439000,2522.0,2558.0,2519.0,2558.0,nan,2536.0,43209,1096132890.0,17598,2523.0,49,2522.0,8,nan,0,nan,0,nan,0,nan,0,nan,0,nan,0,nan,0,nan,0
1597989069327941888,1597989069926000128,2020-08-21 13:51:09.926000,2522.0,2558.0,2519.0,2558.0,nan,2536.0,43210,1096158110.0,17598,2523.0,49,2522.0,7,nan,0,nan,0,nan,0,nan,0,nan,0,nan,0,nan,0,nan,0
1597989069818391040,1597989070410000128,2020-08-21 13:51:10.410000,2522.0,2558.0,2519.0,2558.0,nan,2536.0,43210,1096158110.0,17598,2523.0,169,2522.0,7,nan,0,nan,0,nan,0,nan,0,nan,0,nan,0,nan,0,nan,0
1597989070321649920,1597989070845999872,2020-08-21 13:51:10.846000,2522.0,2558.0,2519.0,2558.0,nan,2536.0,43215,1096284210.0,17599,2522.0,1,2521.0,78,nan,0,nan,0,nan,0,nan,0,nan,0,nan,0,nan,0,nan,0
1597989070817506048,1597989071408000000,2020-08-21 13:51:11.408000,2522.0,2558.0,2519.0,2558.0,nan,2536.0,43215,1096284210.0,17599,2522.0,6,2521.0,78,nan,0,nan,0,nan,0,nan,0,nan,0,nan,0,nan,0,nan,0
1597989071318881024,1597989071920000000,2020-08-21 13:51:11.920000,2521.0,2558.0,2519.0,2558.0,nan,2536.0,43216,1096309420.0,17599,2522.0,6,2521.0,77,nan,0,nan,0,nan,0,nan,0,nan,0,nan,0,nan,0,nan,0
1597989071819683072,1597989072428000000,2020-08-21 13:51:12.428000,2522.0,2558.0,2519.0,2558.0,nan,2536.0,43217,1096334640.0,17600,2522.0,6,2521.0,77,nan,0,nan,0,nan,0,nan,0,nan,0,nan,0,nan,0,nan,0
1597989072319695872,1597989072933000192,2020-08-21 13:51:12.933000,2521.0,2558.0,2519.0,2558.0,nan,2536.0,43218,1096359850.0,17600,2522.0,11,2521.0,76,nan,0,nan,0,nan,0,nan,0,nan,0,nan,0,nan,0,nan,0
1597989072816886016,1597989073415000064,2020-08-21 13:51:13.415000,2521.0,2558.0,2519.0,2558.0,nan,2536.0,43220,1096410270.0,17598,2522.0,20,2521.0,74,nan,0,nan,0,nan,0,nan,0,nan,0,nan,0,nan,0,nan,0
1597989073321114112,1597989073908000000,2020-08-21 13:51:13.908000,2521.0,2558.0,2519.0,2558.0,nan,2536.0,43222,1096460690.0,17598,2522.0,20,2521.0,72,nan,0,nan,0,nan,0,nan,0,nan,0,nan,0,nan,0,nan,0
1597989075318928896,1597989075823000064,2020-08-21 13:51:15.823000,2521.0,2558.0,2519.0,2558.0,nan,2536.0,43222,1096460690.0,17598,2522.0,40,2521.0,72,nan,0,nan,0,nan,0,nan,0,nan,0,nan,0,nan,0,nan,0
1597989075822672896,1597989076417999872,2020-08-21 13:51:16.418000,2521.0,2558.0,2519.0,2558.0,nan,2536.0,43222,1096460690.0,17598,2522.0,40,2521.0,73,nan,0,nan,0,nan,0,nan,0,nan,0,nan,0,nan,0,nan,0
1597989076369678080,1597989076920000000,2020-08-21 13:51:16.920000,2521.0,2558.0,2519.0,2558.0,nan,2536.0,43222,1096460690.0,17598,2522.0,43,2521.0,73,nan,0,nan,0,nan,0,nan,0,nan,0,nan,0,nan,0,nan,0
1597989078818942976,1597989079400000000,2020-08-21 13:51:19.400000,2521.0,2558.0,2519.0,2558.0,nan,2536.0,43222,1096460690.0,17598,2522.0,42,2521.0,73,nan,0,nan,0,nan,0,nan,0,nan,0,nan,0,nan,0,nan,0
1597989079340929024,1597989079933000192,2020-08-21 13:51:19.933000,2522.0,2558.0,2519.0,2558.0,nan,2536.0,43264,1097519930.0,17569,2523.0,183,2521.0,73,nan,0,nan,0,nan,0,nan,0,nan,0,nan,0,nan,0,nan,0
1597989079866371072,1597989080352999936,2020-08-21 13:51:20.353000,2522.0,2558.0,2519.0,2558.0,nan,2536.0,43265,1097545150.0,17569,2523.0,183,2522.0,13,nan,0,nan,0,nan,0,nan,0,nan,0,nan,0,nan,0,nan,0
1597989080333172992,1597989080884000000,2020-08-21 13:51:20.884000,2522.0,2558.0,2519.0,2558.0,nan,2536.0,43269,1097646030.0,17568,2523.0,185,2522.0,14,nan,0,nan,0,nan,0,nan,0,nan,0,nan,0,nan,0,nan,0
1597989080826787072,1597989081369999872,2020-08-21 13:51:21.370000,2522.0,2558.0,2519.0,2558.0,nan,2536.0,43269,1097646030.0,17568,2523.0,185,2522.0,20,nan,0,nan,0,nan,0,nan,0,nan,0,nan,0,nan,0,nan,0
1597989084321585920,1597989084871000064,2020-08-21 13:51:24.871000,2522.0,2558.0,2519.0,2558.0,nan,2536.0,43290,1098175650.0,17564,2523.0,184,2521.0,71,nan,0,nan,0,nan,0,nan,0,nan,0,nan,0,nan,0,nan,0
1597989086328141056,1597989086923000064,2020-08-21 13:51:26.923000,2522.0,2558.0,2519.0,2558.0,nan,2536.0,43290,1098175650.0,17564,2523.0,185,2521.0,71,nan,0,nan,0,nan,0,nan,0,nan,0,nan,0,nan,0,nan,0
1597989088826348032,1597989089392000000,2020-08-21 13:51:29.392000,2522.0,2558.0,2519.0,2558.0,nan,2536.0,43290,1098175650.0,17564,2523.0,185,2522.0,1,nan,0,nan,0,nan,0,nan,0,nan,0,nan,0,nan,0,nan,0
1597989090818054912,1597989091437999872,2020-08-21 13:51:31.438000,2522.0,2558.0,2519.0,2558.0,nan,2536.0,43291,1098200870.0,17564,2522.0,19,2521.0,71,nan,0,nan,0,nan,0,nan,0,nan,0,nan,0,nan,0,nan,0
1597989091327150080,1597989091931000064,2020-08-21 13:51:31.931000,2522.0,2558.0,2519.0,2558.0,nan,2536.0,43292,1098226090.0,17563,2522.0,18,2521.0,71,nan,0,nan,0,nan,0,nan,0,nan,0,nan,0,nan,0,nan,0
1597989092326004992,1597989092926000128,2020-08-21 13:51:32.926000,2522.0,2558.0,2519.0,2558.0,nan,2536.0,43292,1098226090.0,17563,2522.0,19,2521.0,69,nan,0,nan,0,nan,0,nan,0,nan,0,nan,0,nan,0,nan,0
1597989092819816960,1597989093432000000,2020-08-21 13:51:33.432000,2522.0,2558.0,2519.0,2558.0,nan,2536.0,43292,1098226090.0,17563,2522.0,20,2521.0,69,nan,0,nan,0,nan,0,nan,0,nan,0,nan,0,nan,0,nan,0
1597989093826308096,1597989094380000000,2020-08-21 13:51:34.380000,2522.0,2558.0,2519.0,2558.0,nan,2536.0,43312,1098730490.0,17545,2523.0,186,2521.0,69,nan,0,nan,0,nan,0,nan,0,nan,0,nan,0,nan,0,nan,0
1597989094337434112,1597989094900000000,2020-08-21 13:51:34.900000,2522.0,2558.0,2519.0,2558.0,nan,2536.0,43313,1098755710.0,17545,2523.0,186,2521.0,70,nan,0,nan,0,nan,0,nan,0,nan,0,nan,0,nan,0,nan,0
1597989094825390080,1597989095420000000,2020-08-21 13:51:35.420000,2522.0,2558.0,2519.0,2558.0,nan,2536.0,43313,1098755710.0,17545,2523.0,186,2522.0,13,nan,0,nan,0,nan,0,nan,0,nan,0,nan,0,nan,0,nan,0
1597989096318119936,1597989096935000064,2020-08-21 13:51:36.935000,2523.0,2558.0,2519.0,2558.0,nan,2536.0,43319,1098907040.0,17546,2523.0,188,2522.0,8,nan,0,nan,0,nan,0,nan,0,nan,0,nan,0,nan,0,nan,0
1597989100334669056,1597989100926000128,2020-08-21 13:51:40.926000,2523.0,2558.0,2519.0,2558.0,nan,2536.0,43319,1098907040.0,17546,2523.0,188,2522.0,15,nan,0,nan,0,nan,0,nan,0,nan,0,nan,0,nan,0,nan,0
1597989101328265984,1597989101913000192,2020-08-21 13:51:41.913000,2523.0,2558.0,2519.0,2558.0,nan,2536.0,43324,1099033190.0,17547,2523.0,183,2522.0,15,nan,0,nan,0,nan,0,nan,0,nan,0,nan,0,nan,0,nan,0
1597989101825199104,1597989102430000128,2020-08-21 13:51:42.430000,2523.0,2558.0,2519.0,2558.0,nan,2536.0,43324,1099033190.0,17547,2523.0,187,2522.0,15,nan,0,nan,0,nan,0,nan,0,nan,0,nan,0,nan,0,nan,0
1597989102318012928,1597989102920000000,2020-08-21 13:51:42.920000,2523.0,2558.0,2519.0,2558.0,nan,2536.0,43324,1099033190.0,17547,2523.0,187,2522.0,16,nan,0,nan,0,nan,0,nan,0,nan,0,nan,0,nan,0,nan,0
1597989102819385088,1597989103412000000,2020-08-21 13:51:43.412000,2523.0,2558.0,2519.0,2558.0,nan,2536.0,43324,1099033190.0,17547,2523.0,188,2522.0,16,nan,0,nan,0,nan,0,nan,0,nan,0,nan,0,nan,0,nan,0
1597989104817602048,1597989105380999936,2020-08-21 13:51:45.381000,2523.0,2558.0,2519.0,2558.0,nan,2536.0,43324,1099033190.0,17547,2523.0,168,2522.0,16,nan,0,nan,0,nan,0,nan,0,nan,0,nan,0,nan,0,nan,0
1597989109355156992,1597989109904999936,2020-08-21 13:51:49.905000,2522.0,2558.0,2519.0,2558.0,nan,2536.0,43340,1099436710.0,17541,2522.0,4,2521.0,64,nan,0,nan,0,nan,0,nan,0,nan,0,nan,0,nan,0,nan,0
1597989110318140928,1597989110900000000,2020-08-21 13:51:50.900000,2522.0,2558.0,2519.0,2558.0,nan,2536.0,43344,1099537590.0,17541,2523.0,48,2521.0,64,nan,0,nan,0,nan,0,nan,0,nan,0,nan,0,nan,0,nan,0
1597989110818130944,1597989111400000000,2020-08-21 13:51:51.400000,2522.0,2558.0,2519.0,2558.0,nan,2536.0,43344,1099537590.0,17541,2523.0,48,2522.0,3,nan,0,nan,0,nan,0,nan,0,nan,0,nan,0,nan,0,nan,0
1597989111316877056,1597989111731000064,2020-08-21 13:51:51.731000,2522.0,2558.0,2519.0,2558.0,nan,2536.0,43344,1099537590.0,17541,2523.0,51,2522.0,14,nan,0,nan,0,nan,0,nan,0,nan,0,nan,0,nan,0,nan,0
1597989111824866048,1597989112428999936,2020-08-21 13:51:52.429000,2523.0,2558.0,2519.0,2558.0,nan,2536.0,43345,1099562820.0,17541,2523.0,50,2522.0,14,nan,0,nan,0,nan,0,nan,0,nan,0,nan,0,nan,0,nan,0
1597989112335121920,1597989112860000000,2020-08-21 13:51:52.860000,2523.0,2558.0,2519.0,2558.0,nan,2536.0,43345,1099562820.0,17541,2523.0,54,2522.0,14,nan,0,nan,0,nan,0,nan,0,nan,0,nan,0,nan,0,nan,0
1597989113820569088,1597989114417999872,2020-08-21 13:51:54.418000,2523.0,2558.0,2519.0,2558.0,nan,2536.0,43345,1099562820.0,17541,2523.0,54,2522.0,17,nan,0,nan,0,nan,0,nan,0,nan,0,nan,0,nan,0,nan,0
1597989116815109120,1597989117430000128,2020-08-21 13:51:57.430000,2523.0,2558.0,2519.0,2558.0,nan,2536.0,43345,1099562820.0,17541,2523.0,54,2522.0,18,nan,0,nan,0,nan,0,nan,0,nan,0,nan,0,nan,0,nan,0
1597989120316762880,1597989120851000064,2020-08-21 13:52:00.851000,2522.0,2558.0,2519.0,2558.0,nan,2536.0,43346,1099588040.0,17541,2523.0,174,2522.0,11,nan,0,nan,0,nan,0,nan,0,nan,0,nan,0,nan,0,nan,0
1597989122320128000,1597989122935000064,2020-08-21 13:52:02.935000,2522.0,2558.0,2519.0,2558.0,nan,2536.0,43357,1099865460.0,17545,2522.0,2,2521.0,65,nan,0,nan,0,nan,0,nan,0,nan,0,nan,0,nan,0,nan,0
1597989122818912000,1597989123412000000,2020-08-21 13:52:03.412000,2521.0,2558.0,2519.0,2558.0,nan,2536.0,43362,1099991530.0,17543,2522.0,2,2521.0,62,nan,0,nan,0,nan,0,nan,0,nan,0,nan,0,nan,0,nan,0
1597989123819828992,1597989124420000000,2020-08-21 13:52:04.420000,2521.0,2558.0,2519.0,2558.0,nan,2536.0,43362,1099991530.0,17543,2522.0,3,2521.0,62,nan,0,nan,0,nan,0,nan,0,nan,0,nan,0,nan,0,nan,0
1597989125319005952,1597989125841000192,2020-08-21 13:52:05.841000,2521.0,2558.0,2519.0,2558.0,nan,2536.0,43362,1099991530.0,17543,2522.0,5,2521.0,62,nan,0,nan,0,nan,0,nan,0,nan,0,nan,0,nan,0,nan,0
1597989125821252096,1597989126354000128,2020-08-21 13:52:06.354000,2521.0,2558.0,2519.0,2558.0,nan,2536.0,43362,1099991530.0,17543,2522.0,5,2521.0,66,nan,0,nan,0,nan,0,nan,0,nan,0,nan,0,nan,0,nan,0
1597989126320049920,1597989126851000064,2020-08-21 13:52:06.851000,2521.0,2558.0,2519.0,2558.0,nan,2536.0,43362,1099991530.0,17543,2522.0,9,2521.0,66,nan,0,nan,0,nan,0,nan,0,nan,0,nan,0,nan,0,nan,0
1597989128319102976,1597989128900999936,2020-08-21 13:52:08.901000,2521.0,2558.0,2519.0,2558.0,nan,2536.0,43362,1099991530.0,17543,2522.0,8,2521.0,66,nan,0,nan,0,nan,0,nan,0,nan,0,nan,0,nan,0,nan,0
1597989130818460928,1597989131433000192,2020-08-21 13:52:11.433000,2521.0,2558.0,2519.0,2558.0,nan,2536.0,43363,1100016740.0,17543,2522.0,8,2521.0,65,nan,0,nan,0,nan,0,nan,0,nan,0,nan,0,nan,0,nan,0
1597989131325903872,1597989131930000128,2020-08-21 13:52:11.930000,2521.0,2558.0,2519.0,2558.0,nan,2536.0,43363,1100016740.0,17543,2522.0,8,2521.0,64,nan,0,nan,0,nan,0,nan,0,nan,0,nan,0,nan,0,nan,0
1597989135817509888,1597989136407000064,2020-08-21 13:52:16.407000,2522.0,2558.0,2519.0,2558.0,nan,2536.0,43364,1100041960.0,17543,2522.0,7,2521.0,64,nan,0,nan,0,nan,0,nan,0,nan,0,nan,0,nan,0,nan,0
1597989136816685056,1597989137437999872,2020-08-21 13:52:17.438000,2522.0,2558.0,2519.0,2558.0,nan,2536.0,43366,1100092400.0,17543,2522.0,5,2521.0,64,nan,0,nan,0,nan,0,nan,0,nan,0,nan,0,nan,0,nan,0
1597989137328130048,1597989137927000064,2020-08-21 13:52:17.927000,2522.0,2558.0,2519.0,2558.0,nan,2536.0,43371,1100218500.0,17548,2523.0,42,2522.0,9,nan,0,nan,0,nan,0,nan,0,nan,0,nan,0,nan,0,nan,0
1597989137818720000,1597989138392000000,2020-08-21 13:52:18.392000,2522.0,2558.0,2519.0,2558.0,nan,2536.0,43371,1100218500.0,17548,2523.0,49,2522.0,9,nan,0,nan,0,nan,0,nan,0,nan,0,nan,0,nan,0,nan,0
1597989139818117120,1597989140411000064,2020-08-21 13:52:20.411000,2522.0,2558.0,2519.0,2558.0,nan,2536.0,43371,1100218500.0,17548,2523.0,144,2522.0,9,nan,0,nan,0,nan,0,nan,0,nan,0,nan,0,nan,0,nan,0
1597989140320820992,1597989140923000064,2020-08-21 13:52:20.923000,2522.0,2558.0,2519.0,2558.0,nan,2536.0,43380,1100445480.0,17556,2522.0,2,2521.0,60,nan,0,nan,0,nan,0,nan,0,nan,0,nan,0,nan,0,nan,0
1597989140817017088,1597989141328000000,2020-08-21 13:52:21.328000,2522.0,2558.0,2519.0,2558.0,nan,2536.0,43380,1100445480.0,17556,2522.0,2,2521.0,62,nan,0,nan,0,nan,0,nan,0,nan,0,nan,0,nan,0,nan,0
1597989141319301888,1597989141825999872,2020-08-21 13:52:21.826000,2521.0,2558.0,2519.0,2558.0,nan,2536.0,43385,1100571530.0,17551,2522.0,2,2521.0,57,nan,0,nan,0,nan,0,nan,0,nan,0,nan,0,nan,0,nan,0
1597989145327900928,1597989145888000000,2020-08-21 13:52:25.888000,2521.0,2558.0,2519.0,2558.0,nan,2536.0,43385,1100571530.0,17551,2523.0,187,2521.0,57,nan,0,nan,0,nan,0,nan,0,nan,0,nan,0,nan,0,nan,0
1597989145820040960,1597989146426000128,2020-08-21 13:52:26.426000,2521.0,2558.0,2519.0,2558.0,nan,2536.0,43385,1100571530.0,17551,2522.0,3,2521.0,57,nan,0,nan,0,nan,0,nan,0,nan,0,nan,0,nan,0,nan,0
1597989146319726080,1597989146920999936,2020-08-21 13:52:26.921000,2521.0,2558.0,2519.0,2558.0,nan,2536.0,43385,1100571530.0,17551,2522.0,10,2521.0,57,nan,0,nan,0,nan,0,nan,0,nan,0,nan,0,nan,0,nan,0
1597989146817716992,1597989147408999936,2020-08-21 13:52:27.409000,2521.0,2558.0,2519.0,2558.0,nan,2536.0,43385,1100571530.0,17551,2522.0,10,2521.0,58,nan,0,nan,0,nan,0,nan,0,nan,0,nan,0,nan,0,nan,0
1597989147317213952,1597989147828000000,2020-08-21 13:52:27.828000,2521.0,2558.0,2519.0,2558.0,nan,2536.0,43385,1100571530.0,17551,2522.0,11,2521.0,58,nan,0,nan,0,nan,0,nan,0,nan,0,nan,0,nan,0,nan,0
1597989147817712896,1597989148331000064,2020-08-21 13:52:28.331000,2521.0,2558.0,2519.0,2558.0,nan,2536.0,43385,1100571530.0,17551,2522.0,17,2521.0,58,nan,0,nan,0,nan,0,nan,0,nan,0,nan,0,nan,0,nan,0
1597989148325687040,1597989148844000000,2020-08-21 13:52:28.844000,2521.0,2558.0,2519.0,2558.0,nan,2536.0,43385,1100571530.0,17551,2522.0,18,2521.0,58,nan,0,nan,0,nan,0,nan,0,nan,0,nan,0,nan,0,nan,0
