local_nano_time,quote_nano_time,datetime,last_price,highest,lowest,open,close,average,volume,amount,open_interest,ask_price1,ask_volume1,bid_price1,bid_volume1,ask_price2,ask_volume2,bid_price2,bid_volume2,ask_price3,ask_volume3,bid_price3,bid_volume3,ask_price4,ask_volume4,bid_price4,bid_volume4,ask_price5,ask_volume5,bid_price5,bid_volume5
1597988230151538944,1597988230432000000,2020-08-21 13:37:10.432000,20180.0,20220.0,20020.0,20195.0,nan,20110.352401,89628,9012253325.0,64237,20185.0,34,20180.0,36,20190.0,33,20175.0,42,20195.0,35,20170.0,27,20200.0,151,20165.0,33,20205.0,22,20160.0,38
1597988230622038016,1597988230935000064,2020-08-21 13:37:10.935000,20180.0,20220.0,20020.0,20195.0,nan,20110.352401,89628,9012253325.0,64237,20185.0,35,20180.0,28,20190.0,33,20175.0,42,20195.0,35,20170.0,27,20200.0,151,20165.0,33,20205.0,22,20160.0,38
1597988231153733120,1597988231436999936,2020-08-21 13:37:11.437000,20180.0,20220.0,20020.0,20195.0,nan,20110.372599,89654,9014876725.0,64233,20180.0,6,20175.0,42,20185.0,36,20170.0,27,20190.0,33,20165.0,33,20195.0,35,20160.0,38,20200.0,150,20155.0,19
1597988231626358016,1597988231910000128,2020-08-21 13:37:11.910000,20180.0,20220.0,20020.0,20195.0,nan,20110.372599,89654,9014876725.0,64233,20180.0,19,20175.0,40,20185.0,36,20170.0,28,20190.0,35,20165.0,33,20195.0,35,20160.0,38,20200.0,150,20155.0,19
1597988232137521920,1597988232423000064,2020-08-21 13:37:12.423000,20180.0,20220.0,20020.0,20195.0,nan,20110.372599,89654,9014876725.0,64233,20180.0,20,20175.0,33,20185.0,36,20170.0,29,20190.0,35,20165.0,33,20195.0,35,20160.0,38,20200.0,150,20155.0,19
1597988232622063104,1597988232932000000,2020-08-21 13:37:12.932000,20180.0,20220.0,20020.0,20195.0,nan,20110.372599,89654,9014876725.0,64233,20180.0,25,20175.0,34,20185.0,36,20170.0,29,20190.0,35,20165.0,33,20195.0,35,20160.0,38,20200.0,150,20155.0,19
1597988233117799936,1597988233405999872,2020-08-21 13:37:13.406000,20180.0,20220.0,20020.0,20195.0,nan,20110.372599,89654,9014876725.0,64233,20180.0,25,20175.0,37,20185.0,36,20170.0,29,20190.0,35,20165.0,33,20195.0,35,20160.0,38,20200.0,150,20155.0,19
1597988233629747968,1597988233912000000,2020-08-21 13:37:13.912000,20180.0,20220.0,20020.0,20195.0,nan,20110.386576,89672,9016692925.0,64222,20180.0,11,20175.0,37,20185.0,36,20170.0,29,20190.0,35,20165.0,33,20195.0,35,20160.0,38,20200.0,150,20155.0,19
1597988234131215104,1597988234427000064,2020-08-21 13:37:14.427000,20180.0,20220.0,20020.0,20195.0,nan,20110.386576,89672,9016692925.0,64222,20180.0,13,20175.0,38,20185.0,36,20170.0,29,20190.0,35,20165.0,33,20195.0,35,20160.0,38,20200.0,150,20155.0,19
1597988234631792128,1597988234937999872,2020-08-21 13:37:14.938000,20180.0,20220.0,20020.0,20195.0,nan,20110.388128,89674,9016894725.0,64221,20180.0,20,20175.0,38,20185.0,36,20170.0,29,20190.0,35,20165.0,33,20195.0,35,20160.0,38,20200.0,150,20155.0,19
1597988236116572928,1597988236432000000,2020-08-21 13:37:16.432000,20180.0,20220.0,20020.0,20195.0,nan,20110.388128,89674,9016894725.0,64221,20180.0,20,20175.0,38,20185.0,35,20170.0,28,20190.0,35,20165.0,33,20195.0,35,20160.0,38,20200.0,150,20155.0,19
1597988236614443008,1597988236918999808,2020-08-21 13:37:16.919000,20180.0,20220.0,20020.0,20195.0,nan,20110.388128,89674,9016894725.0,64221,20180.0,22,20175.0,38,20185.0,35,20170.0,28,20190.0,35,20165.0,33,20195.0,35,20160.0,38,20200.0,150,20155.0,19
1597988237137576960,1597988237435000064,2020-08-21 13:37:17.435000,20180.0,20220.0,20020.0,20195.0,nan,20110.389625,89676,9017096500.0,64220,20180.0,22,20175.0,31,20185.0,35,20170.0,28,20190.0,35,20165.0,33,20195.0,35,20160.0,38,20200.0,150,20155.0,19
1597988237636356096,1597988237934000128,2020-08-21 13:37:17.934000,20180.0,20220.0,20020.0,20195.0,nan,20110.389625,89676,9017096500.0,64220,20180.0,24,20175.0,23,20185.0,35,20170.0,28,20190.0,35,20165.0,33,20195.0,34,20160.0,38,20200.0,150,20155.0,19
1597988238144067072,1597988238430000128,2020-08-21 13:37:18.430000,20180.0,20220.0,20020.0,20195.0,nan,20110.389625,89676,9017096500.0,64220,20180.0,27,20175.0,18,20185.0,37,20170.0,28,20190.0,35,20165.0,34,20195.0,34,20160.0,38,20200.0,150,20155.0,19
1597988238622646016,1597988238932000000,2020-08-21 13:37:18.932000,20175.0,20220.0,20020.0,20195.0,nan,20110.404752,89697,9019214875.0,64210,20180.0,27,20170.0,28,20185.0,37,20165.0,34,20190.0,35,20160.0,38,20195.0,34,20155.0,19,20200.0,150,20150.0,113
1597988239128622080,1597988239420999936,2020-08-21 13:37:19.421000,20175.0,20220.0,20020.0,20195.0,nan,20110.405472,89698,9019315750.0,64210,20175.0,11,20170.0,27,20180.0,30,20165.0,34,20185.0,37,20160.0,40,20190.0,35,20155.0,23,20195.0,34,20150.0,113
1597988239621643008,1597988239932000000,2020-08-21 13:37:19.932000,20175.0,20220.0,20020.0,20195.0,nan,20110.405472,89698,9019315750.0,64210,20175.0,15,20170.0,23,20180.0,30,20165.0,34,20185.0,37,20160.0,40,20190.0,35,20155.0,23,20195.0,34,20150.0,113
1597988240155724032,1597988240416999936,2020-08-21 13:37:20.417000,20170.0,20220.0,20020.0,20195.0,nan,20110.414776,89711,9020627100.0,64216,20180.0,31,20175.0,1,20185.0,37,20170.0,35,20190.0,35,20165.0,35,20195.0,34,20160.0,40,20200.0,151,20155.0,23
1597988240629659904,1597988240916000000,2020-08-21 13:37:20.916000,20170.0,20220.0,20020.0,20195.0,nan,20110.414776,89711,9020627100.0,64216,20180.0,25,20175.0,8,20185.0,37,20170.0,35,20190.0,35,20165.0,35,20195.0,34,20160.0,40,20200.0,152,20155.0,23
1597988241150018048,1597988241423000064,2020-08-21 13:37:21.423000,20170.0,20220.0,20020.0,20195.0,nan,20110.414776,89711,9020627100.0,64216,20180.0,25,20175.0,19,20185.0,38,20170.0,35,20190.0,35,20165.0,35,20195.0,34,20160.0,40,20200.0,162,20155.0,23
1597988241656736000,1597988241936000000,2020-08-21 13:37:21.936000,20175.0,20220.0,20020.0,20195.0,nan,20110.416216,89713,9020828850.0,64215,20180.0,23,20175.0,17,20185.0,38,20170.0,37,20190.0,35,20165.0,35,20195.0,34,20160.0,40,20200.0,162,20155.0,23
1597988242647662080,1597988242935000064,2020-08-21 13:37:22.935000,20180.0,20220.0,20020.0,20195.0,nan,20110.416992,89714,9020929750.0,64214,20180.0,22,20175.0,18,20185.0,38,20170.0,37,20190.0,35,20165.0,35,20195.0,34,20160.0,40,20200.0,162,20155.0,23
1597988243629006080,1597988243917999872,2020-08-21 13:37:23.918000,20175.0,20220.0,20020.0,20195.0,nan,20110.417712,89715,9021030625.0,64214,20180.0,22,20175.0,17,20185.0,38,20170.0,36,20190.0,35,20165.0,35,20195.0,34,20160.0,40,20200.0,162,20155.0,23
1597988245122821888,1597988245427000064,2020-08-21 13:37:25.427000,20175.0,20220.0,20020.0,20195.0,nan,20110.417712,89715,9021030625.0,64214,20180.0,22,20175.0,16,20185.0,39,20170.0,36,20190.0,35,20165.0,35,20195.0,34,20160.0,40,20200.0,162,20155.0,23
1597988245624485120,1597988245882999808,2020-08-21 13:37:25.883000,20180.0,20220.0,20020.0,20195.0,nan,20110.418487,89716,9021131525.0,64214,20180.0,23,20175.0,16,20185.0,39,20170.0,36,20190.0,35,20165.0,35,20195.0,34,20160.0,40,20200.0,162,20155.0,23
1597988246156228096,1597988246423000064,2020-08-21 13:37:26.423000,20180.0,20220.0,20020.0,20195.0,nan,20110.418487,89716,9021131525.0,64214,20180.0,24,20175.0,16,20185.0,39,20170.0,36,20190.0,35,20165.0,35,20195.0,34,20160.0,40,20200.0,162,20155.0,23
1597988246640185088,1597988246932000000,2020-08-21 13:37:26.932000,20180.0,20220.0,20020.0,20195.0,nan,20110.418487,89716,9021131525.0,64214,20180.0,24,20175.0,15,20185.0,39,20170.0,36,20190.0,35,20165.0,35,20195.0,34,20160.0,40,20200.0,162,20155.0,23
1597988247132636928,1597988247436999936,2020-08-21 13:37:27.437000,20175.0,20220.0,20020.0,20195.0,nan,20110.419207,89717,9021232400.0,64213,20180.0,24,20175.0,14,20185.0,39,20170.0,36,20190.0,35,20165.0,35,20195.0,34,20160.0,40,20200.0,162,20155.0,23
1597988247609833984,1597988247912000000,2020-08-21 13:37:27.912000,20175.0,20220.0,20020.0,20195.0,nan,20110.429283,89731,9022644650.0,64203,20180.0,25,20170.0,36,20185.0,39,20165.0,35,20190.0,35,20160.0,40,20195.0,34,20155.0,23,20200.0,162,20150.0,113
1597988248144335872,1597988248420999936,2020-08-21 13:37:28.421000,20175.0,20220.0,20020.0,20195.0,nan,20110.429283,89731,9022644650.0,64203,20175.0,9,20170.0,37,20180.0,27,20165.0,35,20185.0,39,20160.0,40,20190.0,35,20155.0,25,20195.0,34,20150.0,113
1597988248646554880,1597988248938999808,2020-08-21 13:37:28.939000,20180.0,20220.0,20020.0,20195.0,nan,20110.439412,89745,9024056925.0,64211,20180.0,26,20170.0,38,20185.0,39,20165.0,35,20190.0,35,20160.0,40,20195.0,34,20155.0,25,20200.0,160,20150.0,113
1597988249137545984,1597988249420000000,2020-08-21 13:37:29.420000,20180.0,20220.0,20020.0,20195.0,nan,20110.440187,89746,9024157825.0,64211,20180.0,25,20175.0,5,20185.0,39,20170.0,39,20190.0,35,20165.0,35,20195.0,34,20160.0,40,20200.0,160,20155.0,24
1597988249632314112,1597988249930000128,2020-08-21 13:37:29.930000,20180.0,20220.0,20020.0,20195.0,nan,20110.441737,89748,9024359625.0,64209,20180.0,21,20175.0,17,20185.0,39,20170.0,29,20190.0,35,20165.0,35,20195.0,34,20160.0,40,20200.0,160,20155.0,24
1597988250158694912,1597988250435000064,2020-08-21 13:37:30.435000,20180.0,20220.0,20020.0,20195.0,nan,20110.444006,89751,9024662300.0,64207,20180.0,15,20175.0,21,20185.0,39,20170.0,27,20190.0,35,20165.0,35,20195.0,34,20160.0,40,20200.0,160,20155.0,24
1597988250658744064,1597988250933000192,2020-08-21 13:37:30.933000,20180.0,20220.0,20020.0,20195.0,nan,20110.444781,89752,9024763200.0,64206,20180.0,14,20175.0,22,20185.0,47,20170.0,29,20190.0,35,20165.0,35,20195.0,34,20160.0,40,20200.0,160,20155.0,24
1597988251637085952,1597988251914000128,2020-08-21 13:37:31.914000,20180.0,20220.0,20020.0,20195.0,nan,20110.444781,89752,9024763200.0,64206,20180.0,24,20175.0,22,20185.0,47,20170.0,29,20190.0,35,20165.0,35,20195.0,34,20160.0,40,20200.0,160,20155.0,24
1597988252148194048,1597988252421999872,2020-08-21 13:37:32.422000,20180.0,20220.0,20020.0,20195.0,nan,20110.444781,89752,9024763200.0,64206,20180.0,24,20175.0,21,20185.0,47,20170.0,29,20190.0,35,20165.0,35,20195.0,34,20160.0,40,20200.0,160,20155.0,24
1597988252635045888,1597988252933000192,2020-08-21 13:37:32.933000,20175.0,20220.0,20020.0,20195.0,nan,20110.449096,89758,9025368450.0,64204,20180.0,24,20175.0,15,20185.0,47,20170.0,29,20190.0,85,20165.0,35,20195.0,34,20160.0,40,20200.0,160,20155.0,24
1597988253161924096,1597988253424000000,2020-08-21 13:37:33.424000,20175.0,20220.0,20020.0,20195.0,nan,20110.457725,89770,9026578950.0,64193,20180.0,25,20175.0,8,20185.0,47,20170.0,31,20190.0,86,20165.0,35,20195.0,34,20160.0,40,20200.0,160,20155.0,24
1597988253623778048,1597988253898999808,2020-08-21 13:37:33.899000,20175.0,20220.0,20020.0,20195.0,nan,20110.457725,89770,9026578950.0,64193,20180.0,25,20175.0,16,20185.0,47,20170.0,31,20190.0,86,20165.0,35,20195.0,34,20160.0,40,20200.0,160,20155.0,24
1597988254619869952,1597988254935000064,2020-08-21 13:37:34.935000,20175.0,20220.0,20020.0,20195.0,nan,20110.457725,89770,9026578950.0,64193,20180.0,43,20175.0,16,20185.0,47,20170.0,31,20190.0,86,20165.0,35,20195.0,34,20160.0,40,20200.0,160,20155.0,24
1597988255109573120,1597988255433000192,2020-08-21 13:37:35.433000,20175.0,20220.0,20020.0,20195.0,nan,20110.457725,89770,9026578950.0,64193,20180.0,44,20175.0,16,20185.0,47,20170.0,31,20190.0,86,20165.0,35,20195.0,34,20160.0,40,20200.0,160,20155.0,24
1597988256145316096,1597988256426000128,2020-08-21 13:37:36.426000,20175.0,20220.0,20020.0,20195.0,nan,20110.457725,89770,9026578950.0,64193,20180.0,44,20175.0,16,20185.0,48,20170.0,31,20190.0,86,20165.0,35,20195.0,34,20160.0,40,20200.0,160,20155.0,24
1597988257614479872,1597988257933000192,2020-08-21 13:37:37.933000,20175.0,20220.0,20020.0,20195.0,nan,20110.457725,89770,9026578950.0,64193,20180.0,44,20175.0,17,20185.0,48,20170.0,31,20190.0,86,20165.0,35,20195.0,34,20160.0,40,20200.0,160,20155.0,24
1597988258613810944,1597988258935000064,2020-08-21 13:37:38.935000,20175.0,20220.0,20020.0,20195.0,nan,20110.457725,89770,9026578950.0,64193,20180.0,44,20175.0,20,20185.0,48,20170.0,31,20190.0,86,20165.0,35,20195.0,34,20160.0,40,20200.0,160,20155.0,24
1597988259137543936,1597988259405999872,2020-08-21 13:37:39.406000,20175.0,20220.0,20020.0,20195.0,nan,20110.457725,89770,9026578950.0,64193,20180.0,44,20175.0,21,20185.0,48,20170.0,31,20190.0,86,20165.0,35,20195.0,34,20160.0,40,20200.0,160,20155.0,24
1597988259643172096,1597988259921999872,2020-08-21 13:37:39.922000,20175.0,20220.0,20020.0,20195.0,nan,20110.457725,89770,9026578950.0,64193,20180.0,45,20175.0,21,20185.0,48,20170.0,31,20190.0,87,20165.0,35,20195.0,34,20160.0,40,20200.0,159,20155.0,24
1597988262123360000,1597988262435000064,2020-08-21 13:37:42.435000,20175.0,20220.0,20020.0,20195.0,nan,20110.457725,89770,9026578950.0,64193,20180.0,45,20175.0,23,20185.0,48,20170.0,31,20190.0,87,20165.0,35,20195.0,35,20160.0,40,20200.0,159,20155.0,24
1597988262645667072,1597988263232999936,2020-08-21 13:37:43.233000,20175.0,20220.0,20020.0,20195.0,nan,20110.457725,89770,9026578950.0,64193,20180.0,45,20175.0,24,20185.0,48,20170.0,31,20190.0,87,20165.0,35,20195.0,35,20160.0,40,20200.0,159,20155.0,24
1597988263109592064,1597988263379000064,2020-08-21 13:37:43.379000,20175.0,20220.0,20020.0,20195.0,nan,20110.457725,89770,9026578950.0,64193,20180.0,45,20175.0,30,20185.0,48,20170.0,31,20190.0,87,20165.0,35,20195.0,35,20160.0,40,20200.0,159,20155.0,24
1597988263617837056,1597988263930000128,2020-08-21 13:37:43.930000,20180.0,20220.0,20020.0,20195.0,nan,20110.491794,89814,9031018550.0,64230,20185.0,48,20180.0,1,20190.0,87,20175.0,46,20195.0,35,20170.0,31,20200.0,159,20165.0,35,20205.0,27,20160.0,40
1597988264124412928,1597988264433000192,2020-08-21 13:37:44.433000,20175.0,20220.0,20020.0,20195.0,nan,20110.527153,89860,9035659850.0,64205,20185.0,45,20180.0,12,20190.0,87,20175.0,27,20195.0,36,20170.0,31,20200.0,159,20165.0,33,20205.0,27,20160.0,40
1597988264619799040,1597988264935000064,2020-08-21 13:37:44.935000,20180.0,20220.0,20020.0,20195.0,nan,20110.540294,89877,9037375150.0,64189,20180.0,49,20175.0,20,20185.0,48,20170.0,31,20190.0,87,20165.0,32,20195.0,36,20160.0,40,20200.0,159,20155.0,24
1597988265140276992,1597988265413000192,2020-08-21 13:37:45.413000,20180.0,20220.0,20020.0,20195.0,nan,20110.550444,89891,9038787450.0,64187,20180.0,52,20170.0,30,20185.0,50,20165.0,32,20190.0,87,20160.0,40,20195.0,35,20155.0,24,20200.0,159,20150.0,113
1597988265626897920,1597988265935000064,2020-08-21 13:37:45.935000,20175.0,20220.0,20020.0,20195.0,nan,20110.551878,89893,9038989200.0,64187,20180.0,51,20175.0,9,20185.0,50,20170.0,40,20190.0,87,20165.0,32,20195.0,35,20160.0,40,20200.0,159,20155.0,22
1597988266180492032,1597988266424999936,2020-08-21 13:37:46.425000,20175.0,20220.0,20020.0,20195.0,nan,20110.551878,89893,9038989200.0,64187,20180.0,41,20175.0,23,20185.0,50,20170.0,39,20190.0,87,20165.0,32,20195.0,35,20160.0,40,20200.0,159,20155.0,22
1597988266617540096,1597988266924000000,2020-08-21 13:37:46.924000,20175.0,20220.0,20020.0,20195.0,nan,20110.551878,89893,9038989200.0,64187,20180.0,41,20175.0,25,20185.0,50,20170.0,39,20190.0,87,20165.0,33,20195.0,35,20160.0,40,20200.0,159,20155.0,22
1597988267139440896,1597988267416999936,2020-08-21 13:37:47.417000,20175.0,20220.0,20020.0,20195.0,nan,20110.551878,89893,9038989200.0,64187,20180.0,41,20175.0,24,20185.0,50,20170.0,39,20190.0,87,20165.0,33,20195.0,35,20160.0,41,20200.0,159,20155.0,22
1597988267616331008,1597988267938999808,2020-08-21 13:37:47.939000,20175.0,20220.0,20020.0,20195.0,nan,20110.551878,89893,9038989200.0,64187,20180.0,41,20175.0,25,20185.0,50,20170.0,39,20190.0,87,20165.0,33,20195.0,35,20160.0,41,20200.0,159,20155.0,22
1597988268621530112,1597988268924999936,2020-08-21 13:37:48.925000,20180.0,20220.0,20020.0,20195.0,nan,20110.552651,89894,9039090100.0,64187,20180.0,35,20175.0,25,20185.0,50,20170.0,36,20190.0,87,20165.0,33,20195.0,35,20160.0,41,20200.0,159,20155.0,22
1597988269133261056,1597988269407000064,2020-08-21 13:37:49.407000,20180.0,20220.0,20020.0,20195.0,nan,20110.552651,89894,9039090100.0,64187,20180.0,32,20175.0,29,20185.0,50,20170.0,36,20190.0,87,20165.0,33,20195.0,35,20160.0,41,20200.0,159,20155.0,22
1597988269654629120,1597988269923000064,2020-08-21 13:37:49.923000,20180.0,20220.0,20020.0,20195.0,nan,20110.552651,89894,9039090100.0,64187,20180.0,32,20175.0,28,20185.0,50,20170.0,36,20190.0,87,20165.0,32,20195.0,35,20160.0,41,20200.0,159,20155.0,22
1597988270149319936,1597988270424000000,2020-08-21 13:37:50.424000,20180.0,20220.0,20020.0,20195.0,nan,20110.552651,89894,9039090100.0,64187,20180.0,31,20175.0,28,20185.0,50,20170.0,36,20190.0,87,20165.0,30,20195.0,35,20160.0,41,20200.0,159,20155.0,22
1597988270611309056,1597988270935000064,2020-08-21 13:37:50.935000,20180.0,20220.0,20020.0,20195.0,nan,20110.553423,89895,9039191000.0,64187,20180.0,30,20175.0,25,20185.0,50,20170.0,36,20190.0,87,20165.0,30,20195.0,35,20160.0,41,20200.0,159,20155.0,22
1597988271147428096,1597988271434000128,2020-08-21 13:37:51.434000,20180.0,20220.0,20020.0,20195.0,nan,20110.554196,89896,9039291900.0,64186,20180.0,29,20175.0,25,20185.0,50,20170.0,36,20190.0,87,20165.0,30,20195.0,35,20160.0,41,20200.0,159,20155.0,22
1597988272136813056,1597988272432000000,2020-08-21 13:37:52.432000,20180.0,20220.0,20020.0,20195.0,nan,20110.554196,89896,9039291900.0,64186,20180.0,30,20175.0,25,20185.0,50,20170.0,36,20190.0,87,20165.0,30,20195.0,35,20160.0,41,20200.0,159,20155.0,22
1597988274148496896,1597988274432000000,2020-08-21 13:37:54.432000,20180.0,20220.0,20020.0,20195.0,nan,20110.554196,89896,9039291900.0,64186,20180.0,30,20175.0,18,20185.0,50,20170.0,36,20190.0,87,20165.0,30,20195.0,35,20160.0,41,20200.0,159,20155.0,22
1597988274658726912,1597988275239000064,2020-08-21 13:37:55.239000,20180.0,20220.0,20020.0,20195.0,nan,20110.554196,89896,9039291900.0,64186,20180.0,30,20175.0,12,20185.0,50,20170.0,36,20190.0,87,20165.0,30,20195.0,35,20160.0,41,20200.0,159,20155.0,22
1597988275146020096,1597988275564999936,2020-08-21 13:37:55.565000,20175.0,20220.0,20020.0,20195.0,nan,20110.554913,89897,9039392775.0,64187,20180.0,29,20175.0,11,20185.0,50,20170.0,36,20190.0,87,20165.0,30,20195.0,35,20160.0,41,20200.0,159,20155.0,22
1597988275756923904,1597988275917999872,2020-08-21 13:37:55.918000,20175.0,20220.0,20020.0,20195.0,nan,20110.554913,89897,9039392775.0,64187,20180.0,31,20175.0,10,20185.0,50,20170.0,36,20190.0,87,20165.0,30,20195.0,35,20160.0,41,20200.0,159,20155.0,22
1597988276814294016,1597988277226000128,2020-08-21 13:37:57.226000,20175.0,20220.0,20020.0,20195.0,nan,20110.554913,89897,9039392775.0,64187,20180.0,30,20175.0,18,20185.0,50,20170.0,36,20190.0,87,20165.0,30,20195.0,35,20160.0,41,20200.0,159,20155.0,22
1597988277232686080,1597988277428999936,2020-08-21 13:37:57.429000,20180.0,20220.0,20020.0,20195.0,nan,20110.555685,89898,9039493675.0,64187,20180.0,30,20175.0,18,20185.0,50,20170.0,36,20190.0,87,20165.0,30,20195.0,35,20160.0,41,20200.0,159,20155.0,22
1597988277625935872,1597988277920000000,2020-08-21 13:37:57.920000,20180.0,20220.0,20020.0,20195.0,nan,20110.555685,89898,9039493675.0,64187,20180.0,31,20175.0,18,20185.0,50,20170.0,36,20190.0,87,20165.0,30,20195.0,35,20160.0,41,20200.0,159,20155.0,22
1597988278133799936,1597988278436000000,2020-08-21 13:37:58.436000,20180.0,20220.0,20020.0,20195.0,nan,20110.555685,89898,9039493675.0,64187,20180.0,31,20175.0,14,20185.0,50,20170.0,36,20190.0,87,20165.0,30,20195.0,35,20160.0,41,20200.0,159,20155.0,22
1597988279154809088,1597988279436000000,2020-08-21 13:37:59.436000,20175.0,20220.0,20020.0,20195.0,nan,20110.556402,89899,9039594550.0,64188,20180.0,33,20175.0,13,20185.0,50,20170.0,36,20190.0,87,20165.0,30,20195.0,35,20160.0,41,20200.0,159,20155.0,22
1597988279658001920,1597988280153000192,2020-08-21 13:38:00.153000,20180.0,20220.0,20020.0,20195.0,nan,20110.557175,89900,9039695450.0,64189,20180.0,33,20175.0,12,20185.0,50,20170.0,36,20190.0,87,20165.0,30,20195.0,35,20160.0,41,20200.0,159,20155.0,22
1597988280167164928,1597988280742000128,2020-08-21 13:38:00.742000,20180.0,20220.0,20020.0,20195.0,nan,20110.557175,89900,9039695450.0,64189,20180.0,33,20175.0,12,20185.0,50,20170.0,36,20190.0,87,20165.0,30,20195.0,45,20160.0,41,20200.0,159,20155.0,22
1597988280619666944,1597988280933000192,2020-08-21 13:38:00.933000,20180.0,20220.0,20020.0,20195.0,nan,20110.557175,89900,9039695450.0,64189,20180.0,35,20175.0,13,20185.0,50,20170.0,36,20190.0,87,20165.0,30,20195.0,45,20160.0,41,20200.0,159,20155.0,22
1597988281148107008,1597988281405999872,2020-08-21 13:38:01.406000,20175.0,20220.0,20020.0,20195.0,nan,20110.560981,89905,9040199925.0,64190,20180.0,31,20175.0,15,20185.0,50,20170.0,36,20190.0,87,20165.0,30,20195.0,45,20160.0,41,20200.0,159,20155.0,22
1597988281617711104,1597988281924999936,2020-08-21 13:38:01.925000,20175.0,20220.0,20020.0,20195.0,nan,20110.560981,89905,9040199925.0,64190,20180.0,31,20175.0,32,20185.0,50,20170.0,36,20190.0,87,20165.0,30,20195.0,45,20160.0,41,20200.0,159,20155.0,22
1597988282152177920,1597988282423000064,2020-08-21 13:38:02.423000,20180.0,20220.0,20020.0,20195.0,nan,20110.583372,89934,9043126025.0,64193,20185.0,50,20175.0,35,20190.0,87,20170.0,36,20195.0,45,20165.0,30,20200.0,159,20160.0,41,20205.0,27,20155.0,22
1597988282641649920,1597988282935000064,2020-08-21 13:38:02.935000,20180.0,20220.0,20020.0,20195.0,nan,20110.584916,89936,9043327825.0,64193,20185.0,46,20180.0,13,20190.0,87,20175.0,41,20195.0,35,20170.0,32,20200.0,159,20165.0,30,20205.0,27,20160.0,41
1597988283123599872,1597988283430000128,2020-08-21 13:38:03.430000,20180.0,20220.0,20020.0,20195.0,nan,20110.584916,89936,9043327825.0,64193,20185.0,48,20180.0,16,20190.0,87,20175.0,36,20195.0,35,20170.0,32,20200.0,159,20165.0,30,20205.0,27,20160.0,41
1597988283633249024,1597988283913000192,2020-08-21 13:38:03.913000,20180.0,20220.0,20020.0,20195.0,nan,20110.584916,89936,9043327825.0,64193,20185.0,48,20180.0,33,20190.0,87,20175.0,36,20195.0,35,20170.0,32,20200.0,159,20165.0,30,20205.0,27,20160.0,41
1597988284145197056,1597988284694999808,2020-08-21 13:38:04.695000,20180.0,20220.0,20020.0,20195.0,nan,20110.584916,89936,9043327825.0,64193,20185.0,48,20180.0,36,20190.0,87,20175.0,38,20195.0,35,20170.0,32,20200.0,159,20165.0,38,20205.0,27,20160.0,41
1597988284619026944,1597988284932000000,2020-08-21 13:38:04.932000,20185.0,20220.0,20020.0,20195.0,nan,20110.586571,89938,9043529675.0,64191,20185.0,46,20180.0,36,20190.0,87,20175.0,38,20195.0,35,20170.0,32,20200.0,159,20165.0,38,20205.0,27,20160.0,41
1597988285125822976,1597988285413000192,2020-08-21 13:38:05.413000,20185.0,20220.0,20020.0,20195.0,nan,20110.586571,89938,9043529675.0,64191,20185.0,46,20180.0,40,20190.0,87,20175.0,37,20195.0,35,20170.0,32,20200.0,158,20165.0,37,20205.0,27,20160.0,41
1597988285624624128,1597988285937999872,2020-08-21 13:38:05.938000,20180.0,20220.0,20020.0,20195.0,nan,20110.595059,89949,9044639575.0,64202,20185.0,46,20180.0,30,20190.0,87,20175.0,37,20195.0,36,20170.0,138,20200.0,158,20165.0,37,20205.0,27,20160.0,41
1597988286147410944,1597988286428000000,2020-08-21 13:38:06.428000,20185.0,20220.0,20020.0,20195.0,nan,20110.596714,89951,9044841425.0,64200,20185.0,44,20180.0,31,20190.0,87,20175.0,37,20195.0,36,20170.0,139,20200.0,158,20165.0,37,20205.0,27,20160.0,41
1597988287129597952,1597988287435000064,2020-08-21 13:38:07.435000,20180.0,20220.0,20020.0,20195.0,nan,20110.598257,89953,9045043225.0,64199,20185.0,44,20180.0,30,20190.0,87,20175.0,37,20195.0,36,20170.0,139,20200.0,158,20165.0,37,20205.0,27,20160.0,41
1597988287622121984,1597988287937999872,2020-08-21 13:38:07.938000,20180.0,20220.0,20020.0,20195.0,nan,20110.598257,89953,9045043225.0,64199,20185.0,44,20180.0,31,20190.0,87,20175.0,37,20195.0,36,20170.0,139,20200.0,158,20165.0,37,20205.0,27,20160.0,41
1597988288150513920,1597988288436999936,2020-08-21 13:38:08.437000,20180.0,20220.0,20020.0,20195.0,nan,20110.598257,89953,9045043225.0,64199,20185.0,44,20180.0,30,20190.0,87,20175.0,37,20195.0,36,20170.0,139,20200.0,158,20165.0,37,20205.0,27,20160.0,41
1597988289635132928,1597988289911000064,2020-08-21 13:38:09.911000,20180.0,20220.0,20020.0,20195.0,nan,20110.598257,89953,9045043225.0,64199,20185.0,44,20180.0,30,20190.0,87,20175.0,37,20195.0,36,20170.0,139,20200.0,158,20165.0,37,20205.0,37,20160.0,41
1597988290118475008,1597988290417999872,2020-08-21 13:38:10.418000,20180.0,20220.0,20020.0,20195.0,nan,20110.598257,89953,9045043225.0,64199,20185.0,47,20180.0,30,20190.0,87,20175.0,37,20195.0,36,20170.0,139,20200.0,158,20165.0,37,20205.0,37,20160.0,41
1597988290615057920,1597988290931000064,2020-08-21 13:38:10.931000,20180.0,20220.0,20020.0,20195.0,nan,20110.598257,89953,9045043225.0,64199,20185.0,47,20180.0,30,20190.0,88,20175.0,37,20195.0,36,20170.0,139,20200.0,158,20165.0,37,20205.0,37,20160.0,41
1597988291624029952,1597988291936000000,2020-08-21 13:38:11.936000,20180.0,20220.0,20020.0,20195.0,nan,20110.598257,89953,9045043225.0,64199,20185.0,47,20180.0,33,20190.0,88,20175.0,37,20195.0,36,20170.0,139,20200.0,158,20165.0,37,20205.0,37,20160.0,41
1597988292625219072,1597988292936000000,2020-08-21 13:38:12.936000,20180.0,20220.0,20020.0,20195.0,nan,20110.598257,89953,9045043225.0,64199,20185.0,47,20180.0,34,20190.0,88,20175.0,37,20195.0,36,20170.0,139,20200.0,158,20165.0,37,20205.0,37,20160.0,41
1597988293125808128,1597988293428000000,2020-08-21 13:38:13.428000,20185.0,20220.0,20020.0,20195.0,nan,20110.602392,89958,9045547850.0,64198,20185.0,43,20180.0,38,20190.0,88,20175.0,42,20195.0,36,20170.0,139,20200.0,158,20165.0,37,20205.0,37,20160.0,41
1597988293614394880,1597988293931000064,2020-08-21 13:38:13.931000,20185.0,20220.0,20020.0,20195.0,nan,20110.602392,89958,9045547850.0,64198,20185.0,42,20180.0,39,20190.0,88,20175.0,42,20195.0,37,20170.0,139,20200.0,158,20165.0,37,20205.0,37,20160.0,41
1597988295172288000,1597988295438999808,2020-08-21 13:38:15.439000,20185.0,20220.0,20020.0,20195.0,nan,20110.604046,89960,9045749700.0,64198,20185.0,40,20180.0,39,20190.0,88,20175.0,42,20195.0,37,20170.0,139,20200.0,158,20165.0,37,20205.0,37,20160.0,41
1597988295634663936,1597988295937999872,2020-08-21 13:38:15.938000,20185.0,20220.0,20020.0,20195.0,nan,20110.604046,89960,9045749700.0,64198,20185.0,40,20180.0,40,20190.0,88,20175.0,42,20195.0,37,20170.0,139,20200.0,158,20165.0,37,20205.0,37,20160.0,41
1597988296651497984,1597988296903000064,2020-08-21 13:38:16.903000,20180.0,20220.0,20020.0,20195.0,nan,20110.60807,89965,9046254275.0,64196,20185.0,47,20180.0,41,20190.0,88,20175.0,42,20195.0,37,20170.0,139,20200.0,158,20165.0,37,20205.0,37,20160.0,41
1597988297158978048,1597988297424999936,2020-08-21 13:38:17.425000,20180.0,20220.0,20020.0,20195.0,nan,20110.60807,89965,9046254275.0,64196,20185.0,51,20180.0,45,20190.0,88,20175.0,42,20195.0,37,20170.0,139,20200.0,158,20165.0,37,20205.0,37,20160.0,41
1597988297626992896,1597988297937999872,2020-08-21 13:38:17.938000,20180.0,20220.0,20020.0,20195.0,nan,20110.60807,89965,9046254275.0,64196,20185.0,57,20180.0,46,20190.0,88,20175.0,42,20195.0,37,20170.0,139,20200.0,152,20165.0,37,20205.0,37,20160.0,41
1597988298626715904,1597988298876000000,2020-08-21 13:38:18.876000,20185.0,20220.0,20020.0,20195.0,nan,20110.656825,90024,9052208850.0,64223,20190.0,88,20180.0,55,20195.0,37,20175.0,42,20200.0,152,20170.0,139,20205.0,37,20165.0,37,20210.0,13,20160.0,41
1597988299135124992,1597988299417999872,2020-08-21 13:38:19.418000,20185.0,20220.0,20020.0,20195.0,nan,20110.657651,90025,9052309775.0,64223,20190.0,89,20185.0,27,20195.0,37,20180.0,57,20200.0,152,20175.0,42,20205.0,37,20170.0,138,20210.0,13,20165.0,37
1597988299626417920,1597988299933000192,2020-08-21 13:38:19.933000,20185.0,20220.0,20020.0,20195.0,nan,20110.690668,90065,9056346775.0,64217,20190.0,90,20185.0,3,20195.0,37,20180.0,47,20200.0,153,20175.0,42,20205.0,37,20170.0,136,20210.0,13,20165.0,37
1597988300158963968,1597988300418999808,2020-08-21 13:38:20.419000,20185.0,20220.0,20020.0,20195.0,nan,20110.698093,90074,9057255100.0,64213,20185.0,7,20180.0,44,20190.0,91,20175.0,42,20195.0,37,20170.0,136,20200.0,153,20165.0,37,20205.0,37,20160.0,41
1597988300690706944,1597988300936999936,2020-08-21 13:38:20.937000,20190.0,20220.0,20020.0,20195.0,nan,20110.747468,90131,9063008900.0,64251,20190.0,49,20185.0,11,20195.0,37,20180.0,46,20200.0,154,20175.0,42,20205.0,37,20170.0,136,20210.0,13,20165.0,37
1597988301690511104,1597988301433000192,2020-08-21 13:38:21.433000,20185.0,20220.0,20020.0,20195.0,nan,20110.76147,90148,9064724625.0,64239,20190.0,49,20185.0,3,20195.0,37,20180.0,46,20200.0,155,20175.0,42,20205.0,37,20170.0,136,20210.0,13,20165.0,37
1597988302028455936,1597988301933000192,2020-08-21 13:38:21.933000,20190.0,20220.0,20020.0,20195.0,nan,20110.805228,90198,9069772050.0,64278,20195.0,38,20190.0,100,20200.0,155,20185.0,1,20205.0,37,20180.0,44,20210.0,13,20175.0,39,20215.0,81,20170.0,136
1597988302144884992,1597988302412000000,2020-08-21 13:38:22.412000,20190.0,20220.0,20020.0,20195.0,nan,20110.80874,90202,9070175850.0,64278,20195.0,36,20190.0,160,20200.0,154,20185.0,13,20205.0,35,20180.0,42,20210.0,19,20175.0,46,20215.0,81,20170.0,141
1597988302633725952,1597988302926000128,2020-08-21 13:38:22.926000,20190.0,20220.0,20020.0,20195.0,nan,20110.80874,90202,9070175850.0,64278,20195.0,32,20190.0,185,20200.0,94,20185.0,33,20205.0,35,20180.0,42,20210.0,19,20175.0,46,20215.0,81,20170.0,141
1597988303123348992,1597988303428000000,2020-08-21 13:38:23.428000,20190.0,20220.0,20020.0,20195.0,nan,20110.80874,90202,9070175850.0,64278,20195.0,32,20190.0,187,20200.0,94,20185.0,34,20205.0,35,20180.0,42,20210.0,19,20175.0,45,20215.0,81,20170.0,141
1597988303621827072,1597988303917999872,2020-08-21 13:38:23.918000,20195.0,20220.0,20020.0,20195.0,nan,20110.836732,90232,9073205100.0,64301,20200.0,94,20195.0,10,20205.0,35,20190.0,190,20210.0,19,20185.0,34,20215.0,81,20180.0,40,20220.0,68,20175.0,45
1597988304164583936,1597988304435000064,2020-08-21 13:38:24.435000,20195.0,20220.0,20020.0,20195.0,nan,20110.843316,90239,9073911950.0,64300,20200.0,96,20195.0,34,20205.0,35,20190.0,170,20210.0,20,20185.0,34,20215.0,13,20180.0,23,20220.0,68,20175.0,54
1597988304656408064,1597988304928999936,2020-08-21 13:38:24.929000,20195.0,20220.0,20020.0,20195.0,nan,20110.843316,90239,9073911950.0,64300,20200.0,94,20195.0,36,20205.0,35,20190.0,170,20210.0,22,20185.0,17,20215.0,22,20180.0,23,20220.0,68,20175.0,54
1597988305115233024,1597988305433000192,2020-08-21 13:38:25.433000,20200.0,20220.0,20020.0,20195.0,nan,20110.844304,90240,9074012950.0,64300,20200.0,93,20195.0,34,20205.0,35,20190.0,170,20210.0,22,20185.0,17,20215.0,22,20180.0,23,20220.0,68,20175.0,54
1597988305636520960,1597988305936999936,2020-08-21 13:38:25.937000,20200.0,20220.0,20020.0,20195.0,nan,20110.882819,90279,9077951950.0,64301,20200.0,55,20195.0,36,20205.0,35,20190.0,168,20210.0,22,20185.0,17,20215.0,22,20180.0,23,20220.0,67,20175.0,54
1597988306150164992,1597988306417999872,2020-08-21 13:38:26.418000,20200.0,20220.0,20020.0,20195.0,nan,20110.891702,90288,9078860950.0,64307,20200.0,47,20195.0,37,20205.0,34,20190.0,166,20210.0,22,20185.0,17,20215.0,22,20180.0,22,20220.0,67,20175.0,54
1597988306617442048,1597988306932000000,2020-08-21 13:38:26.932000,20200.0,20220.0,20020.0,20195.0,nan,20110.938064,90335,9083607950.0,64345,20205.0,34,20200.0,13,20210.0,22,20195.0,40,20215.0,22,20190.0,164,20220.0,67,20185.0,17,20225.0,21,20180.0,22
1597988307115578112,1597988307413000192,2020-08-21 13:38:27.413000,20200.0,20220.0,20020.0,20195.0,nan,20110.967631,90365,9086637950.0,64355,20205.0,47,20200.0,7,20210.0,20,20195.0,20,20215.0,24,20190.0,78,20220.0,69,20185.0,17,20225.0,21,20180.0,30
1597988307624685056,1597988307923000064,2020-08-21 13:38:27.923000,20195.0,20220.0,20020.0,20195.0,nan,20110.977372,90375,9087647900.0,64363,20200.0,21,20195.0,17,20205.0,39,20190.0,78,20210.0,20,20185.0,17,20215.0,24,20180.0,30,20220.0,69,20175.0,46
1597988308138807040,1597988308432000000,2020-08-21 13:38:28.432000,20200.0,20220.0,20020.0,20195.0,nan,20110.989136,90387,9088859875.0,64352,20200.0,14,20195.0,24,20205.0,39,20190.0,78,20210.0,22,20185.0,17,20215.0,24,20180.0,30,20220.0,69,20175.0,46
1597988308633566976,1597988308936999936,2020-08-21 13:38:28.937000,20205.0,20220.0,20020.0,20195.0,nan,20111.042526,90439,9094112875.0,64385,20210.0,22,20205.0,3,20215.0,24,20200.0,3,20220.0,69,20195.0,33,20225.0,21,20190.0,78,20230.0,96,20185.0,17
1597988309160454912,1597988309437999872,2020-08-21 13:38:29.438000,20205.0,20220.0,20020.0,20195.0,nan,20111.070568,90466,9096840550.0,64382,20210.0,41,20205.0,11,20215.0,24,20200.0,18,20220.0,71,20195.0,23,20225.0,20,20190.0,78,20230.0,96,20185.0,22
1597988309707794944,1597988309937999872,2020-08-21 13:38:29.938000,20205.0,20220.0,20020.0,20195.0,nan,20111.090181,90485,9098759975.0,64381,20205.0,2,20200.0,15,20210.0,39,20195.0,22,20215.0,24,20190.0,78,20220.0,71,20185.0,22,20225.0,20,20180.0,22
1597988310212652032,1597988310433000192,2020-08-21 13:38:30.433000,20205.0,20220.0,20020.0,20195.0,nan,20111.091219,90486,9098861000.0,64382,20205.0,33,20200.0,16,20210.0,39,20195.0,24,20215.0,25,20190.0,78,20220.0,71,20185.0,22,20225.0,20,20180.0,22
1597988310620791040,1597988310916000000,2020-08-21 13:38:30.916000,20200.0,20220.0,20020.0,20195.0,nan,20111.096131,90491,9099366000.0,64377,20205.0,34,20200.0,8,20210.0,41,20195.0,24,20215.0,25,20190.0,78,20220.0,71,20185.0,22,20225.0,20,20180.0,22
1597988311137473024,1597988311407000064,2020-08-21 13:38:31.407000,20205.0,20220.0,20020.0,20195.0,nan,20111.1314,90525,9102800850.0,64404,20210.0,41,20205.0,16,20215.0,25,20200.0,13,20220.0,71,20195.0,23,20225.0,20,20190.0,78,20230.0,96,20185.0,22
1597988311623080960,1597988311936000000,2020-08-21 13:38:31.936000,20195.0,20220.0,20020.0,20195.0,nan,20111.169738,90563,9106639325.0,64394,20205.0,12,20195.0,18,20210.0,40,20190.0,78,20215.0,25,20185.0,22,20220.0,71,20180.0,22,20225.0,22,20175.0,46
1597988312148364032,1597988312436999936,2020-08-21 13:38:32.437000,20200.0,20220.0,20020.0,20195.0,nan,20111.172681,90566,9106942325.0,64395,20205.0,31,20200.0,16,20210.0,45,20195.0,25,20215.0,25,20190.0,78,20220.0,70,20185.0,22,20225.0,20,20180.0,22
1597988312627791104,1597988312916999936,2020-08-21 13:38:32.917000,20200.0,20220.0,20020.0,20195.0,nan,20111.172681,90566,9106942325.0,64395,20205.0,31,20200.0,17,20210.0,46,20195.0,25,20215.0,27,20190.0,78,20220.0,70,20185.0,22,20225.0,20,20180.0,22
1597988313126875904,1597988313424000000,2020-08-21 13:38:33.424000,20205.0,20220.0,20020.0,20195.0,nan,20111.206746,90599,9110276100.0,64409,20210.0,46,20205.0,20,20215.0,27,20200.0,17,20220.0,70,20195.0,25,20225.0,20,20190.0,28,20230.0,96,20185.0,22
1597988313621424896,1597988313927000064,2020-08-21 13:38:33.927000,20205.0,20220.0,20020.0,20195.0,nan,20111.238332,90630,9113407650.0,64406,20205.0,10,20200.0,3,20210.0,46,20195.0,27,20215.0,27,20190.0,28,20220.0,70,20185.0,22,20225.0,20,20180.0,27
1597988314139054080,1597988314420999936,2020-08-21 13:38:34.421000,20200.0,20220.0,20020.0,20195.0,nan,20111.241325,90633,9113710675.0,64405,20205.0,28,20200.0,25,20210.0,47,20195.0,27,20215.0,27,20190.0,28,20220.0,70,20185.0,22,20225.0,20,20180.0,27
1597988314637457920,1597988314897000192,2020-08-21 13:38:34.897000,20205.0,20220.0,20020.0,20195.0,nan,20111.242359,90634,9113811700.0,64406,20205.0,27,20200.0,31,20210.0,47,20195.0,27,20215.0,27,20190.0,29,20220.0,70,20185.0,22,20225.0,20,20180.0,27
1597988315161614080,1597988315403000064,2020-08-21 13:38:35.403000,20200.0,20220.0,20020.0,20195.0,nan,20111.276897,90669,9117346825.0,64383,20205.0,28,20200.0,2,20210.0,47,20195.0,27,20215.0,27,20190.0,29,20220.0,70,20185.0,22,20225.0,20,20180.0,27
1597988315705018112,1597988315878000128,2020-08-21 13:38:35.878000,20200.0,20220.0,20020.0,20195.0,nan,20111.276897,90669,9117346825.0,64383,20205.0,32,20200.0,1,20210.0,47,20195.0,25,20215.0,27,20190.0,29,20220.0,70,20185.0,22,20225.0,20,20180.0,28
1597988316169989888,1597988316420000000,2020-08-21 13:38:36.420000,20205.0,20220.0,20020.0,20195.0,nan,20111.279943,90672,9117649875.0,64385,20200.0,2,20195.0,23,20205.0,29,20190.0,28,20210.0,46,20185.0,22,20215.0,26,20180.0,28,20220.0,70,20175.0,45
1597988316620916992,1597988316920999936,2020-08-21 13:38:36.921000,20200.0,20220.0,20020.0,20195.0,nan,20111.286792,90679,9118356875.0,64382,20200.0,3,20195.0,19,20205.0,31,20190.0,28,20210.0,46,20185.0,23,20215.0,26,20180.0,28,20220.0,70,20175.0,45
1597988317145207040,1597988317431000064,2020-08-21 13:38:37.431000,20205.0,20220.0,20020.0,20195.0,nan,20111.334458,90726,9123104650.0,64416,20210.0,46,20205.0,40,20215.0,26,20200.0,7,20220.0,70,20195.0,20,20225.0,20,20190.0,30,20230.0,97,20185.0,23
1597988317643905024,1597988317900999936,2020-08-21 13:38:37.901000,20200.0,20220.0,20020.0,20195.0,nan,20111.381704,90772,9127751700.0,64419,20205.0,22,20200.0,7,20210.0,45,20195.0,22,20215.0,26,20190.0,30,20220.0,70,20185.0,23,20225.0,20,20180.0,28
1597988318184897024,1597988318716000000,2020-08-21 13:38:38.716000,20210.0,20220.0,20020.0,20195.0,nan,20111.42478,90814,9131994650.0,64436,20210.0,38,20200.0,15,20215.0,26,20195.0,22,20220.0,70,20190.0,38,20225.0,20,20185.0,23,20230.0,97,20180.0,28
1597988318614380032,1597988318931000064,2020-08-21 13:38:38.931000,20210.0,20220.0,20020.0,20195.0,nan,20111.42478,90814,9131994650.0,64436,20210.0,29,20205.0,5,20215.0,27,20200.0,29,20220.0,70,20195.0,22,20225.0,20,20190.0,38,20230.0,97,20185.0,23
1597988319139141888,1597988319404000000,2020-08-21 13:38:39.404000,20205.0,20220.0,20020.0,20195.0,nan,20111.473278,90862,9136843425.0,64416,20210.0,29,20205.0,5,20215.0,28,20200.0,13,20220.0,70,20195.0,22,20225.0,20,20190.0,38,20230.0,97,20185.0,23
1597988319626660096,1597988319927000064,2020-08-21 13:38:39.927000,20200.0,20220.0,20020.0,20195.0,nan,20111.487466,90876,9138257675.0,64415,20205.0,3,20200.0,9,20210.0,29,20195.0,22,20215.0,28,20190.0,39,20220.0,70,20185.0,23,20225.0,20,20180.0,28
1597988320138942976,1597988320428999936,2020-08-21 13:38:40.429000,20205.0,20220.0,20020.0,20195.0,nan,20111.497755,90886,9139267925.0,64419,20210.0,30,20205.0,1,20215.0,28,20200.0,44,20220.0,70,20195.0,22,20225.0,21,20190.0,39,20230.0,97,20185.0,23
1597988320624259072,1597988320934000128,2020-08-21 13:38:40.934000,20200.0,20220.0,20020.0,20195.0,nan,20111.517188,90905,9141187350.0,64405,20205.0,1,20200.0,38,20210.0,29,20195.0,22,20215.0,28,20190.0,39,20220.0,70,20185.0,23,20225.0,21,20180.0,28
1597988321137688064,1597988321436999936,2020-08-21 13:38:41.437000,20205.0,20220.0,20020.0,20195.0,nan,20111.524386,90912,9141894525.0,64405,20210.0,38,20205.0,1,20215.0,28,20200.0,41,20220.0,70,20195.0,22,20225.0,21,20190.0,39,20230.0,97,20185.0,23
1597988321624230912,1597988321938999808,2020-08-21 13:38:41.939000,20205.0,20220.0,20020.0,20195.0,nan,20111.526443,90914,9142096575.0,64404,20210.0,38,20205.0,3,20215.0,28,20200.0,45,20220.0,70,20195.0,22,20225.0,21,20190.0,39,20230.0,97,20185.0,23
1597988322165053952,1597988322426000128,2020-08-21 13:38:42.426000,20210.0,20220.0,20020.0,20195.0,nan,20111.528554,90916,9142298650.0,64404,20210.0,38,20205.0,5,20215.0,28,20200.0,46,20220.0,70,20195.0,22,20225.0,22,20190.0,39,20230.0,97,20185.0,23
1597988322621406976,1597988322928999936,2020-08-21 13:38:42.929000,20210.0,20220.0,20020.0,20195.0,nan,20111.569695,90954,9146138550.0,64422,20215.0,27,20210.0,11,20220.0,70,20205.0,20,20225.0,22,20200.0,51,20230.0,97,20195.0,22,20235.0,14,20190.0,39
1597988323139104000,1597988323428999936,2020-08-21 13:38:43.429000,20210.0,20220.0,20020.0,20195.0,nan,20111.571859,90956,9146340650.0,64424,20215.0,26,20210.0,30,20220.0,69,20205.0,21,20225.0,19,20200.0,54,20230.0,27,20195.0,22,20235.0,14,20190.0,47
1597988323625946880,1597988323924999936,2020-08-21 13:38:43.925000,20210.0,20220.0,20020.0,20195.0,nan,20111.571859,90956,9146340650.0,64424,20215.0,17,20210.0,31,20220.0,69,20205.0,21,20225.0,19,20200.0,54,20230.0,27,20195.0,22,20235.0,14,20190.0,47
1597988324139098112,1597988324424999936,2020-08-21 13:38:44.425000,20215.0,20220.0,20020.0,20195.0,nan,20111.574133,90958,9146542800.0,64424,20215.0,14,20210.0,32,20220.0,67,20205.0,23,20225.0,19,20200.0,54,20230.0,27,20195.0,22,20235.0,14,20190.0,47
1597988324626370048,1597988324895000064,2020-08-21 13:38:44.895000,20215.0,20220.0,20020.0,20195.0,nan,20111.593515,90975,9148261100.0,64432,20215.0,6,20210.0,33,20220.0,66,20205.0,23,20225.0,19,20200.0,54,20230.0,27,20195.0,22,20235.0,14,20190.0,47
1597988325141137920,1597988325424000000,2020-08-21 13:38:45.424000,20215.0,20220.0,20020.0,20195.0,nan,20111.601471,90982,9148968625.0,64433,20220.0,56,20215.0,15,20225.0,18,20210.0,35,20230.0,27,20205.0,22,20235.0,14,20200.0,54,20240.0,26,20195.0,22
1597988325680724992,1597988326224000000,2020-08-21 13:38:46.224000,20215.0,20220.0,20020.0,20195.0,nan,20111.648118,91022,9153012175.0,64452,20220.0,33,20215.0,2,20225.0,18,20210.0,32,20230.0,30,20205.0,22,20235.0,17,20200.0,50,20240.0,26,20195.0,30
1597988326153389056,1597988326413000192,2020-08-21 13:38:46.413000,20215.0,20220.0,20020.0,20195.0,nan,20111.664012,91036,9154427225.0,64441,20220.0,35,20215.0,5,20225.0,18,20210.0,31,20230.0,30,20205.0,22,20235.0,17,20200.0,49,20240.0,26,20195.0,31
1597988326650827008,1597988326921999872,2020-08-21 13:38:46.922000,20215.0,20220.0,20020.0,20195.0,nan,20111.675362,91046,9155437975.0,64437,20220.0,33,20215.0,5,20225.0,19,20210.0,35,20230.0,30,20205.0,22,20235.0,17,20200.0,55,20240.0,26,20195.0,31
1597988327304854016,1597988327434000128,2020-08-21 13:38:47.434000,20215.0,20220.0,20020.0,20195.0,nan,20111.677686,91048,9155640150.0,64437,20220.0,32,20215.0,13,20225.0,19,20210.0,35,20230.0,30,20205.0,22,20235.0,17,20200.0,55,20240.0,26,20195.0,32
1597988327618765056,1597988327936999936,2020-08-21 13:38:47.937000,20220.0,20220.0,20020.0,20195.0,nan,20111.678876,91049,9155741250.0,64438,20220.0,21,20215.0,18,20225.0,19,20210.0,35,20230.0,30,20205.0,22,20235.0,17,20200.0,55,20240.0,26,20195.0,32
1597988328195098112,1597988328431000064,2020-08-21 13:38:48.431000,20220.0,20220.0,20020.0,20195.0,nan,20111.680066,91050,9155842350.0,64438,20220.0,24,20215.0,22,20225.0,19,20210.0,35,20230.0,30,20205.0,22,20235.0,17,20200.0,55,20240.0,26,20195.0,32
1597988328683077120,1597988328881999872,2020-08-21 13:38:48.882000,20215.0,20220.0,20020.0,20195.0,nan,20111.682335,91052,9156044500.0,64438,20220.0,24,20215.0,21,20225.0,19,20210.0,35,20230.0,30,20205.0,22,20235.0,17,20200.0,55,20240.0,26,20195.0,32
1597988329169516032,1597988329400000000,2020-08-21 13:38:49.400000,20215.0,20220.0,20020.0,20195.0,nan,20111.682335,91052,9156044500.0,64438,20220.0,23,20215.0,21,20225.0,19,20210.0,36,20230.0,30,20205.0,22,20235.0,17,20200.0,55,20240.0,26,20195.0,32
1597988329653125120,1597988329930000128,2020-08-21 13:38:49.930000,20220.0,20220.0,20020.0,20195.0,nan,20111.69423,91062,9157055500.0,64447,20220.0,13,20215.0,21,20225.0,19,20210.0,36,20230.0,30,20205.0,22,20235.0,17,20200.0,54,20240.0,26,20195.0,33
1597988330137114880,1597988330434000128,2020-08-21 13:38:50.434000,20220.0,20220.0,20020.0,20195.0,nan,20111.70969,91075,9158369800.0,64450,20225.0,20,20220.0,1,20230.0,30,20215.0,27,20235.0,19,20210.0,36,20240.0,26,20205.0,20,20245.0,92,20200.0,51
1597988330651354880,1597988330931000064,2020-08-21 13:38:50.931000,20215.0,20220.0,20020.0,20195.0,nan,20111.719036,91083,9159178525.0,64447,20220.0,2,20215.0,25,20225.0,26,20210.0,36,20230.0,30,20205.0,20,20235.0,19,20200.0,56,20240.0,26,20195.0,22
1597988331133729024,1597988331408000000,2020-08-21 13:38:51.408000,20215.0,20220.0,20020.0,20195.0,nan,20111.72017,91084,9159279600.0,64448,20220.0,26,20215.0,27,20225.0,23,20210.0,36,20230.0,30,20205.0,20,20235.0,19,20200.0,56,20240.0,26,20195.0,26
1597988331642048000,1597988331923000064,2020-08-21 13:38:51.923000,20220.0,20220.0,20020.0,20195.0,nan,20111.749698,91110,9161907575.0,64447,20220.0,32,20215.0,1,20225.0,23,20210.0,36,20230.0,30,20205.0,20,20235.0,19,20200.0,56,20240.0,26,20195.0,26
1597988332168730112,1597988332427000064,2020-08-21 13:38:52.427000,20210.0,20220.0,20020.0,20195.0,nan,20111.75191,91112,9162109700.0,64446,20215.0,7,20210.0,35,20220.0,40,20205.0,20,20225.0,25,20200.0,56,20230.0,30,20195.0,26,20235.0,19,20190.0,39
1597988332695565056,1597988332932000000,2020-08-21 13:38:52.932000,20215.0,20220.0,20020.0,20195.0,nan,20111.755199,91115,9162412875.0,64446,20215.0,23,20210.0,30,20220.0,33,20205.0,21,20225.0,25,20200.0,56,20230.0,30,20195.0,26,20235.0,19,20190.0,39
1597988333162070016,1597988333436000000,2020-08-21 13:38:53.436000,20215.0,20220.0,20020.0,20195.0,nan,20111.757466,91117,9162615025.0,64445,20215.0,25,20210.0,19,20220.0,35,20205.0,21,20225.0,26,20200.0,56,20230.0,30,20195.0,26,20235.0,27,20190.0,39
1597988333671921920,1597988333913000192,2020-08-21 13:38:53.913000,20210.0,20220.0,20020.0,20195.0,nan,20111.758544,91118,9162716075.0,64446,20215.0,25,20210.0,18,20220.0,35,20205.0,21,20225.0,26,20200.0,56,20230.0,30,20195.0,26,20235.0,27,20190.0,39
1597988334141218048,1597988334436000000,2020-08-21 13:38:54.436000,20210.0,20220.0,20020.0,20195.0,nan,20111.758544,91118,9162716075.0,64446,20215.0,25,20210.0,18,20220.0,40,20205.0,21,20225.0,26,20200.0,56,20230.0,30,20195.0,26,20235.0,27,20190.0,39
1597988334632387072,1597988334927000064,2020-08-21 13:38:54.927000,20215.0,20220.0,20020.0,20195.0,nan,20111.759677,91119,9162817150.0,64445,20215.0,27,20210.0,18,20220.0,40,20205.0,22,20225.0,26,20200.0,56,20230.0,30,20195.0,26,20235.0,27,20190.0,39
1597988335140019968,1597988335376000000,2020-08-21 13:38:55.376000,20215.0,20220.0,20020.0,20195.0,nan,20111.76081,91120,9162918225.0,64445,20215.0,26,20210.0,19,20220.0,41,20205.0,22,20225.0,26,20200.0,56,20230.0,30,20195.0,26,20235.0,27,20190.0,39
1597988335678760960,1597988335924999936,2020-08-21 13:38:55.925000,20210.0,20220.0,20020.0,20195.0,nan,20111.780212,91138,9164737125.0,64441,20215.0,26,20210.0,1,20220.0,42,20205.0,22,20225.0,26,20200.0,56,20230.0,30,20195.0,26,20235.0,27,20190.0,39
1597988336194620928,1597988336403000064,2020-08-21 13:38:56.403000,20210.0,20220.0,20020.0,20195.0,nan,20111.782368,91140,9164939225.0,64441,20210.0,2,20205.0,21,20215.0,31,20200.0,56,20220.0,40,20195.0,25,20225.0,26,20190.0,40,20230.0,30,20185.0,16
1597988336627137024,1597988336936999936,2020-08-21 13:38:56.937000,20210.0,20220.0,20020.0,20195.0,nan,20111.782368,91140,9164939225.0,64441,20210.0,22,20205.0,20,20215.0,26,20200.0,56,20220.0,40,20195.0,25,20225.0,24,20190.0,40,20230.0,30,20185.0,16
1597988337169646080,1597988337416999936,2020-08-21 13:38:57.417000,20210.0,20220.0,20020.0,20195.0,nan,20111.783445,91141,9165040275.0,64441,20210.0,23,20205.0,17,20215.0,28,20200.0,56,20220.0,40,20195.0,25,20225.0,24,20190.0,39,20230.0,30,20185.0,16
1597988337652376064,1597988338239000064,2020-08-21 13:38:58.239000,20210.0,20220.0,20020.0,20195.0,nan,20111.785601,91143,9165242375.0,64443,20210.0,22,20205.0,17,20215.0,28,20200.0,56,20220.0,40,20195.0,25,20225.0,24,20190.0,39,20230.0,38,20185.0,16
1597988338139653888,1597988338428000000,2020-08-21 13:38:58.428000,20210.0,20220.0,20020.0,20195.0,nan,20111.785601,91143,9165242375.0,64443,20210.0,22,20205.0,19,20215.0,28,20200.0,57,20220.0,40,20195.0,25,20225.0,24,20190.0,39,20230.0,38,20185.0,16
1597988338623122944,1597988338928999936,2020-08-21 13:38:58.929000,20210.0,20220.0,20020.0,20195.0,nan,20111.786678,91144,9165343425.0,64444,20210.0,21,20205.0,19,20215.0,29,20200.0,57,20220.0,33,20195.0,25,20225.0,24,20190.0,39,20230.0,38,20185.0,16
1597988339294803968,1597988339424000000,2020-08-21 13:38:59.424000,20210.0,20220.0,20020.0,20195.0,nan,20111.787756,91145,9165444475.0,64445,20210.0,21,20205.0,27,20215.0,29,20200.0,57,20220.0,39,20195.0,25,20225.0,24,20190.0,39,20230.0,38,20185.0,16
1597988339629427968,1597988339934000128,2020-08-21 13:38:59.934000,20210.0,20220.0,20020.0,20195.0,nan,20111.788833,91146,9165545525.0,64446,20210.0,21,20205.0,27,20215.0,30,20200.0,58,20220.0,39,20195.0,25,20225.0,24,20190.0,39,20230.0,38,20185.0,16
1597988340149696000,1597988340432000000,2020-08-21 13:39:00.432000,20210.0,20220.0,20020.0,20195.0,nan,20111.788833,91146,9165545525.0,64446,20210.0,25,20205.0,28,20215.0,30,20200.0,58,20220.0,39,20195.0,25,20225.0,24,20190.0,39,20230.0,38,20185.0,16
1597988340664172032,1597988340924000000,2020-08-21 13:39:00.924000,20215.0,20220.0,20020.0,20195.0,nan,20111.820236,91175,9168476050.0,64462,20215.0,26,20210.0,1,20220.0,39,20205.0,30,20225.0,24,20200.0,58,20230.0,38,20195.0,25,20235.0,29,20190.0,39
1597988341125490944,1597988341415000064,2020-08-21 13:39:01.415000,20215.0,20220.0,20020.0,20195.0,nan,20111.820236,91175,9168476050.0,64462,20215.0,24,20210.0,13,20220.0,40,20205.0,29,20225.0,24,20200.0,58,20230.0,38,20195.0,25,20235.0,29,20190.0,39
1597988341647971072,1597988341936999936,2020-08-21 13:39:01.937000,20215.0,20220.0,20020.0,20195.0,nan,20111.821367,91176,9168577125.0,64462,20215.0,21,20210.0,46,20220.0,40,20205.0,31,20225.0,24,20200.0,58,20230.0,48,20195.0,24,20235.0,29,20190.0,39
1597988342164044032,1597988342734999808,2020-08-21 13:39:02.735000,20215.0,20220.0,20020.0,20195.0,nan,20111.828157,91182,9169183575.0,64466,20215.0,1,20210.0,51,20220.0,40,20205.0,31,20225.0,24,20200.0,58,20230.0,48,20195.0,24,20235.0,29,20190.0,39
1597988342712449024,1597988342924999936,2020-08-21 13:39:02.925000,20210.0,20220.0,20020.0,20195.0,nan,20111.949909,91294,9180501775.0,64428,20210.0,39,20205.0,30,20220.0,40,20200.0,58,20225.0,24,20195.0,24,20230.0,48,20190.0,39,20235.0,29,20185.0,16
1597988343162384896,1597988343668999936,2020-08-21 13:39:03.669000,20210.0,20220.0,20020.0,20195.0,nan,20111.953131,91297,9180804925.0,64425,20210.0,38,20205.0,28,20215.0,13,20200.0,58,20220.0,40,20195.0,24,20225.0,24,20190.0,39,20230.0,48,20185.0,16
1597988343658825984,1597988343936999936,2020-08-21 13:39:03.937000,20210.0,20220.0,20020.0,20195.0,nan,20111.9585,91302,9181310175.0,64424,20210.0,44,20205.0,28,20215.0,15,20200.0,58,20220.0,40,20195.0,24,20225.0,24,20190.0,39,20230.0,48,20185.0,16
1597988344133564928,1597988344374000128,2020-08-21 13:39:04.374000,20210.0,20220.0,20020.0,20195.0,nan,20111.962795,91306,9181714375.0,64424,20210.0,40,20205.0,25,20215.0,16,20200.0,58,20220.0,40,20195.0,24,20225.0,24,20190.0,40,20230.0,48,20185.0,16
1597988344617763072,1597988344918999808,2020-08-21 13:39:04.919000,20210.0,20220.0,20020.0,20195.0,nan,20111.963869,91307,9181815425.0,64423,20210.0,39,20205.0,25,20215.0,17,20200.0,58,20220.0,40,20195.0,24,20225.0,24,20190.0,40,20230.0,48,20185.0,16
1597988345192884992,1597988345416999936,2020-08-21 13:39:05.417000,20210.0,20220.0,20020.0,20195.0,nan,20111.963869,91307,9181815425.0,64423,20210.0,40,20205.0,25,20215.0,17,20200.0,58,20220.0,40,20195.0,24,20225.0,24,20190.0,40,20230.0,48,20185.0,16
1597988345632493056,1597988345923000064,2020-08-21 13:39:05.923000,20210.0,20220.0,20020.0,20195.0,nan,20111.963869,91307,9181815425.0,64423,20210.0,44,20205.0,25,20215.0,19,20200.0,58,20220.0,40,20195.0,24,20225.0,24,20190.0,40,20230.0,48,20185.0,16
1597988346155885056,1597988346420999936,2020-08-21 13:39:06.421000,20210.0,20220.0,20020.0,20195.0,nan,20111.966981,91310,9182118525.0,64421,20210.0,49,20205.0,23,20215.0,19,20200.0,58,20220.0,40,20195.0,24,20225.0,24,20190.0,40,20230.0,48,20185.0,16
1597988346640921088,1597988346920000000,2020-08-21 13:39:06.920000,20200.0,20220.0,20020.0,20195.0,nan,20111.998172,91341,9185250125.0,64414,20205.0,4,20200.0,53,20210.0,55,20195.0,24,20215.0,19,20190.0,40,20220.0,40,20185.0,16,20225.0,24,20180.0,96
1597988347195088896,1597988347420999936,2020-08-21 13:39:07.421000,20205.0,20220.0,20020.0,20195.0,nan,20112.000153,91343,9185452150.0,64414,20205.0,46,20200.0,51,20210.0,57,20195.0,24,20215.0,19,20190.0,40,20220.0,40,20185.0,19,20225.0,24,20180.0,96
1597988347631995904,1597988347923000064,2020-08-21 13:39:07.923000,20200.0,20220.0,20020.0,20195.0,nan,20112.046372,91391,9190300150.0,64389,20200.0,10,20195.0,23,20205.0,48,20190.0,39,20210.0,59,20185.0,20,20215.0,19,20180.0,96,20220.0,40,20175.0,36
1597988348162038016,1597988348707000064,2020-08-21 13:39:08.707000,20195.0,20220.0,20020.0,20195.0,nan,20112.04728,91392,9190401125.0,64388,20200.0,42,20195.0,9,20205.0,38,20190.0,39,20210.0,59,20185.0,20,20215.0,20,20180.0,29,20220.0,41,20175.0,36
1597988348628560896,1597988348932000000,2020-08-21 13:39:08.932000,20195.0,20220.0,20020.0,20195.0,nan,20112.05454,91400,9191208925.0,64390,20200.0,44,20195.0,3,20205.0,38,20190.0,37,20210.0,59,20185.0,19,20215.0,20,20180.0,30,20220.0,38,20175.0,34
1597988349179388928,1597988349437999872,2020-08-21 13:39:09.438000,20195.0,20220.0,20020.0,20195.0,nan,20112.064522,91411,9192319650.0,64386,20195.0,11,20190.0,35,20200.0,44,20185.0,19,20205.0,38,20180.0,30,20210.0,44,20175.0,34,20215.0,20,20170.0,127
1597988349614632960,1597988349898000128,2020-08-21 13:39:09.898000,20195.0,20220.0,20020.0,20195.0,nan,20112.064522,91411,9192319650.0,64386,20195.0,28,20190.0,26,20200.0,45,20185.0,20,20205.0,38,20180.0,24,20210.0,44,20175.0,33,20215.0,20,20170.0,127
1597988350111656960,1597988350412000000,2020-08-21 13:39:10.412000,20195.0,20220.0,20020.0,20195.0,nan,20112.064522,91411,9192319650.0,64386,20195.0,31,20190.0,17,20200.0,46,20185.0,18,20205.0,38,20180.0,23,20210.0,44,20175.0,34,20215.0,20,20170.0,127
1597988350662628096,1597988350888000000,2020-08-21 13:39:10.888000,20195.0,20220.0,20020.0,20195.0,nan,20112.071779,91419,9193127450.0,64386,20195.0,24,20190.0,17,20200.0,46,20185.0,20,20205.0,38,20180.0,23,20210.0,44,20175.0,36,20215.0,20,20170.0,127
1597988351167546880,1597988351423000064,2020-08-21 13:39:11.423000,20195.0,20220.0,20020.0,20195.0,nan,20112.071779,91419,9193127450.0,64386,20195.0,24,20190.0,20,20200.0,46,20185.0,20,20205.0,38,20180.0,23,20210.0,44,20175.0,36,20215.0,20,20170.0,127
1597988351683185920,1597988351935000064,2020-08-21 13:39:11.935000,20195.0,20220.0,20020.0,20195.0,nan,20112.073539,91421,9193329375.0,64385,20195.0,23,20190.0,22,20200.0,46,20185.0,20,20205.0,38,20180.0,23,20210.0,44,20175.0,36,20215.0,20,20170.0,127
1597988352158244096,1597988352436999936,2020-08-21 13:39:12.437000,20195.0,20220.0,20020.0,20195.0,nan,20112.094397,91444,9195651800.0,64399,20200.0,46,20195.0,23,20205.0,38,20190.0,23,20210.0,44,20185.0,20,20215.0,20,20180.0,23,20220.0,34,20175.0,35
1597988352688440064,1597988352927000064,2020-08-21 13:39:12.927000,20200.0,20220.0,20020.0,20195.0,nan,20112.095358,91445,9195752800.0,64399,20200.0,43,20195.0,34,20205.0,38,20190.0,23,20210.0,44,20185.0,20,20215.0,20,20180.0,23,20220.0,34,20175.0,35
1597988353157904896,1597988353404999936,2020-08-21 13:39:13.405000,20200.0,20220.0,20020.0,20195.0,nan,20112.095358,91445,9195752800.0,64399,20200.0,43,20195.0,41,20205.0,38,20190.0,23,20210.0,43,20185.0,20,20215.0,20,20180.0,23,20220.0,34,20175.0,35
1597988353618603008,1597988353924999936,2020-08-21 13:39:13.925000,20200.0,20220.0,20020.0,20195.0,nan,20112.096319,91446,9195853800.0,64399,20200.0,41,20195.0,43,20205.0,38,20190.0,22,20210.0,43,20185.0,20,20215.0,20,20180.0,23,20220.0,34,20175.0,35
1597988354144313088,1597988354382999808,2020-08-21 13:39:14.383000,20200.0,20220.0,20020.0,20195.0,nan,20112.096319,91446,9195853800.0,64399,20200.0,42,20195.0,43,20205.0,38,20190.0,22,20210.0,43,20185.0,20,20215.0,20,20180.0,23,20220.0,34,20175.0,35
1597988354627538944,1597988354903000064,2020-08-21 13:39:14.903000,20200.0,20220.0,20020.0,20195.0,nan,20112.096319,91446,9195853800.0,64399,20200.0,45,20195.0,43,20205.0,38,20190.0,22,20210.0,43,20185.0,20,20215.0,20,20180.0,23,20220.0,34,20175.0,35
1597988355617065984,1597988355934000128,2020-08-21 13:39:15.934000,20200.0,20220.0,20020.0,20195.0,nan,20112.102032,91452,9196459775.0,64400,20200.0,40,20195.0,42,20205.0,38,20190.0,25,20210.0,43,20185.0,20,20215.0,20,20180.0,23,20220.0,34,20175.0,35
1597988356140850944,1597988356436000000,2020-08-21 13:39:16.436000,20200.0,20220.0,20020.0,20195.0,nan,20112.102032,91452,9196459775.0,64400,20200.0,40,20195.0,42,20205.0,38,20190.0,25,20210.0,43,20185.0,21,20215.0,20,20180.0,24,20220.0,34,20175.0,35
1597988356625203968,1597988356924999936,2020-08-21 13:39:16.925000,20200.0,20220.0,20020.0,20195.0,nan,20112.102032,91452,9196459775.0,64400,20200.0,40,20195.0,42,20205.0,38,20190.0,25,20210.0,43,20185.0,21,20215.0,20,20180.0,25,20220.0,34,20175.0,35
1597988357136098048,1597988357430000128,2020-08-21 13:39:17.430000,20200.0,20220.0,20020.0,20195.0,nan,20112.102993,91453,9196560775.0,64401,20200.0,39,20195.0,43,20205.0,38,20190.0,25,20210.0,43,20185.0,21,20215.0,20,20180.0,25,20220.0,34,20175.0,35
1597988357608585984,1597988357931000064,2020-08-21 13:39:17.931000,20200.0,20220.0,20020.0,20195.0,nan,20112.105876,91456,9196863775.0,64404,20200.0,33,20195.0,43,20205.0,38,20190.0,24,20210.0,43,20185.0,22,20215.0,20,20180.0,25,20220.0,34,20175.0,35
1597988358145825024,1597988358344000000,2020-08-21 13:39:18.344000,20200.0,20220.0,20020.0,20195.0,nan,20112.111587,91462,9197469750.0,64404,20200.0,31,20195.0,42,20205.0,38,20190.0,24,20210.0,43,20185.0,22,20215.0,20,20180.0,25,20220.0,34,20175.0,35
1597988359620466944,1597988359923000064,2020-08-21 13:39:19.923000,20200.0,20220.0,20020.0,20195.0,nan,20112.111587,91462,9197469750.0,64404,20200.0,31,20195.0,42,20205.0,38,20190.0,24,20210.0,42,20185.0,22,20215.0,20,20180.0,25,20220.0,39,20175.0,35
1597988360145869056,1597988360408999936,2020-08-21 13:39:20.409000,20200.0,20220.0,20020.0,20195.0,nan,20112.111587,91462,9197469750.0,64404,20200.0,31,20195.0,41,20205.0,38,20190.0,24,20210.0,42,20185.0,23,20215.0,20,20180.0,25,20220.0,39,20175.0,35
1597988360618841088,1597988360845999872,2020-08-21 13:39:20.846000,20200.0,20220.0,20020.0,20195.0,nan,20112.111587,91462,9197469750.0,64404,20200.0,31,20195.0,40,20205.0,38,20190.0,24,20210.0,42,20185.0,23,20215.0,20,20180.0,25,20220.0,39,20175.0,35
1597988361131492096,1597988361430000128,2020-08-21 13:39:21.430000,20200.0,20220.0,20020.0,20195.0,nan,20112.15693,91512,9202518525.0,64398,20200.0,32,20190.0,24,20205.0,38,20185.0,23,20210.0,42,20180.0,25,20215.0,20,20175.0,35,20220.0,39,20170.0,127
1597988361615489024,1597988361904000000,2020-08-21 13:39:21.904000,20200.0,20220.0,20020.0,20195.0,nan,20112.15693,91512,9202518525.0,64398,20195.0,18,20190.0,25,20200.0,36,20185.0,23,20205.0,38,20180.0,25,20210.0,42,20175.0,35,20215.0,20,20170.0,127
1597988362134362112,1597988362424999936,2020-08-21 13:39:22.425000,20190.0,20220.0,20020.0,20195.0,nan,20112.157781,91513,9202619475.0,64398,20195.0,16,20190.0,21,20200.0,38,20185.0,23,20205.0,35,20180.0,26,20210.0,42,20175.0,35,20215.0,20,20170.0,127
1597988362622256896,1597988362903000064,2020-08-21 13:39:22.903000,20190.0,20220.0,20020.0,20195.0,nan,20112.158631,91514,9202720425.0,64398,20195.0,18,20190.0,18,20200.0,38,20185.0,21,20205.0,35,20180.0,26,20210.0,42,20175.0,35,20215.0,20,20170.0,127
1597988363158333952,1597988363433000192,2020-08-21 13:39:23.433000,20190.0,20220.0,20020.0,20195.0,nan,20112.158631,91514,9202720425.0,64398,20195.0,16,20190.0,20,20200.0,39,20185.0,23,20205.0,35,20180.0,26,20210.0,42,20175.0,35,20215.0,20,20170.0,127
1597988363628409088,1597988363923000064,2020-08-21 13:39:23.923000,20190.0,20220.0,20020.0,20195.0,nan,20112.158631,91514,9202720425.0,64398,20195.0,16,20190.0,18,20200.0,39,20185.0,23,20205.0,35,20180.0,27,20210.0,42,20175.0,35,20215.0,20,20170.0,127
1597988364142650880,1597988364416000000,2020-08-21 13:39:24.416000,20190.0,20220.0,20020.0,20195.0,nan,20112.158631,91514,9202720425.0,64398,20195.0,16,20190.0,18,20200.0,39,20185.0,23,20205.0,35,20180.0,26,20210.0,42,20175.0,35,20215.0,20,20170.0,127
1597988364636350976,1597988364924999936,2020-08-21 13:39:24.925000,20190.0,20220.0,20020.0,20195.0,nan,20112.158631,91514,9202720425.0,64398,20195.0,17,20190.0,18,20200.0,37,20185.0,23,20205.0,35,20180.0,26,20210.0,43,20175.0,35,20215.0,20,20170.0,127
1597988365142728960,1597988365728000000,2020-08-21 13:39:25.728000,20190.0,20220.0,20020.0,20195.0,nan,20112.158631,91514,9202720425.0,64398,20195.0,18,20190.0,22,20200.0,37,20185.0,23,20205.0,35,20180.0,26,20210.0,43,20175.0,35,20215.0,20,20170.0,127
1597988365616581120,1597988365927000064,2020-08-21 13:39:25.927000,20190.0,20220.0,20020.0,20195.0,nan,20112.158631,91514,9202720425.0,64398,20195.0,16,20190.0,19,20200.0,37,20185.0,23,20205.0,35,20180.0,26,20210.0,43,20175.0,35,20215.0,20,20170.0,127
1597988366213569024,1597988366421999872,2020-08-21 13:39:26.422000,20195.0,20220.0,20020.0,20195.0,nan,20112.166778,91523,9203629200.0,64403,20195.0,7,20190.0,26,20200.0,37,20185.0,22,20205.0,35,20180.0,26,20210.0,43,20175.0,35,20215.0,20,20170.0,127
1597988366645011968,1597988366920000000,2020-08-21 13:39:26.920000,20195.0,20220.0,20020.0,20195.0,nan,20112.166778,91523,9203629200.0,64403,20195.0,9,20190.0,27,20200.0,36,20185.0,22,20205.0,35,20180.0,26,20210.0,43,20175.0,35,20215.0,20,20170.0,127
1597988367140265984,1597988367416000000,2020-08-21 13:39:27.416000,20195.0,20220.0,20020.0,20195.0,nan,20112.166778,91523,9203629200.0,64403,20195.0,9,20190.0,31,20200.0,36,20185.0,22,20205.0,35,20180.0,26,20210.0,43,20175.0,35,20215.0,20,20170.0,127
1597988367665701120,1597988367901999872,2020-08-21 13:39:27.902000,20195.0,20220.0,20020.0,20195.0,nan,20112.166778,91523,9203629200.0,64403,20195.0,9,20190.0,31,20200.0,36,20185.0,22,20205.0,35,20180.0,26,20210.0,43,20175.0,36,20215.0,21,20170.0,127
1597988368124816896,1597988368420999936,2020-08-21 13:39:28.421000,20195.0,20220.0,20020.0,20195.0,nan,20112.166778,91523,9203629200.0,64403,20195.0,9,20190.0,40,20200.0,37,20185.0,22,20205.0,35,20180.0,25,20210.0,43,20175.0,36,20215.0,21,20170.0,127
1597988369607962112,1597988369829999872,2020-08-21 13:39:29.830000,20190.0,20220.0,20020.0,20195.0,nan,20112.167628,91524,9203730150.0,64403,20195.0,9,20190.0,38,20200.0,37,20185.0,22,20205.0,35,20180.0,25,20210.0,43,20175.0,36,20215.0,21,20170.0,127
1597988370163130880,1597988370428999936,2020-08-21 13:39:30.429000,20190.0,20220.0,20020.0,20195.0,nan,20112.167628,91524,9203730150.0,64403,20195.0,9,20190.0,38,20200.0,37,20185.0,22,20205.0,33,20180.0,25,20210.0,43,20175.0,36,20215.0,21,20170.0,127
1597988370641776128,1597988370926000128,2020-08-21 13:39:30.926000,20190.0,20220.0,20020.0,20195.0,nan,20112.168479,91525,9203831100.0,64403,20195.0,11,20190.0,37,20200.0,37,20185.0,22,20205.0,31,20180.0,25,20210.0,43,20175.0,36,20215.0,21,20170.0,127
1597988371134540032,1597988371364000000,2020-08-21 13:39:31.364000,20190.0,20220.0,20020.0,20195.0,nan,20112.171084,91528,9204133975.0,64404,20195.0,18,20190.0,35,20200.0,37,20185.0,22,20205.0,31,20180.0,25,20210.0,43,20175.0,36,20215.0,21,20170.0,127
1597988371665083904,1597988371914000128,2020-08-21 13:39:31.914000,20190.0,20220.0,20020.0,20195.0,nan,20112.171084,91528,9204133975.0,64404,20195.0,20,20190.0,26,20200.0,37,20185.0,22,20205.0,31,20180.0,25,20210.0,43,20175.0,36,20215.0,21,20170.0,127
1597988372154607104,1597988372426000128,2020-08-21 13:39:32.426000,20190.0,20220.0,20020.0,20195.0,nan,20112.171084,91528,9204133975.0,64404,20195.0,24,20190.0,24,20200.0,37,20185.0,22,20205.0,31,20180.0,25,20210.0,43,20175.0,36,20215.0,21,20170.0,127
1597988372633553920,1597988372927000064,2020-08-21 13:39:32.927000,20190.0,20220.0,20020.0,20195.0,nan,20112.171084,91528,9204133975.0,64404,20195.0,24,20190.0,24,20200.0,37,20185.0,22,20205.0,31,20180.0,25,20210.0,43,20175.0,37,20215.0,21,20170.0,127
1597988373164696064,1597988373426000128,2020-08-21 13:39:33.426000,20190.0,20220.0,20020.0,20195.0,nan,20112.173635,91531,9204436825.0,64407,20195.0,24,20190.0,21,20200.0,37,20185.0,22,20205.0,31,20180.0,25,20210.0,43,20175.0,37,20215.0,21,20170.0,127
1597988373627770880,1597988373934000128,2020-08-21 13:39:33.934000,20190.0,20220.0,20020.0,20195.0,nan,20112.174485,91532,9204537775.0,64408,20195.0,24,20190.0,20,20200.0,37,20185.0,22,20205.0,31,20180.0,25,20210.0,43,20175.0,37,20215.0,21,20170.0,127
1597988374130202112,1597988374433000192,2020-08-21 13:39:34.433000,20190.0,20220.0,20020.0,20195.0,nan,20112.174485,91532,9204537775.0,64408,20195.0,24,20190.0,21,20200.0,37,20185.0,22,20205.0,31,20180.0,25,20210.0,43,20175.0,37,20215.0,21,20170.0,127
1597988374678139904,1597988374936999936,2020-08-21 13:39:34.937000,20190.0,20220.0,20020.0,20195.0,nan,20112.192337,91553,9206657725.0,64395,20195.0,24,20190.0,7,20200.0,37,20185.0,22,20205.0,31,20180.0,25,20210.0,43,20175.0,37,20215.0,21,20170.0,127
1597988375129626112,1597988375430000128,2020-08-21 13:39:35.430000,20190.0,20220.0,20020.0,20195.0,nan,20112.206782,91570,9208373875.0,64394,20190.0,6,20185.0,22,20195.0,33,20180.0,25,20200.0,37,20175.0,37,20205.0,31,20170.0,127,20210.0,43,20165.0,97
1597988375636919040,1597988375897000192,2020-08-21 13:39:35.897000,20190.0,20220.0,20020.0,20195.0,nan,20112.206782,91570,9208373875.0,64394,20190.0,15,20185.0,23,20195.0,33,20180.0,25,20200.0,37,20175.0,37,20205.0,31,20170.0,127,20210.0,43,20165.0,97
1597988376129925120,1597988376411000064,2020-08-21 13:39:36.411000,20190.0,20220.0,20020.0,20195.0,nan,20112.207631,91571,9208474825.0,64393,20190.0,14,20185.0,23,20195.0,35,20180.0,25,20200.0,37,20175.0,37,20205.0,31,20170.0,127,20210.0,44,20165.0,97
1597988377118305024,1597988377420999936,2020-08-21 13:39:37.421000,20190.0,20220.0,20020.0,20195.0,nan,20112.207631,91571,9208474825.0,64393,20190.0,14,20185.0,24,20195.0,35,20180.0,25,20200.0,37,20175.0,37,20205.0,31,20170.0,127,20210.0,44,20165.0,97
1597988377638349056,1597988377936000000,2020-08-21 13:39:37.936000,20190.0,20220.0,20020.0,20195.0,nan,20112.208481,91572,9208575775.0,64392,20190.0,7,20185.0,25,20195.0,35,20180.0,25,20200.0,37,20175.0,37,20205.0,31,20170.0,127,20210.0,44,20165.0,97
1597988378159267072,1597988378437999872,2020-08-21 13:39:38.438000,20190.0,20220.0,20020.0,20195.0,nan,20112.215276,91580,9209383375.0,64391,20195.0,35,20190.0,15,20200.0,37,20185.0,25,20205.0,31,20180.0,25,20210.0,44,20175.0,37,20215.0,21,20170.0,127
1597988378614617088,1597988378920999936,2020-08-21 13:39:38.921000,20190.0,20220.0,20020.0,20195.0,nan,20112.215276,91580,9209383375.0,64391,20195.0,33,20190.0,18,20200.0,37,20185.0,25,20205.0,31,20180.0,25,20210.0,44,20175.0,37,20215.0,21,20170.0,127
1597988379137551872,1597988379394000128,2020-08-21 13:39:39.394000,20190.0,20220.0,20020.0,20195.0,nan,20112.215276,91580,9209383375.0,64391,20195.0,28,20190.0,18,20200.0,37,20185.0,25,20205.0,30,20180.0,25,20210.0,44,20175.0,37,20215.0,21,20170.0,127
1597988379636391936,1597988379928000000,2020-08-21 13:39:39.928000,20190.0,20220.0,20020.0,20195.0,nan,20112.215276,91580,9209383375.0,64391,20195.0,30,20190.0,18,20200.0,37,20185.0,25,20205.0,30,20180.0,25,20210.0,44,20175.0,37,20215.0,21,20170.0,127
1597988380145056000,1597988380382999808,2020-08-21 13:39:40.383000,20190.0,20220.0,20020.0,20195.0,nan,20112.215276,91580,9209383375.0,64391,20195.0,28,20190.0,18,20200.0,35,20185.0,25,20205.0,30,20180.0,25,20210.0,44,20175.0,37,20215.0,21,20170.0,127
1597988380622272000,1597988380934000128,2020-08-21 13:39:40.934000,20190.0,20220.0,20020.0,20195.0,nan,20112.215276,91580,9209383375.0,64391,20195.0,20,20190.0,18,20200.0,35,20185.0,24,20205.0,30,20180.0,25,20210.0,44,20175.0,37,20215.0,21,20170.0,127
1597988381165312000,1597988381404000000,2020-08-21 13:39:41.404000,20190.0,20220.0,20020.0,20195.0,nan,20112.215276,91580,9209383375.0,64391,20195.0,23,20190.0,18,20200.0,35,20185.0,24,20205.0,30,20180.0,25,20210.0,44,20175.0,37,20215.0,21,20170.0,127
1597988381634496000,1597988381904999936,2020-08-21 13:39:41.905000,20190.0,20220.0,20020.0,20195.0,nan,20112.215276,91580,9209383375.0,64391,20195.0,21,20190.0,18,20200.0,35,20185.0,24,20205.0,30,20180.0,25,20210.0,44,20175.0,37,20215.0,21,20170.0,127
1597988382150974976,1597988382435000064,2020-08-21 13:39:42.435000,20190.0,20220.0,20020.0,20195.0,nan,20112.215276,91580,9209383375.0,64391,20195.0,23,20190.0,6,20200.0,35,20185.0,24,20205.0,30,20180.0,25,20210.0,44,20175.0,37,20215.0,21,20170.0,127
1597988382625155072,1597988382921999872,2020-08-21 13:39:42.922000,20190.0,20220.0,20020.0,20195.0,nan,20112.218783,91584,9209787225.0,64393,20195.0,21,20190.0,12,20200.0,35,20185.0,24,20205.0,30,20180.0,25,20210.0,44,20175.0,37,20215.0,21,20170.0,127
1597988383111985920,1597988383423000064,2020-08-21 13:39:43.423000,20190.0,20220.0,20020.0,20195.0,nan,20112.218783,91584,9209787225.0,64393,20195.0,21,20190.0,18,20200.0,36,20185.0,24,20205.0,30,20180.0,25,20210.0,44,20175.0,37,20215.0,21,20170.0,127
1597988383635531008,1597988383916000000,2020-08-21 13:39:43.916000,20195.0,20220.0,20020.0,20195.0,nan,20112.223302,91589,9210292100.0,64393,20195.0,14,20190.0,19,20200.0,36,20185.0,24,20205.0,30,20180.0,25,20210.0,44,20175.0,37,20215.0,21,20170.0,127
1597988384141647104,1597988384434000128,2020-08-21 13:39:44.434000,20195.0,20220.0,20020.0,20195.0,nan,20112.227821,91594,9210796975.0,64396,20200.0,36,20195.0,45,20205.0,30,20190.0,19,20210.0,44,20185.0,24,20215.0,21,20180.0,25,20220.0,33,20175.0,37
1597988384630392064,1597988384924000000,2020-08-21 13:39:44.924000,20195.0,20220.0,20020.0,20195.0,nan,20112.260335,91628,9214230950.0,64411,20205.0,30,20195.0,60,20210.0,44,20190.0,14,20215.0,21,20185.0,26,20220.0,33,20180.0,25,20225.0,23,20175.0,37
1597988385138456064,1597988385400999936,2020-08-21 13:39:45.401000,20195.0,20220.0,20020.0,20195.0,nan,20112.262141,91630,9214432900.0,64411,20205.0,28,20200.0,16,20210.0,43,20195.0,52,20215.0,22,20190.0,19,20220.0,52,20185.0,26,20225.0,23,20180.0,25
1597988385611456000,1597988385924000000,2020-08-21 13:39:45.924000,20195.0,20220.0,20020.0,20195.0,nan,20112.263947,91632,9214634850.0,64411,20205.0,24,20200.0,21,20210.0,43,20195.0,49,20215.0,22,20190.0,19,20220.0,52,20185.0,24,20225.0,23,20180.0,25
1597988386147814912,1597988386428999936,2020-08-21 13:39:46.429000,20195.0,20220.0,20020.0,20195.0,nan,20112.26485,91633,9214735825.0,64411,20205.0,24,20200.0,21,20210.0,43,20195.0,49,20215.0,22,20190.0,18,20220.0,52,20185.0,24,20225.0,23,20180.0,25
1597988386614217984,1597988386927000064,2020-08-21 13:39:46.927000,20195.0,20220.0,20020.0,20195.0,nan,20112.26485,91633,9214735825.0,64411,20205.0,24,20200.0,21,20210.0,43,20195.0,49,20215.0,22,20190.0,17,20220.0,52,20185.0,24,20225.0,23,20180.0,25
1597988387643316992,1597988387872000000,2020-08-21 13:39:47.872000,20195.0,20220.0,20020.0,20195.0,nan,20112.265753,91634,9214836800.0,64411,20205.0,24,20200.0,20,20210.0,43,20195.0,49,20215.0,22,20190.0,17,20220.0,52,20185.0,24,20225.0,23,20180.0,25
1597988388153551104,1597988388436999936,2020-08-21 13:39:48.437000,20205.0,20220.0,20020.0,20195.0,nan,20112.290035,91658,9217261400.0,64429,20210.0,43,20205.0,26,20215.0,22,20200.0,20,20220.0,52,20195.0,49,20225.0,23,20190.0,17,20230.0,153,20185.0,24
1597988388627801088,1597988388936000000,2020-08-21 13:39:48.936000,20205.0,20220.0,20020.0,20195.0,nan,20112.327117,91695,9220999175.0,64439,20210.0,44,20205.0,3,20215.0,22,20200.0,13,20220.0,54,20195.0,51,20225.0,23,20190.0,23,20230.0,153,20185.0,24
1597988389118872064,1597988389374000128,2020-08-21 13:39:49.374000,20200.0,20220.0,20020.0,20195.0,nan,20112.353852,91722,9223726600.0,64426,20205.0,16,20200.0,9,20210.0,37,20195.0,51,20215.0,22,20190.0,23,20220.0,54,20185.0,24,20225.0,23,20180.0,26
1597988389613680896,1597988389934000128,2020-08-21 13:39:49.934000,20200.0,20220.0,20020.0,20195.0,nan,20112.354807,91723,9223827600.0,64426,20205.0,25,20200.0,39,20210.0,48,20195.0,51,20215.0,22,20190.0,24,20220.0,54,20185.0,24,20225.0,23,20180.0,26
1597988390176272896,1597988390432000000,2020-08-21 13:39:50.432000,20200.0,20220.0,20020.0,20195.0,nan,20112.367282,91736,9225140625.0,64432,20205.0,25,20200.0,24,20210.0,48,20195.0,51,20215.0,22,20190.0,24,20220.0,54,20185.0,24,20225.0,23,20180.0,26
1597988390633665024,1597988390937999872,2020-08-21 13:39:50.938000,20200.0,20220.0,20020.0,20195.0,nan,20112.368237,91737,9225241625.0,64431,20205.0,27,20200.0,12,20210.0,48,20195.0,50,20215.0,22,20190.0,24,20220.0,54,20185.0,24,20225.0,23,20180.0,26
1597988391134540032,1597988391348000000,2020-08-21 13:39:51.348000,20200.0,20220.0,20020.0,20195.0,nan,20112.368237,91737,9225241625.0,64431,20205.0,25,20200.0,12,20210.0,48,20195.0,50,20215.0,22,20190.0,24,20220.0,54,20185.0,24,20225.0,23,20180.0,26
1597988391613908992,1597988391932000000,2020-08-21 13:39:51.932000,20205.0,20220.0,20020.0,20195.0,nan,20112.393474,91762,9227767250.0,64441,20210.0,48,20205.0,19,20215.0,22,20200.0,14,20220.0,54,20195.0,6,20225.0,23,20190.0,24,20230.0,153,20185.0,24
1597988392128104960,1597988392435000064,2020-08-21 13:39:52.435000,20205.0,20220.0,20020.0,20195.0,nan,20112.412645,91781,9229686725.0,64451,20210.0,48,20200.0,15,20215.0,22,20195.0,9,20220.0,54,20190.0,24,20225.0,23,20185.0,24,20230.0,153,20180.0,26
1597988392623410944,1597988392937999872,2020-08-21 13:39:52.938000,20205.0,20220.0,20020.0,20195.0,nan,20112.413654,91782,9229787750.0,64452,20205.0,12,20200.0,18,20210.0,47,20195.0,9,20215.0,22,20190.0,21,20220.0,55,20185.0,24,20225.0,23,20180.0,26
1597988393160441088,1597988393668999936,2020-08-21 13:39:53.669000,20205.0,20220.0,20020.0,20195.0,nan,20112.417689,91786,9230191850.0,64449,20205.0,9,20200.0,18,20210.0,48,20195.0,9,20215.0,22,20190.0,20,20220.0,55,20185.0,24,20225.0,23,20180.0,26
1597988393625771008,1597988393904999936,2020-08-21 13:39:53.905000,20205.0,20220.0,20020.0,20195.0,nan,20112.417689,91786,9230191850.0,64449,20205.0,15,20200.0,20,20210.0,49,20195.0,9,20215.0,22,20190.0,21,20220.0,55,20185.0,24,20225.0,23,20180.0,26
1597988394129943040,1597988394424999936,2020-08-21 13:39:54.425000,20205.0,20220.0,20020.0,20195.0,nan,20112.418698,91787,9230292875.0,64449,20205.0,20,20200.0,20,20210.0,49,20195.0,9,20215.0,22,20190.0,21,20220.0,55,20185.0,24,20225.0,23,20180.0,26
1597988394619697920,1597988394903000064,2020-08-21 13:39:54.903000,20205.0,20220.0,20020.0,20195.0,nan,20112.418698,91787,9230292875.0,64449,20205.0,23,20200.0,21,20210.0,49,20195.0,9,20215.0,22,20190.0,21,20220.0,55,20185.0,24,20225.0,23,20180.0,32
1597988395145609984,1597988395416000000,2020-08-21 13:39:55.416000,20205.0,20220.0,20020.0,20195.0,nan,20112.419706,91788,9230393900.0,64449,20205.0,22,20200.0,21,20210.0,49,20195.0,9,20215.0,22,20190.0,21,20220.0,55,20185.0,24,20225.0,23,20180.0,32
1597988395628448000,1597988395937999872,2020-08-21 13:39:55.938000,20205.0,20220.0,20020.0,20195.0,nan,20112.421723,91790,9230595950.0,64449,20205.0,21,20200.0,21,20210.0,49,20195.0,9,20215.0,22,20190.0,21,20220.0,55,20185.0,24,20225.0,23,20180.0,32
1597988396162670080,1597988396436000000,2020-08-21 13:39:56.436000,20205.0,20220.0,20020.0,20195.0,nan,20112.421723,91790,9230595950.0,64449,20205.0,21,20200.0,21,20210.0,46,20195.0,9,20215.0,22,20190.0,21,20220.0,55,20185.0,24,20225.0,23,20180.0,32
1597988396650874112,1597988396937999872,2020-08-21 13:39:56.938000,20205.0,20220.0,20020.0,20195.0,nan,20112.421723,91790,9230595950.0,64449,20205.0,21,20200.0,21,20210.0,47,20195.0,9,20215.0,22,20190.0,21,20220.0,55,20185.0,24,20225.0,23,20180.0,32
1597988398171064064,1597988398421999872,2020-08-21 13:39:58.422000,20205.0,20220.0,20020.0,20195.0,nan,20112.421723,91790,9230595950.0,64449,20205.0,21,20200.0,23,20210.0,47,20195.0,9,20215.0,22,20190.0,21,20220.0,55,20185.0,24,20225.0,23,20180.0,32
1597988398645946880,1597988398860999936,2020-08-21 13:39:58.861000,20205.0,20220.0,20020.0,20195.0,nan,20112.421723,91790,9230595950.0,64449,20205.0,23,20200.0,23,20210.0,47,20195.0,9,20215.0,22,20190.0,21,20220.0,55,20185.0,24,20225.0,23,20180.0,32
1597988399154063104,1597988399408999936,2020-08-21 13:39:59.409000,20205.0,20220.0,20020.0,20195.0,nan,20112.421723,91790,9230595950.0,64449,20205.0,24,20200.0,23,20210.0,47,20195.0,9,20215.0,22,20190.0,21,20220.0,55,20185.0,24,20225.0,23,20180.0,32
1597988399614827008,1597988399924999936,2020-08-21 13:39:59.925000,20205.0,20220.0,20020.0,20195.0,nan,20112.422732,91791,9230696975.0,64449,20205.0,23,20200.0,24,20210.0,47,20195.0,9,20215.0,22,20190.0,21,20220.0,55,20185.0,24,20225.0,23,20180.0,32
1597988400150735104,1597988400420999936,2020-08-21 13:40:00.421000,20205.0,20220.0,20020.0,20195.0,nan,20112.428783,91797,9231303125.0,64447,20205.0,20,20200.0,24,20210.0,47,20195.0,9,20215.0,22,20190.0,21,20220.0,55,20185.0,24,20225.0,23,20180.0,32
1597988400636720896,1597988400937999872,2020-08-21 13:40:00.938000,20210.0,20220.0,20020.0,20195.0,nan,20112.446087,91814,9233020625.0,64452,20205.0,2,20200.0,24,20210.0,44,20195.0,9,20215.0,23,20190.0,22,20220.0,54,20185.0,24,20225.0,23,20180.0,31
1597988401124239104,1597988401428999936,2020-08-21 13:40:01.429000,20205.0,20220.0,20020.0,20195.0,nan,20112.448103,91816,9233222675.0,64450,20210.0,43,20200.0,26,20215.0,23,20195.0,17,20220.0,54,20190.0,22,20225.0,23,20185.0,24,20230.0,153,20180.0,31
1597988401633206016,1597988401930000128,2020-08-21 13:40:01.930000,20205.0,20220.0,20020.0,20195.0,nan,20112.448103,91816,9233222675.0,64450,20205.0,7,20200.0,26,20210.0,50,20195.0,17,20215.0,23,20190.0,22,20220.0,54,20185.0,24,20225.0,23,20180.0,31
1597988402159484928,1597988402413000192,2020-08-21 13:40:02.413000,20200.0,20220.0,20020.0,20195.0,nan,20112.45001,91818,9233424675.0,64448,20205.0,11,20200.0,26,20210.0,49,20195.0,17,20215.0,23,20190.0,22,20220.0,54,20185.0,24,20225.0,23,20180.0,31
1597988402615994112,1597988402918999808,2020-08-21 13:40:02.919000,20200.0,20220.0,20020.0,20195.0,nan,20112.45001,91818,9233424675.0,64448,20205.0,16,20200.0,26,20210.0,49,20195.0,17,20215.0,23,20190.0,22,20220.0,54,20185.0,24,20225.0,23,20180.0,31
1597988403150937088,1597988403432000000,2020-08-21 13:40:03.432000,20200.0,20220.0,20020.0,20195.0,nan,20112.45001,91818,9233424675.0,64448,20205.0,20,20200.0,26,20210.0,49,20195.0,17,20215.0,23,20190.0,22,20220.0,35,20185.0,24,20225.0,23,20180.0,31
1597988403650004992,1597988404095000064,2020-08-21 13:40:04.095000,20205.0,20220.0,20020.0,20195.0,nan,20112.452026,91820,9233626725.0,64448,20205.0,19,20200.0,26,20210.0,50,20195.0,17,20215.0,23,20190.0,22,20220.0,35,20185.0,24,20225.0,23,20180.0,31
1597988405164300032,1597988405420000000,2020-08-21 13:40:05.420000,20205.0,20220.0,20020.0,20195.0,nan,20112.452026,91820,9233626725.0,64448,20205.0,19,20200.0,26,20210.0,50,20195.0,17,20215.0,23,20190.0,25,20220.0,35,20185.0,24,20225.0,23,20180.0,31
1597988405633219072,1597988405897000192,2020-08-21 13:40:05.897000,20205.0,20220.0,20020.0,20195.0,nan,20112.454042,91822,9233828775.0,64448,20205.0,19,20200.0,27,20210.0,50,20195.0,17,20215.0,23,20190.0,25,20220.0,35,20185.0,24,20225.0,23,20180.0,31
1597988406639591936,1597988406927000064,2020-08-21 13:40:06.927000,20200.0,20220.0,20020.0,20195.0,nan,20112.455948,91824,9234030775.0,64446,20205.0,19,20200.0,27,20210.0,59,20195.0,17,20215.0,23,20190.0,25,20220.0,35,20185.0,24,20225.0,23,20180.0,31
1597988407131273984,1597988407437999872,2020-08-21 13:40:07.438000,20200.0,20220.0,20020.0,20195.0,nan,20112.475012,91844,9236050775.0,64438,20205.0,24,20200.0,9,20210.0,60,20195.0,17,20215.0,23,20190.0,25,20220.0,35,20185.0,24,20225.0,23,20180.0,31
1597988407649039872,1597988407897000192,2020-08-21 13:40:07.897000,20200.0,20220.0,20020.0,20195.0,nan,20112.496489,91867,9238373575.0,64430,20200.0,17,20195.0,8,20205.0,46,20190.0,25,20210.0,60,20185.0,24,20215.0,31,20180.0,31,20220.0,35,20175.0,42
1597988408187502080,1597988408431000064,2020-08-21 13:40:08.431000,20195.0,20220.0,20020.0,20195.0,nan,20112.499184,91870,9238676500.0,64430,20200.0,20,20195.0,37,20205.0,46,20190.0,23,20210.0,60,20185.0,24,20215.0,31,20180.0,31,20220.0,35,20175.0,42
1597988408649058048,1597988409211000064,2020-08-21 13:40:09.211000,20200.0,20220.0,20020.0,20195.0,nan,20112.502993,91874,9239080500.0,64430,20200.0,15,20195.0,38,20205.0,44,20190.0,23,20210.0,60,20185.0,24,20215.0,31,20180.0,31,20220.0,35,20175.0,42
1597988409142215936,1597988409415000064,2020-08-21 13:40:09.415000,20200.0,20220.0,20020.0,20195.0,nan,20112.502993,91874,9239080500.0,64430,20200.0,14,20195.0,38,20205.0,49,20190.0,23,20210.0,61,20185.0,24,20215.0,31,20180.0,31,20220.0,35,20175.0,42
1597988409634832896,1597988409904999936,2020-08-21 13:40:09.905000,20200.0,20220.0,20020.0,20195.0,nan,20112.516324,91888,9240494500.0,64430,20205.0,47,20200.0,10,20210.0,61,20195.0,40,20215.0,31,20190.0,23,20220.0,35,20185.0,24,20225.0,23,20180.0,31
1597988410130214912,1597988410403000064,2020-08-21 13:40:10.403000,20195.0,20220.0,20020.0,20195.0,nan,20112.528645,91901,9241807475.0,64430,20200.0,1,20195.0,38,20205.0,48,20190.0,25,20210.0,61,20185.0,23,20215.0,31,20180.0,32,20220.0,35,20175.0,42
1597988410654191104,1597988410931000064,2020-08-21 13:40:10.931000,20195.0,20220.0,20020.0,20195.0,nan,20112.528645,91901,9241807475.0,64430,20200.0,3,20195.0,39,20205.0,48,20190.0,25,20210.0,61,20185.0,23,20215.0,31,20180.0,32,20220.0,35,20175.0,42
1597988411146980096,1597988411436000000,2020-08-21 13:40:11.436000,20195.0,20220.0,20020.0,20195.0,nan,20112.529542,91902,9241908450.0,64431,20200.0,16,20195.0,36,20205.0,48,20190.0,25,20210.0,61,20185.0,23,20215.0,31,20180.0,32,20220.0,35,20175.0,42
1597988411634059008,1597988411924999936,2020-08-21 13:40:11.925000,20195.0,20220.0,20020.0,20195.0,nan,20112.53044,91903,9242009425.0,64431,20200.0,16,20195.0,35,20205.0,48,20190.0,25,20210.0,61,20185.0,23,20215.0,31,20180.0,32,20220.0,35,20175.0,42
1597988412138204928,1597988412411000064,2020-08-21 13:40:12.411000,20195.0,20220.0,20020.0,20195.0,nan,20112.53044,91903,9242009425.0,64431,20200.0,21,20195.0,34,20205.0,48,20190.0,25,20210.0,61,20185.0,23,20215.0,31,20180.0,32,20220.0,35,20175.0,42
1597988412669095936,1597988412930000128,2020-08-21 13:40:12.930000,20200.0,20220.0,20020.0,20195.0,nan,20112.531391,91904,9242110425.0,64431,20200.0,25,20195.0,32,20205.0,30,20190.0,25,20210.0,61,20185.0,23,20215.0,31,20180.0,32,20220.0,35,20175.0,42
1597988413145363968,1597988413426000128,2020-08-21 13:40:13.426000,20200.0,20220.0,20020.0,20195.0,nan,20112.531391,91904,9242110425.0,64431,20200.0,44,20195.0,35,20205.0,30,20190.0,25,20210.0,61,20185.0,23,20215.0,31,20180.0,32,20220.0,35,20175.0,42
1597988413673478912,1597988413916000000,2020-08-21 13:40:13.916000,20200.0,20220.0,20020.0,20195.0,nan,20112.532343,91905,9242211425.0,64431,20200.0,44,20195.0,33,20205.0,30,20190.0,25,20210.0,61,20185.0,23,20215.0,31,20180.0,32,20220.0,35,20175.0,42
1597988414158298112,1597988414704000000,2020-08-21 13:40:14.704000,20195.0,20220.0,20020.0,20195.0,nan,20112.566427,91943,9246048475.0,64441,20195.0,7,20190.0,25,20200.0,44,20185.0,23,20205.0,30,20180.0,32,20210.0,61,20175.0,42,20215.0,31,20170.0,127
1597988414647614976,1597988414920999936,2020-08-21 13:40:14.921000,20190.0,20220.0,20020.0,20195.0,nan,20112.567269,91944,9246149425.0,64440,20195.0,15,20190.0,21,20200.0,52,20185.0,22,20205.0,29,20180.0,32,20210.0,60,20175.0,42,20215.0,31,20170.0,127
1597988415141140992,1597988415437999872,2020-08-21 13:40:15.438000,20195.0,20220.0,20020.0,20195.0,nan,20112.570855,91948,9246553325.0,64441,20195.0,30,20190.0,20,20200.0,53,20185.0,22,20205.0,29,20180.0,32,20210.0,60,20175.0,42,20215.0,31,20170.0,127
1597988415703496960,1597988415935000064,2020-08-21 13:40:15.935000,20190.0,20220.0,20020.0,20195.0,nan,20112.571697,91949,9246654275.0,64440,20195.0,31,20190.0,19,20200.0,50,20185.0,24,20205.0,29,20180.0,32,20210.0,59,20175.0,43,20215.0,31,20170.0,127
1597988416201597952,1597988416733999872,2020-08-21 13:40:16.734000,20190.0,20220.0,20020.0,20195.0,nan,20112.571697,91949,9246654275.0,64440,20195.0,31,20190.0,21,20200.0,50,20185.0,24,20205.0,29,20180.0,32,20210.0,60,20175.0,43,20215.0,31,20170.0,127
1597988416627109120,1597988416935000064,2020-08-21 13:40:16.935000,20195.0,20220.0,20020.0,20195.0,nan,20112.572594,91950,9246755250.0,64441,20195.0,30,20190.0,21,20200.0,46,20185.0,24,20205.0,29,20180.0,33,20210.0,60,20175.0,43,20215.0,31,20170.0,127
1597988417190524928,1597988417420999936,2020-08-21 13:40:17.421000,20195.0,20220.0,20020.0,20195.0,nan,20112.57349,91951,9246856225.0,64441,20195.0,29,20190.0,21,20200.0,42,20185.0,24,20205.0,26,20180.0,33,20210.0,60,20175.0,43,20215.0,31,20170.0,127
1597988417648201984,1597988417892999936,2020-08-21 13:40:17.893000,20195.0,20220.0,20020.0,20195.0,nan,20112.57349,91951,9246856225.0,64441,20195.0,32,20190.0,21,20200.0,43,20185.0,24,20205.0,26,20180.0,33,20210.0,60,20175.0,43,20215.0,31,20170.0,127
1597988418154044928,1597988418427000064,2020-08-21 13:40:18.427000,20195.0,20220.0,20020.0,20195.0,nan,20112.57349,91951,9246856225.0,64441,20195.0,34,20190.0,21,20200.0,44,20185.0,24,20205.0,27,20180.0,33,20210.0,60,20175.0,43,20215.0,39,20170.0,127
1597988418631613952,1597988418917999872,2020-08-21 13:40:18.918000,20190.0,20220.0,20020.0,20195.0,nan,20112.5777,91956,9247360975.0,64444,20195.0,39,20190.0,16,20200.0,44,20185.0,24,20205.0,28,20180.0,33,20210.0,60,20175.0,43,20215.0,38,20170.0,127
1597988419142835968,1597988419430000128,2020-08-21 13:40:19.430000,20190.0,20220.0,20020.0,20195.0,nan,20112.591169,91972,9248976175.0,64441,20190.0,2,20185.0,24,20195.0,48,20180.0,33,20200.0,43,20175.0,43,20205.0,28,20170.0,127,20210.0,60,20165.0,79
1597988419650993920,1597988419924999936,2020-08-21 13:40:19.925000,20185.0,20220.0,20020.0,20195.0,nan,20112.603737,91987,9250490400.0,64432,20190.0,3,20185.0,23,20195.0,48,20180.0,32,20200.0,43,20175.0,37,20205.0,28,20170.0,127,20210.0,60,20165.0,79
1597988420133139968,1597988420433000192,2020-08-21 13:40:20.433000,20185.0,20220.0,20020.0,20195.0,nan,20112.604525,91988,9250591325.0,64431,20190.0,7,20185.0,22,20195.0,50,20180.0,32,20200.0,43,20175.0,37,20205.0,28,20170.0,127,20210.0,61,20165.0,79
1597988420617857024,1597988420932000000,2020-08-21 13:40:20.932000,20185.0,20220.0,20020.0,20195.0,nan,20112.621048,92009,9252710750.0,64443,20185.0,9,20180.0,32,20190.0,22,20175.0,37,20195.0,50,20170.0,127,20200.0,43,20165.0,79,20205.0,28,20160.0,28
1597988421152798976,1597988421390000128,2020-08-21 13:40:21.390000,20185.0,20220.0,20020.0,20195.0,nan,20112.622621,92011,9252912600.0,64443,20185.0,21,20180.0,30,20190.0,27,20175.0,36,20195.0,46,20170.0,130,20200.0,43,20165.0,9,20205.0,28,20160.0,20
1597988421631838976,1597988421928000000,2020-08-21 13:40:21.928000,20185.0,20220.0,20020.0,20195.0,nan,20112.632846,92024,9254224625.0,64444,20185.0,10,20180.0,27,20190.0,27,20175.0,36,20195.0,44,20170.0,130,20200.0,43,20165.0,10,20205.0,28,20160.0,20
1597988422118353920,1597988422401999872,2020-08-21 13:40:22.402000,20185.0,20220.0,20020.0,20195.0,nan,20112.635205,92027,9254527400.0,64447,20185.0,8,20180.0,28,20190.0,27,20175.0,36,20195.0,42,20170.0,130,20200.0,43,20165.0,10,20205.0,28,20160.0,20
1597988422672238080,1597988423237999872,2020-08-21 13:40:23.238000,20185.0,20220.0,20020.0,20195.0,nan,20112.642281,92036,9255435725.0,64446,20190.0,28,20180.0,28,20195.0,42,20175.0,36,20200.0,43,20170.0,130,20205.0,28,20165.0,10,20210.0,61,20160.0,20
1597988423145569024,1597988423430000128,2020-08-21 13:40:23.430000,20185.0,20220.0,20020.0,20195.0,nan,20112.642281,92036,9255435725.0,64446,20185.0,3,20180.0,28,20190.0,28,20175.0,36,20195.0,43,20170.0,130,20200.0,43,20165.0,10,20205.0,28,20160.0,20
1597988423628777984,1597988423857000192,2020-08-21 13:40:23.857000,20185.0,20220.0,20020.0,20195.0,nan,20112.643067,92037,9255536650.0,64446,20185.0,5,20180.0,27,20190.0,29,20175.0,36,20195.0,42,20170.0,130,20200.0,43,20165.0,10,20205.0,28,20160.0,20
1597988424218068992,1597988424434000128,2020-08-21 13:40:24.434000,20185.0,20220.0,20020.0,20195.0,nan,20112.643067,92037,9255536650.0,64446,20185.0,18,20180.0,27,20190.0,29,20175.0,36,20195.0,42,20170.0,130,20200.0,43,20165.0,10,20205.0,28,20160.0,20
1597988424649817088,1597988424924000000,2020-08-21 13:40:24.924000,20185.0,20220.0,20020.0,20195.0,nan,20112.643067,92037,9255536650.0,64446,20185.0,20,20180.0,23,20190.0,29,20175.0,36,20195.0,42,20170.0,130,20200.0,42,20165.0,10,20205.0,28,20160.0,20
1597988425141137920,1597988425424999936,2020-08-21 13:40:25.425000,20185.0,20220.0,20020.0,20195.0,nan,20112.643067,92037,9255536650.0,64446,20185.0,21,20180.0,22,20190.0,29,20175.0,36,20195.0,42,20170.0,130,20200.0,42,20165.0,18,20205.0,28,20160.0,20
1597988426265334016,1597988426431000064,2020-08-21 13:40:26.431000,20185.0,20220.0,20020.0,20195.0,nan,20112.643067,92037,9255536650.0,64446,20185.0,23,20180.0,22,20190.0,27,20175.0,36,20195.0,41,20170.0,130,20200.0,42,20165.0,18,20205.0,28,20160.0,20
1597988426728058112,1597988426934000128,2020-08-21 13:40:26.934000,20185.0,20220.0,20020.0,20195.0,nan,20112.643067,92037,9255536650.0,64446,20185.0,23,20180.0,23,20190.0,27,20175.0,36,20195.0,41,20170.0,130,20200.0,42,20165.0,18,20205.0,28,20160.0,20
1597988428121975040,1597988428412000000,2020-08-21 13:40:28.412000,20185.0,20220.0,20020.0,20195.0,nan,20112.643067,92037,9255536650.0,64446,20185.0,23,20180.0,30,20190.0,27,20175.0,36,20195.0,41,20170.0,130,20200.0,45,20165.0,18,20205.0,28,20160.0,20
1597988428612588032,1597988428924999936,2020-08-21 13:40:28.925000,20185.0,20220.0,20020.0,20195.0,nan,20112.643067,92037,9255536650.0,64446,20185.0,23,20180.0,32,20190.0,27,20175.0,36,20195.0,41,20170.0,130,20200.0,45,20165.0,18,20205.0,28,20160.0,20
1597988429177854976,1597988429424999936,2020-08-21 13:40:29.425000,20185.0,20220.0,20020.0,20195.0,nan,20112.643067,92037,9255536650.0,64446,20185.0,25,20180.0,32,20190.0,27,20175.0,36,20195.0,42,20170.0,130,20200.0,45,20165.0,18,20205.0,28,20160.0,20
1597988429620612096,1597988429936999936,2020-08-21 13:40:29.937000,20185.0,20220.0,20020.0,20195.0,nan,20112.643067,92037,9255536650.0,64446,20185.0,25,20180.0,33,20190.0,27,20175.0,36,20195.0,42,20170.0,130,20200.0,47,20165.0,18,20205.0,28,20160.0,20
1597988430132334080,1597988430434000128,2020-08-21 13:40:30.434000,20180.0,20220.0,20020.0,20195.0,nan,20112.643799,92038,9255637550.0,64446,20185.0,25,20180.0,32,20190.0,25,20175.0,37,20195.0,42,20170.0,130,20200.0,47,20165.0,18,20205.0,28,20160.0,20
1597988430644079104,1597988430927000064,2020-08-21 13:40:30.927000,20185.0,20220.0,20020.0,20195.0,nan,20112.663448,92063,9258160675.0,64429,20190.0,25,20180.0,40,20195.0,42,20175.0,37,20200.0,47,20170.0,130,20205.0,28,20165.0,18,20210.0,69,20160.0,20
1597988431113640960,1597988431431000064,2020-08-21 13:40:31.431000,20185.0,20220.0,20020.0,20195.0,nan,20112.665805,92066,9258463450.0,64432,20190.0,27,20185.0,12,20195.0,42,20180.0,43,20200.0,47,20175.0,37,20205.0,28,20170.0,130,20210.0,70,20165.0,18
1597988431636777984,1597988431912000000,2020-08-21 13:40:31.912000,20185.0,20220.0,20020.0,20195.0,nan,20112.674446,92077,9259573625.0,64427,20190.0,23,20185.0,8,20195.0,42,20180.0,33,20200.0,47,20175.0,37,20205.0,28,20170.0,130,20210.0,70,20165.0,18
1597988432135194880,1597988432428000000,2020-08-21 13:40:32.428000,20185.0,20220.0,20020.0,20195.0,nan,20112.674446,92077,9259573625.0,64427,20190.0,25,20185.0,12,20195.0,42,20180.0,33,20200.0,47,20175.0,37,20205.0,28,20170.0,130,20210.0,70,20165.0,19
1597988432621804032,1597988432936999936,2020-08-21 13:40:32.937000,20185.0,20220.0,20020.0,20195.0,nan,20112.674446,92077,9259573625.0,64427,20190.0,25,20185.0,20,20195.0,42,20180.0,32,20200.0,47,20175.0,37,20205.0,28,20170.0,130,20210.0,70,20165.0,19
1597988433136045056,1597988433437999872,2020-08-21 13:40:33.438000,20185.0,20220.0,20020.0,20195.0,nan,20112.674446,92077,9259573625.0,64427,20190.0,25,20185.0,21,20195.0,42,20180.0,32,20200.0,47,20175.0,37,20205.0,28,20170.0,130,20210.0,69,20165.0,19
1597988433617707008,1597988433934000128,2020-08-21 13:40:33.934000,20185.0,20220.0,20020.0,20195.0,nan,20112.674446,92077,9259573625.0,64427,20190.0,26,20185.0,21,20195.0,42,20180.0,32,20200.0,47,20175.0,37,20205.0,28,20170.0,130,20210.0,69,20165.0,19
1597988434622004992,1597988434923000064,2020-08-21 13:40:34.923000,20185.0,20220.0,20020.0,20195.0,nan,20112.674446,92077,9259573625.0,64427,20190.0,28,20185.0,21,20195.0,42,20180.0,32,20200.0,47,20175.0,37,20205.0,28,20170.0,130,20210.0,69,20165.0,19
1597988435128794112,1597988435428999936,2020-08-21 13:40:35.429000,20185.0,20220.0,20020.0,20195.0,nan,20112.674446,92077,9259573625.0,64427,20190.0,28,20185.0,21,20195.0,42,20180.0,32,20200.0,46,20175.0,37,20205.0,28,20170.0,130,20210.0,69,20165.0,19
1597988435616147968,1597988435910000128,2020-08-21 13:40:35.910000,20185.0,20220.0,20020.0,20195.0,nan,20112.674446,92077,9259573625.0,64427,20190.0,28,20185.0,22,20195.0,42,20180.0,32,20200.0,46,20175.0,37,20205.0,28,20170.0,130,20210.0,69,20165.0,19
1597988436170161920,1597988436435000064,2020-08-21 13:40:36.435000,20190.0,20220.0,20020.0,20195.0,nan,20112.699632,92107,9262602125.0,64414,20195.0,42,20190.0,76,20200.0,46,20185.0,22,20205.0,28,20180.0,32,20210.0,69,20175.0,37,20215.0,112,20170.0,24
1597988436619778048,1597988436894000128,2020-08-21 13:40:36.894000,20190.0,20220.0,20020.0,20195.0,nan,20112.71893,92130,9264923975.0,64395,20195.0,31,20190.0,64,20200.0,46,20185.0,16,20205.0,28,20180.0,34,20210.0,64,20175.0,37,20215.0,112,20170.0,24
1597988437112422912,1597988437357000192,2020-08-21 13:40:37.357000,20190.0,20220.0,20020.0,20195.0,nan,20112.756206,92172,9269164825.0,64363,20200.0,46,20190.0,60,20205.0,28,20185.0,16,20210.0,64,20180.0,34,20215.0,112,20175.0,37,20220.0,92,20170.0,32
1597988437618961920,1597988437937999872,2020-08-21 13:40:37.938000,20190.0,20220.0,20020.0,20195.0,nan,20112.837108,92270,9279057400.0,64367,20190.0,6,20185.0,2,20195.0,68,20180.0,32,20200.0,66,20175.0,36,20205.0,36,20170.0,31,20210.0,64,20165.0,20
1597988438152832000,1597988438430000128,2020-08-21 13:40:38.430000,20190.0,20220.0,20020.0,20195.0,nan,20112.854341,92291,9281177200.0,64349,20190.0,5,20185.0,33,20195.0,61,20180.0,30,20200.0,52,20175.0,36,20205.0,28,20170.0,31,20210.0,64,20165.0,20
1597988438628279040,1597988438938999808,2020-08-21 13:40:38.939000,20190.0,20220.0,20020.0,20195.0,nan,20112.85852,92296,9281681950.0,64354,20195.0,29,20190.0,21,20200.0,52,20185.0,39,20205.0,35,20180.0,31,20210.0,64,20175.0,35,20215.0,41,20170.0,31
1597988439139729920,1597988439433000192,2020-08-21 13:40:39.433000,20185.0,20220.0,20020.0,20195.0,nan,20112.883316,92326,9284710325.0,64361,20195.0,32,20185.0,35,20200.0,51,20180.0,33,20205.0,35,20175.0,35,20210.0,64,20170.0,31,20215.0,41,20165.0,20
1597988439639922944,1597988439926000128,2020-08-21 13:40:39.926000,20185.0,20220.0,20020.0,20195.0,nan,20112.88644,92330,9285114025.0,64359,20190.0,2,20185.0,32,20195.0,30,20180.0,33,20200.0,51,20175.0,35,20205.0,35,20170.0,31,20210.0,63,20165.0,20
1597988440145049088,1597988440408000000,2020-08-21 13:40:40.408000,20185.0,20220.0,20020.0,20195.0,nan,20112.88644,92330,9285114025.0,64359,20190.0,9,20185.0,30,20195.0,30,20180.0,33,20200.0,51,20175.0,35,20205.0,35,20170.0,31,20210.0,63,20165.0,20
1597988440637712896,1597988440938999808,2020-08-21 13:40:40.939000,20185.0,20220.0,20020.0,20195.0,nan,20112.88644,92330,9285114025.0,64359,20190.0,10,20185.0,30,20195.0,30,20180.0,33,20200.0,51,20175.0,35,20205.0,35,20170.0,31,20210.0,63,20165.0,20
1597988441627204096,1597988441924000000,2020-08-21 13:40:41.924000,20185.0,20220.0,20020.0,20195.0,nan,20112.88644,92330,9285114025.0,64359,20190.0,16,20185.0,30,20195.0,30,20180.0,33,20200.0,51,20175.0,35,20205.0,35,20170.0,31,20210.0,63,20165.0,20
1597988442148878080,1597988442428000000,2020-08-21 13:40:42.428000,20190.0,20220.0,20020.0,20195.0,nan,20112.887275,92331,9285214975.0,64358,20190.0,15,20185.0,30,20195.0,40,20180.0,32,20200.0,51,20175.0,35,20205.0,35,20170.0,31,20210.0,73,20165.0,20
1597988443116972032,1597988443434000128,2020-08-21 13:40:43.434000,20190.0,20220.0,20020.0,20195.0,nan,20112.887275,92331,9285214975.0,64358,20190.0,22,20185.0,34,20195.0,40,20180.0,32,20200.0,51,20175.0,35,20205.0,35,20170.0,31,20210.0,73,20165.0,20
1597988443643124992,1597988443938999808,2020-08-21 13:40:43.939000,20185.0,20220.0,20020.0,20195.0,nan,20112.888056,92332,9285315900.0,64358,20190.0,23,20185.0,33,20195.0,40,20180.0,32,20200.0,51,20175.0,35,20205.0,35,20170.0,31,20210.0,73,20165.0,20
1597988444160307968,1597988444435000064,2020-08-21 13:40:44.435000,20185.0,20220.0,20020.0,20195.0,nan,20112.893523,92339,9286022375.0,64354,20190.0,23,20185.0,25,20195.0,41,20180.0,32,20200.0,53,20175.0,35,20205.0,35,20170.0,31,20210.0,73,20165.0,20
1597988444654198016,1597988444905999872,2020-08-21 13:40:44.906000,20185.0,20220.0,20020.0,20195.0,nan,20112.912259,92363,9288444575.0,64362,20190.0,27,20185.0,4,20195.0,41,20180.0,30,20200.0,53,20175.0,35,20205.0,35,20170.0,31,20210.0,73,20165.0,20
1597988445140942080,1597988445427000064,2020-08-21 13:40:45.427000,20185.0,20220.0,20020.0,20195.0,nan,20112.922404,92376,9289756600.0,64361,20185.0,26,20180.0,30,20190.0,31,20175.0,35,20195.0,41,20170.0,31,20200.0,53,20165.0,21,20205.0,35,20160.0,20
1597988445633786880,1597988445926000128,2020-08-21 13:40:45.926000,20185.0,20220.0,20020.0,20195.0,nan,20112.923184,92377,9289857525.0,64361,20185.0,28,20180.0,17,20190.0,32,20175.0,35,20195.0,41,20170.0,31,20200.0,53,20165.0,23,20205.0,35,20160.0,20
1597988446166852096,1597988446435000064,2020-08-21 13:40:46.435000,20185.0,20220.0,20020.0,20195.0,nan,20112.923184,92377,9289857525.0,64361,20185.0,28,20180.0,22,20190.0,32,20175.0,33,20195.0,41,20170.0,31,20200.0,53,20165.0,23,20205.0,36,20160.0,20
1597988446616158976,1597988446924999936,2020-08-21 13:40:46.925000,20185.0,20220.0,20020.0,20195.0,nan,20112.923184,92377,9289857525.0,64361,20185.0,28,20180.0,21,20190.0,32,20175.0,33,20195.0,41,20170.0,31,20200.0,53,20165.0,23,20205.0,36,20160.0,20
1597988447112835072,1597988447360999936,2020-08-21 13:40:47.361000,20185.0,20220.0,20020.0,20195.0,nan,20112.923184,92377,9289857525.0,64361,20185.0,28,20180.0,23,20190.0,32,20175.0,33,20195.0,41,20170.0,31,20200.0,53,20165.0,23,20205.0,36,20160.0,20
1597988447609157888,1597988447936999936,2020-08-21 13:40:47.937000,20185.0,20220.0,20020.0,20195.0,nan,20112.923184,92377,9289857525.0,64361,20185.0,28,20180.0,18,20190.0,32,20175.0,33,20195.0,41,20170.0,31,20200.0,53,20165.0,23,20205.0,36,20160.0,20
1597988448121277952,1597988448424999936,2020-08-21 13:40:48.425000,20185.0,20220.0,20020.0,20195.0,nan,20112.923184,92377,9289857525.0,64361,20185.0,28,20180.0,18,20190.0,42,20175.0,33,20195.0,41,20170.0,31,20200.0,53,20165.0,23,20205.0,36,20160.0,20
1597988448637344000,1597988448924999936,2020-08-21 13:40:48.925000,20185.0,20220.0,20020.0,20195.0,nan,20112.923184,92377,9289857525.0,64361,20185.0,30,20180.0,17,20190.0,42,20175.0,33,20195.0,41,20170.0,31,20200.0,53,20165.0,23,20205.0,36,20160.0,20
1597988449119002112,1597988449431000064,2020-08-21 13:40:49.431000,20185.0,20220.0,20020.0,20195.0,nan,20112.923184,92377,9289857525.0,64361,20185.0,30,20180.0,20,20190.0,42,20175.0,33,20195.0,41,20170.0,31,20200.0,53,20165.0,23,20205.0,36,20160.0,20
1597988450148114944,1597988450418999808,2020-08-21 13:40:50.419000,20185.0,20220.0,20020.0,20195.0,nan,20112.923184,92377,9289857525.0,64361,20185.0,30,20180.0,21,20190.0,43,20175.0,33,20195.0,41,20170.0,31,20200.0,53,20165.0,23,20205.0,36,20160.0,20
1597988450603569920,1597988450928000000,2020-08-21 13:40:50.928000,20180.0,20220.0,20020.0,20195.0,nan,20112.92391,92378,9289958425.0,64361,20185.0,30,20180.0,20,20190.0,43,20175.0,33,20195.0,41,20170.0,31,20200.0,53,20165.0,23,20205.0,36,20160.0,20
1597988451151781120,1597988451423000064,2020-08-21 13:40:51.423000,20180.0,20220.0,20020.0,20195.0,nan,20112.938429,92398,9291976425.0,64377,20185.0,30,20180.0,1,20190.0,43,20175.0,33,20195.0,41,20170.0,31,20200.0,53,20165.0,23,20205.0,36,20160.0,20
1597988451614000128,1597988451933000192,2020-08-21 13:40:51.933000,20180.0,20220.0,20020.0,20195.0,nan,20112.939155,92399,9292077325.0,64376,20180.0,8,20175.0,33,20185.0,23,20170.0,31,20190.0,44,20165.0,22,20195.0,39,20160.0,21,20200.0,53,20155.0,28
1597988452125711872,1597988452424999936,2020-08-21 13:40:52.425000,20180.0,20220.0,20020.0,20195.0,nan,20112.939155,92399,9292077325.0,64376,20180.0,32,20175.0,33,20185.0,21,20170.0,32,20190.0,44,20165.0,22,20195.0,39,20160.0,23,20200.0,53,20155.0,18
1597988452624499968,1597988452930000128,2020-08-21 13:40:52.930000,20180.0,20220.0,20020.0,20195.0,nan,20112.939155,92399,9292077325.0,64376,20180.0,35,20175.0,9,20185.0,21,20170.0,30,20190.0,44,20165.0,22,20195.0,39,20160.0,23,20200.0,53,20155.0,18
