local_nano_time,quote_nano_time,datetime,last_price,highest,lowest,open,close,average,volume,amount,open_interest,ask_price1,ask_volume1,bid_price1,bid_volume1,ask_price2,ask_volume2,bid_price2,bid_volume2,ask_price3,ask_volume3,bid_price3,bid_volume3,ask_price4,ask_volume4,bid_price4,bid_volume4,ask_price5,ask_volume5,bid_price5,bid_volume5
1597988226569562112,1597988226913000192,2020-08-21 13:37:06.913000,98.4,98.415,98.19,98.195,nan,98.296,28993,28499080200.0,71464,98.4,25,98.395,91,nan,0,nan,0,nan,0,nan,0,nan,0,nan,0,nan,0,nan,0
1597988227078151936,1597988227436000000,2020-08-21 13:37:07.436000,98.4,98.415,98.19,98.195,nan,98.296,28993,28499080200.0,71464,98.4,25,98.395,91,nan,0,nan,0,nan,0,nan,0,nan,0,nan,0,nan,0,nan,0
1597988227563886080,1597988227936000000,2020-08-21 13:37:07.936000,98.395,98.415,98.19,98.195,nan,98.296,28994,28500064150.0,71465,98.4,26,98.395,90,nan,0,nan,0,nan,0,nan,0,nan,0,nan,0,nan,0,nan,0
1597988228080279040,1597988228427000064,2020-08-21 13:37:08.427000,98.395,98.415,98.19,98.195,nan,98.296,28994,28500064150.0,71465,98.4,26,98.395,90,nan,0,nan,0,nan,0,nan,0,nan,0,nan,0,nan,0,nan,0
1597988228560590080,1597988228901999872,2020-08-21 13:37:08.902000,98.395,98.415,98.19,98.195,nan,98.296,28994,28500064150.0,71465,98.4,26,98.395,90,nan,0,nan,0,nan,0,nan,0,nan,0,nan,0,nan,0,nan,0
1597988229082019072,1597988229431000064,2020-08-21 13:37:09.431000,98.395,98.415,98.19,98.195,nan,98.296,28994,28500064150.0,71465,98.4,26,98.395,87,nan,0,nan,0,nan,0,nan,0,nan,0,nan,0,nan,0,nan,0
1597988229562414080,1597988229932000000,2020-08-21 13:37:09.932000,98.4,98.415,98.19,98.195,nan,98.296,29004,28509904150.0,71475,98.4,16,98.395,87,nan,0,nan,0,nan,0,nan,0,nan,0,nan,0,nan,0,nan,0
1597988230067883008,1597988230432000000,2020-08-21 13:37:10.432000,98.395,98.415,98.19,98.195,nan,98.296,29005,28510888100.0,71475,98.4,16,98.395,86,nan,0,nan,0,nan,0,nan,0,nan,0,nan,0,nan,0,nan,0
1597988230551644928,1597988230935000064,2020-08-21 13:37:10.935000,98.4,98.415,98.19,98.195,nan,98.296,29007,28512856100.0,71477,98.4,24,98.395,86,nan,0,nan,0,nan,0,nan,0,nan,0,nan,0,nan,0,nan,0
1597988231048815104,1597988231436999936,2020-08-21 13:37:11.437000,98.4,98.415,98.19,98.195,nan,98.296,29007,28512856100.0,71477,98.4,22,98.395,86,nan,0,nan,0,nan,0,nan,0,nan,0,nan,0,nan,0,nan,0
1597988231559918080,1597988231910000128,2020-08-21 13:37:11.910000,98.4,98.415,98.19,98.195,nan,98.296,29007,28512856100.0,71477,98.4,22,98.395,88,nan,0,nan,0,nan,0,nan,0,nan,0,nan,0,nan,0,nan,0
1597988232044016128,1597988232423000064,2020-08-21 13:37:12.423000,98.4,98.415,98.19,98.195,nan,98.296,29007,28512856100.0,71477,98.4,22,98.395,88,nan,0,nan,0,nan,0,nan,0,nan,0,nan,0,nan,0,nan,0
1597988232541325056,1597988232932000000,2020-08-21 13:37:12.932000,98.395,98.415,98.19,98.195,nan,98.296,29008,28513840050.0,71477,98.4,22,98.395,87,nan,0,nan,0,nan,0,nan,0,nan,0,nan,0,nan,0,nan,0
1597988233043707904,1597988233405999872,2020-08-21 13:37:13.406000,98.4,98.415,98.19,98.195,nan,98.296,29009,28514824050.0,71478,98.4,24,98.395,85,nan,0,nan,0,nan,0,nan,0,nan,0,nan,0,nan,0,nan,0
1597988233545458944,1597988233912000000,2020-08-21 13:37:13.912000,98.4,98.415,98.19,98.195,nan,98.296,29009,28514824050.0,71478,98.4,24,98.395,87,nan,0,nan,0,nan,0,nan,0,nan,0,nan,0,nan,0,nan,0
1597988234048323072,1597988234427000064,2020-08-21 13:37:14.427000,98.395,98.415,98.19,98.195,nan,98.296,29010,28515808000.0,71477,98.4,24,98.395,86,nan,0,nan,0,nan,0,nan,0,nan,0,nan,0,nan,0,nan,0
1597988234552947968,1597988234937999872,2020-08-21 13:37:14.938000,98.395,98.415,98.19,98.195,nan,98.296,29010,28515808000.0,71477,98.4,24,98.395,84,nan,0,nan,0,nan,0,nan,0,nan,0,nan,0,nan,0,nan,0
1597988235036174080,1597988235413000192,2020-08-21 13:37:15.413000,98.395,98.415,98.19,98.195,nan,98.296,29010,28515808000.0,71477,98.4,26,98.395,84,nan,0,nan,0,nan,0,nan,0,nan,0,nan,0,nan,0,nan,0
1597988236546736896,1597988236918999808,2020-08-21 13:37:16.919000,98.395,98.415,98.19,98.195,nan,98.296,29010,28515808000.0,71477,98.4,27,98.395,84,nan,0,nan,0,nan,0,nan,0,nan,0,nan,0,nan,0,nan,0
1597988237554878976,1597988237934000128,2020-08-21 13:37:17.934000,98.395,98.415,98.19,98.195,nan,98.296,29010,28515808000.0,71477,98.4,27,98.395,84,nan,0,nan,0,nan,0,nan,0,nan,0,nan,0,nan,0,nan,0
1597988239561366016,1597988239932000000,2020-08-21 13:37:19.932000,98.395,98.415,98.19,98.195,nan,98.296,29011,28516791950.0,71477,98.4,27,98.395,83,nan,0,nan,0,nan,0,nan,0,nan,0,nan,0,nan,0,nan,0
1597988240068073984,1597988240416999936,2020-08-21 13:37:20.417000,98.395,98.415,98.19,98.195,nan,98.296,29011,28516791950.0,71477,98.4,27,98.395,83,nan,0,nan,0,nan,0,nan,0,nan,0,nan,0,nan,0,nan,0
1597988240551954944,1597988240916000000,2020-08-21 13:37:20.916000,98.395,98.415,98.19,98.195,nan,98.296,29011,28516791950.0,71477,98.4,47,98.395,84,nan,0,nan,0,nan,0,nan,0,nan,0,nan,0,nan,0,nan,0
1597988241068878080,1597988241423000064,2020-08-21 13:37:21.423000,98.395,98.415,98.19,98.195,nan,98.297,29063,28567957350.0,71428,98.4,47,98.395,32,nan,0,nan,0,nan,0,nan,0,nan,0,nan,0,nan,0,nan,0
1597988241574457088,1597988241936000000,2020-08-21 13:37:21.936000,98.395,98.415,98.19,98.195,nan,98.297,29097,28601411650.0,71426,98.4,47,98.395,1,nan,0,nan,0,nan,0,nan,0,nan,0,nan,0,nan,0,nan,0
1597988242077336064,1597988242423000064,2020-08-21 13:37:22.423000,98.395,98.415,98.19,98.195,nan,98.297,29100,28604363500.0,71426,98.395,5,98.39,93,nan,0,nan,0,nan,0,nan,0,nan,0,nan,0,nan,0,nan,0
1597988242570530048,1597988242935000064,2020-08-21 13:37:22.935000,98.395,98.415,98.19,98.195,nan,98.297,29105,28609283250.0,71428,98.4,49,98.395,4,nan,0,nan,0,nan,0,nan,0,nan,0,nan,0,nan,0,nan,0
1597988243071608064,1597988243432000000,2020-08-21 13:37:23.432000,98.395,98.415,98.19,98.195,nan,98.297,29109,28613219050.0,71428,98.4,45,98.395,2,nan,0,nan,0,nan,0,nan,0,nan,0,nan,0,nan,0,nan,0
1597988243579475968,1597988243917999872,2020-08-21 13:37:23.918000,98.395,98.415,98.19,98.195,nan,98.297,29109,28613219050.0,71428,98.4,45,98.395,10,nan,0,nan,0,nan,0,nan,0,nan,0,nan,0,nan,0,nan,0
1597988244070542080,1597988244433000192,2020-08-21 13:37:24.433000,98.395,98.415,98.19,98.195,nan,98.297,29109,28613219050.0,71428,98.4,47,98.395,12,nan,0,nan,0,nan,0,nan,0,nan,0,nan,0,nan,0,nan,0
1597988244575849984,1597988244932000000,2020-08-21 13:37:24.932000,98.395,98.415,98.19,98.195,nan,98.297,29110,28614203000.0,71429,98.4,47,98.395,14,nan,0,nan,0,nan,0,nan,0,nan,0,nan,0,nan,0,nan,0
1597988245074550016,1597988245427000064,2020-08-21 13:37:25.427000,98.395,98.415,98.19,98.195,nan,98.297,29110,28614203000.0,71429,98.4,47,98.395,14,nan,0,nan,0,nan,0,nan,0,nan,0,nan,0,nan,0,nan,0
1597988245563144960,1597988245882999808,2020-08-21 13:37:25.883000,98.395,98.415,98.19,98.195,nan,98.297,29110,28614203000.0,71429,98.4,47,98.395,17,nan,0,nan,0,nan,0,nan,0,nan,0,nan,0,nan,0,nan,0
1597988246104539904,1597988246423000064,2020-08-21 13:37:26.423000,98.395,98.415,98.19,98.195,nan,98.297,29110,28614203000.0,71429,98.4,45,98.395,17,nan,0,nan,0,nan,0,nan,0,nan,0,nan,0,nan,0,nan,0
1597988246578693120,1597988246932000000,2020-08-21 13:37:26.932000,98.395,98.415,98.19,98.195,nan,98.297,29120,28624042500.0,71437,98.4,45,98.395,8,nan,0,nan,0,nan,0,nan,0,nan,0,nan,0,nan,0,nan,0
1597988248071472128,1597988248420999936,2020-08-21 13:37:28.421000,98.395,98.415,98.19,98.195,nan,98.297,29120,28624042500.0,71437,98.4,45,98.395,4,nan,0,nan,0,nan,0,nan,0,nan,0,nan,0,nan,0,nan,0
1597988248559537920,1597988248938999808,2020-08-21 13:37:28.939000,98.395,98.415,98.19,98.195,nan,98.297,29124,28627978300.0,71438,98.4,45,98.39,92,nan,0,nan,0,nan,0,nan,0,nan,0,nan,0,nan,0,nan,0
1597988249059081984,1597988249420000000,2020-08-21 13:37:29.420000,98.395,98.415,98.19,98.195,nan,98.297,29126,28629946200.0,71440,98.395,3,98.39,82,nan,0,nan,0,nan,0,nan,0,nan,0,nan,0,nan,0,nan,0
1597988249557029888,1597988249930000128,2020-08-21 13:37:29.930000,98.395,98.415,98.19,98.195,nan,98.297,29127,28630930150.0,71440,98.395,5,98.39,79,nan,0,nan,0,nan,0,nan,0,nan,0,nan,0,nan,0,nan,0
1597988250072633088,1597988250435000064,2020-08-21 13:37:30.435000,98.395,98.415,98.19,98.195,nan,98.297,29127,28630930150.0,71440,98.395,7,98.39,79,nan,0,nan,0,nan,0,nan,0,nan,0,nan,0,nan,0,nan,0
1597988250575389952,1597988250933000192,2020-08-21 13:37:30.933000,98.395,98.415,98.19,98.195,nan,98.297,29139,28642737550.0,71436,98.395,4,98.39,80,nan,0,nan,0,nan,0,nan,0,nan,0,nan,0,nan,0,nan,0
1597988251073402112,1597988251436000000,2020-08-21 13:37:31.436000,98.395,98.415,98.19,98.195,nan,98.297,29148,28651593100.0,71442,98.395,1,98.39,80,nan,0,nan,0,nan,0,nan,0,nan,0,nan,0,nan,0,nan,0
1597988251558618112,1597988251914000128,2020-08-21 13:37:31.914000,98.395,98.415,98.19,98.195,nan,98.297,29148,28651593100.0,71442,98.395,5,98.39,80,nan,0,nan,0,nan,0,nan,0,nan,0,nan,0,nan,0,nan,0
1597988252057955072,1597988252421999872,2020-08-21 13:37:32.422000,98.395,98.415,98.19,98.195,nan,98.297,29148,28651593100.0,71442,98.395,7,98.39,80,nan,0,nan,0,nan,0,nan,0,nan,0,nan,0,nan,0,nan,0
1597988252577456128,1597988252933000192,2020-08-21 13:37:32.933000,98.39,98.415,98.19,98.195,nan,98.297,29153,28656512600.0,71441,98.395,10,98.39,71,nan,0,nan,0,nan,0,nan,0,nan,0,nan,0,nan,0,nan,0
1597988253059043072,1597988253424000000,2020-08-21 13:37:33.424000,98.39,98.415,98.19,98.195,nan,98.297,29157,28660448200.0,71438,98.395,13,98.39,67,nan,0,nan,0,nan,0,nan,0,nan,0,nan,0,nan,0,nan,0
1597988253577457920,1597988253898999808,2020-08-21 13:37:33.899000,98.395,98.415,98.19,98.195,nan,98.297,29162,28665367750.0,71434,98.395,15,98.39,63,nan,0,nan,0,nan,0,nan,0,nan,0,nan,0,nan,0,nan,0
1597988254069964032,1597988254438999808,2020-08-21 13:37:34.439000,98.395,98.415,98.19,98.195,nan,98.297,29172,28675207250.0,71436,98.395,13,98.39,68,nan,0,nan,0,nan,0,nan,0,nan,0,nan,0,nan,0,nan,0
1597988254572194048,1597988254935000064,2020-08-21 13:37:34.935000,98.395,98.415,98.19,98.195,nan,98.297,29172,28675207250.0,71436,98.395,23,98.39,71,nan,0,nan,0,nan,0,nan,0,nan,0,nan,0,nan,0,nan,0
1597988255078533120,1597988255433000192,2020-08-21 13:37:35.433000,98.395,98.415,98.19,98.195,nan,98.297,29172,28675207250.0,71436,98.395,23,98.39,71,nan,0,nan,0,nan,0,nan,0,nan,0,nan,0,nan,0,nan,0
1597988255588943872,1597988255931000064,2020-08-21 13:37:35.931000,98.395,98.415,98.19,98.195,nan,98.297,29172,28675207250.0,71436,98.395,23,98.39,71,nan,0,nan,0,nan,0,nan,0,nan,0,nan,0,nan,0,nan,0
1597988256085135104,1597988256426000128,2020-08-21 13:37:36.426000,98.39,98.415,98.19,98.195,nan,98.297,29192,28694885250.0,71416,98.395,23,98.39,52,nan,0,nan,0,nan,0,nan,0,nan,0,nan,0,nan,0,nan,0
1597988256588311040,1597988256924999936,2020-08-21 13:37:36.925000,98.39,98.415,98.19,98.195,nan,98.297,29202,28704724250.0,71409,98.395,23,98.39,40,nan,0,nan,0,nan,0,nan,0,nan,0,nan,0,nan,0,nan,0
1597988257082359040,1597988257427000064,2020-08-21 13:37:37.427000,98.39,98.415,98.19,98.195,nan,98.297,29237,28739160750.0,71411,98.395,25,98.39,3,nan,0,nan,0,nan,0,nan,0,nan,0,nan,0,nan,0,nan,0
1597988257589245952,1597988257933000192,2020-08-21 13:37:37.933000,98.39,98.415,98.19,98.195,nan,98.297,29242,28744080250.0,71412,98.39,15,98.385,73,nan,0,nan,0,nan,0,nan,0,nan,0,nan,0,nan,0,nan,0
1597988258073725952,1597988258416999936,2020-08-21 13:37:38.417000,98.39,98.415,98.19,98.195,nan,98.297,29247,28748999750.0,71411,98.39,5,98.385,63,nan,0,nan,0,nan,0,nan,0,nan,0,nan,0,nan,0,nan,0
1597988258575366912,1597988258935000064,2020-08-21 13:37:38.935000,98.39,98.415,98.19,98.195,nan,98.297,29247,28748999750.0,71411,98.39,6,98.385,63,nan,0,nan,0,nan,0,nan,0,nan,0,nan,0,nan,0,nan,0
1597988259074392064,1597988259405999872,2020-08-21 13:37:39.406000,98.39,98.415,98.19,98.195,nan,98.297,29247,28748999750.0,71411,98.39,6,98.385,62,nan,0,nan,0,nan,0,nan,0,nan,0,nan,0,nan,0,nan,0
1597988259581954048,1597988259921999872,2020-08-21 13:37:39.922000,98.39,98.415,98.19,98.195,nan,98.297,29247,28748999750.0,71411,98.39,6,98.385,63,nan,0,nan,0,nan,0,nan,0,nan,0,nan,0,nan,0,nan,0
1597988260091773952,1597988260427000064,2020-08-21 13:37:40.427000,98.39,98.415,98.19,98.195,nan,98.297,29247,28748999750.0,71411,98.39,4,98.385,63,nan,0,nan,0,nan,0,nan,0,nan,0,nan,0,nan,0,nan,0
1597988261075058944,1597988261436000000,2020-08-21 13:37:41.436000,98.39,98.415,98.19,98.195,nan,98.297,29251,28752935350.0,71410,98.39,10,98.385,65,nan,0,nan,0,nan,0,nan,0,nan,0,nan,0,nan,0,nan,0
1597988261575321088,1597988261931000064,2020-08-21 13:37:41.931000,98.39,98.415,98.19,98.195,nan,98.297,29259,28760806550.0,71410,98.39,4,98.385,66,nan,0,nan,0,nan,0,nan,0,nan,0,nan,0,nan,0,nan,0
1597988262075443968,1597988262435000064,2020-08-21 13:37:42.435000,98.39,98.415,98.19,98.195,nan,98.297,29261,28762774350.0,71411,98.39,12,98.385,66,nan,0,nan,0,nan,0,nan,0,nan,0,nan,0,nan,0,nan,0
1597988263063721984,1597988263379000064,2020-08-21 13:37:43.379000,98.39,98.415,98.19,98.195,nan,98.297,29261,28762774350.0,71411,98.39,10,98.385,66,nan,0,nan,0,nan,0,nan,0,nan,0,nan,0,nan,0,nan,0
1597988263581266944,1597988263930000128,2020-08-21 13:37:43.930000,98.39,98.415,98.19,98.195,nan,98.297,29262,28763758250.0,71410,98.39,9,98.385,66,nan,0,nan,0,nan,0,nan,0,nan,0,nan,0,nan,0,nan,0
1597988264063721984,1597988264433000192,2020-08-21 13:37:44.433000,98.39,98.415,98.19,98.195,nan,98.297,29263,28764742150.0,71410,98.39,8,98.385,66,nan,0,nan,0,nan,0,nan,0,nan,0,nan,0,nan,0,nan,0
1597988264562269952,1597988264935000064,2020-08-21 13:37:44.935000,98.385,98.415,98.19,98.195,nan,98.297,29313,28813934650.0,71414,98.39,11,98.385,16,nan,0,nan,0,nan,0,nan,0,nan,0,nan,0,nan,0,nan,0
1597988265068532992,1597988265413000192,2020-08-21 13:37:45.413000,98.385,98.415,98.19,98.195,nan,98.298,29331,28831643950.0,71417,98.385,1,98.38,16,nan,0,nan,0,nan,0,nan,0,nan,0,nan,0,nan,0,nan,0
1597988265560225024,1597988265935000064,2020-08-21 13:37:45.935000,98.385,98.415,98.19,98.195,nan,98.298,29335,28835579350.0,71421,98.385,1,98.38,15,nan,0,nan,0,nan,0,nan,0,nan,0,nan,0,nan,0,nan,0
1597988266101210880,1597988266424999936,2020-08-21 13:37:46.425000,98.385,98.415,98.19,98.195,nan,98.298,29335,28835579350.0,71421,98.385,5,98.38,15,nan,0,nan,0,nan,0,nan,0,nan,0,nan,0,nan,0,nan,0
1597988266565114880,1597988266924000000,2020-08-21 13:37:46.924000,98.385,98.415,98.19,98.195,nan,98.298,29335,28835579350.0,71421,98.385,5,98.38,15,nan,0,nan,0,nan,0,nan,0,nan,0,nan,0,nan,0,nan,0
1597988267115767040,1597988267416999936,2020-08-21 13:37:47.417000,98.385,98.415,98.19,98.195,nan,98.298,29335,28835579350.0,71421,98.385,5,98.38,15,nan,0,nan,0,nan,0,nan,0,nan,0,nan,0,nan,0,nan,0
1597988267578928128,1597988267938999808,2020-08-21 13:37:47.939000,98.385,98.415,98.19,98.195,nan,98.298,29335,28835579350.0,71421,98.385,5,98.38,15,nan,0,nan,0,nan,0,nan,0,nan,0,nan,0,nan,0,nan,0
1597988268085743104,1597988268428999936,2020-08-21 13:37:48.429000,98.385,98.415,98.19,98.195,nan,98.298,29335,28835579350.0,71421,98.385,3,98.38,15,nan,0,nan,0,nan,0,nan,0,nan,0,nan,0,nan,0,nan,0
1597988268588911104,1597988268924999936,2020-08-21 13:37:48.925000,98.39,98.415,98.19,98.195,nan,98.298,29341,28841482600.0,71416,98.39,16,98.38,17,nan,0,nan,0,nan,0,nan,0,nan,0,nan,0,nan,0,nan,0
1597988269085255936,1597988269407000064,2020-08-21 13:37:49.407000,98.385,98.415,98.19,98.195,nan,98.298,29348,28848369400.0,71416,98.39,16,98.38,16,nan,0,nan,0,nan,0,nan,0,nan,0,nan,0,nan,0,nan,0
1597988269581048064,1597988269923000064,2020-08-21 13:37:49.923000,98.385,98.415,98.19,98.195,nan,98.298,29349,28849353250.0,71415,98.39,16,98.38,21,nan,0,nan,0,nan,0,nan,0,nan,0,nan,0,nan,0,nan,0
1597988270081274880,1597988270424000000,2020-08-21 13:37:50.424000,98.385,98.415,98.19,98.195,nan,98.298,29349,28849353250.0,71415,98.39,16,98.385,2,nan,0,nan,0,nan,0,nan,0,nan,0,nan,0,nan,0,nan,0
1597988270570585088,1597988270935000064,2020-08-21 13:37:50.935000,98.385,98.415,98.19,98.195,nan,98.298,29349,28849353250.0,71415,98.39,16,98.385,2,nan,0,nan,0,nan,0,nan,0,nan,0,nan,0,nan,0,nan,0
1597988271072677888,1597988271434000128,2020-08-21 13:37:51.434000,98.385,98.415,98.19,98.195,nan,98.298,29349,28849353250.0,71415,98.39,15,98.385,3,nan,0,nan,0,nan,0,nan,0,nan,0,nan,0,nan,0,nan,0
1597988271568820992,1597988271913000192,2020-08-21 13:37:51.913000,98.385,98.415,98.19,98.195,nan,98.298,29350,28850337100.0,71416,98.39,13,98.385,9,nan,0,nan,0,nan,0,nan,0,nan,0,nan,0,nan,0,nan,0
1597988272070760960,1597988272432000000,2020-08-21 13:37:52.432000,98.385,98.415,98.19,98.195,nan,98.298,29350,28850337100.0,71416,98.39,11,98.385,10,nan,0,nan,0,nan,0,nan,0,nan,0,nan,0,nan,0,nan,0
1597988272571214080,1597988272932000000,2020-08-21 13:37:52.932000,98.385,98.415,98.19,98.195,nan,98.298,29350,28850337100.0,71416,98.39,11,98.385,10,nan,0,nan,0,nan,0,nan,0,nan,0,nan,0,nan,0,nan,0
1597988273081420032,1597988273434000128,2020-08-21 13:37:53.434000,98.385,98.415,98.19,98.195,nan,98.298,29350,28850337100.0,71416,98.39,11,98.385,10,nan,0,nan,0,nan,0,nan,0,nan,0,nan,0,nan,0,nan,0
1597988273567555072,1597988273932000000,2020-08-21 13:37:53.932000,98.385,98.415,98.19,98.195,nan,98.298,29351,28851320950.0,71417,98.39,12,98.385,9,nan,0,nan,0,nan,0,nan,0,nan,0,nan,0,nan,0,nan,0
1597988274071360000,1597988274432000000,2020-08-21 13:37:54.432000,98.385,98.415,98.19,98.195,nan,98.298,29351,28851320950.0,71417,98.39,12,98.385,8,nan,0,nan,0,nan,0,nan,0,nan,0,nan,0,nan,0,nan,0
1597988274568525056,1597988274931000064,2020-08-21 13:37:54.931000,98.385,98.415,98.19,98.195,nan,98.298,29351,28851320950.0,71417,98.39,12,98.385,9,nan,0,nan,0,nan,0,nan,0,nan,0,nan,0,nan,0,nan,0
1597988275066333952,1597988275411000064,2020-08-21 13:37:55.411000,98.385,98.415,98.19,98.195,nan,98.298,29351,28851320950.0,71417,98.39,11,98.385,10,nan,0,nan,0,nan,0,nan,0,nan,0,nan,0,nan,0,nan,0
1597988275570569984,1597988275917999872,2020-08-21 13:37:55.918000,98.385,98.415,98.19,98.195,nan,98.298,29352,28852304800.0,71416,98.39,11,98.385,9,nan,0,nan,0,nan,0,nan,0,nan,0,nan,0,nan,0,nan,0
1597988276089530880,1597988276423000064,2020-08-21 13:37:56.423000,98.385,98.415,98.19,98.195,nan,98.298,29352,28852304800.0,71416,98.39,16,98.385,9,nan,0,nan,0,nan,0,nan,0,nan,0,nan,0,nan,0,nan,0
1597988276579918080,1597988276926000128,2020-08-21 13:37:56.926000,98.385,98.415,98.19,98.195,nan,98.298,29352,28852304800.0,71416,98.39,16,98.385,9,nan,0,nan,0,nan,0,nan,0,nan,0,nan,0,nan,0,nan,0
1597988277105442048,1597988277428999936,2020-08-21 13:37:57.429000,98.385,98.415,98.19,98.195,nan,98.298,29352,28852304800.0,71416,98.39,16,98.385,9,nan,0,nan,0,nan,0,nan,0,nan,0,nan,0,nan,0,nan,0
1597988277581683968,1597988277920000000,2020-08-21 13:37:57.920000,98.385,98.415,98.19,98.195,nan,98.298,29353,28853288650.0,71417,98.39,16,98.385,9,nan,0,nan,0,nan,0,nan,0,nan,0,nan,0,nan,0,nan,0
1597988278570252032,1597988278937999872,2020-08-21 13:37:58.938000,98.385,98.415,98.19,98.195,nan,98.298,29353,28853288650.0,71417,98.39,16,98.385,9,nan,0,nan,0,nan,0,nan,0,nan,0,nan,0,nan,0,nan,0
1597988279068966912,1597988279436000000,2020-08-21 13:37:59.436000,98.385,98.415,98.19,98.195,nan,98.298,29353,28853288650.0,71417,98.39,16,98.385,10,nan,0,nan,0,nan,0,nan,0,nan,0,nan,0,nan,0,nan,0
1597988279575310080,1597988279936999936,2020-08-21 13:37:59.937000,98.385,98.415,98.19,98.195,nan,98.298,29363,28863127150.0,71415,98.39,16,98.38,20,nan,0,nan,0,nan,0,nan,0,nan,0,nan,0,nan,0,nan,0
1597988280079540992,1597988280436000000,2020-08-21 13:38:00.436000,98.385,98.415,98.19,98.195,nan,98.298,29363,28863127150.0,71415,98.39,18,98.38,20,nan,0,nan,0,nan,0,nan,0,nan,0,nan,0,nan,0,nan,0
1597988280573888000,1597988280933000192,2020-08-21 13:38:00.933000,98.385,98.415,98.19,98.195,nan,98.298,29363,28863127150.0,71415,98.39,18,98.385,1,nan,0,nan,0,nan,0,nan,0,nan,0,nan,0,nan,0,nan,0
1597988281075397120,1597988281405999872,2020-08-21 13:38:01.406000,98.385,98.415,98.19,98.195,nan,98.298,29363,28863127150.0,71415,98.39,18,98.385,2,nan,0,nan,0,nan,0,nan,0,nan,0,nan,0,nan,0,nan,0
1597988281586552064,1597988281924999936,2020-08-21 13:38:01.925000,98.39,98.415,98.19,98.195,nan,98.298,29364,28864111050.0,71414,98.39,17,98.385,2,nan,0,nan,0,nan,0,nan,0,nan,0,nan,0,nan,0,nan,0
1597988282068292096,1597988282423000064,2020-08-21 13:38:02.423000,98.39,98.415,98.19,98.195,nan,98.298,29364,28864111050.0,71414,98.39,17,98.385,5,nan,0,nan,0,nan,0,nan,0,nan,0,nan,0,nan,0,nan,0
1597988282570568960,1597988282935000064,2020-08-21 13:38:02.935000,98.39,98.415,98.19,98.195,nan,98.298,29364,28864111050.0,71414,98.39,17,98.385,6,nan,0,nan,0,nan,0,nan,0,nan,0,nan,0,nan,0,nan,0
1597988283573192960,1597988283913000192,2020-08-21 13:38:03.913000,98.39,98.415,98.19,98.195,nan,98.298,29364,28864111050.0,71414,98.39,17,98.385,6,nan,0,nan,0,nan,0,nan,0,nan,0,nan,0,nan,0,nan,0
1597988284074273024,1597988284435000064,2020-08-21 13:38:04.435000,98.39,98.415,98.19,98.195,nan,98.298,29364,28864111050.0,71414,98.39,17,98.385,8,nan,0,nan,0,nan,0,nan,0,nan,0,nan,0,nan,0,nan,0
1597988284569648896,1597988284932000000,2020-08-21 13:38:04.932000,98.39,98.415,98.19,98.195,nan,98.298,29364,28864111050.0,71414,98.39,18,98.385,9,nan,0,nan,0,nan,0,nan,0,nan,0,nan,0,nan,0,nan,0
1597988285087621888,1597988285413000192,2020-08-21 13:38:05.413000,98.39,98.415,98.19,98.195,nan,98.298,29364,28864111050.0,71414,98.39,19,98.385,10,nan,0,nan,0,nan,0,nan,0,nan,0,nan,0,nan,0,nan,0
1597988286085133056,1597988286428000000,2020-08-21 13:38:06.428000,98.39,98.415,98.19,98.195,nan,98.298,29364,28864111050.0,71414,98.39,29,98.385,10,nan,0,nan,0,nan,0,nan,0,nan,0,nan,0,nan,0,nan,0
1597988287108283904,1597988287435000064,2020-08-21 13:38:07.435000,98.39,98.415,98.19,98.195,nan,98.298,29364,28864111050.0,71414,98.39,29,98.385,9,nan,0,nan,0,nan,0,nan,0,nan,0,nan,0,nan,0,nan,0
1597988287590034944,1597988287937999872,2020-08-21 13:38:07.938000,98.39,98.415,98.19,98.195,nan,98.298,29364,28864111050.0,71414,98.39,29,98.385,9,nan,0,nan,0,nan,0,nan,0,nan,0,nan,0,nan,0,nan,0
1597988288598893056,1597988288913000192,2020-08-21 13:38:08.913000,98.39,98.415,98.19,98.195,nan,98.298,29364,28864111050.0,71414,98.39,29,98.385,9,nan,0,nan,0,nan,0,nan,0,nan,0,nan,0,nan,0,nan,0
1597988290079036928,1597988290417999872,2020-08-21 13:38:10.418000,98.39,98.415,98.19,98.195,nan,98.298,29367,28867062750.0,71412,98.39,26,98.385,9,nan,0,nan,0,nan,0,nan,0,nan,0,nan,0,nan,0,nan,0
1597988290591578112,1597988290931000064,2020-08-21 13:38:10.931000,98.39,98.415,98.19,98.195,nan,98.298,29367,28867062750.0,71412,98.39,26,98.385,9,nan,0,nan,0,nan,0,nan,0,nan,0,nan,0,nan,0,nan,0
1597988291081552896,1597988291432000000,2020-08-21 13:38:11.432000,98.39,98.415,98.19,98.195,nan,98.298,29367,28867062750.0,71412,98.39,26,98.385,13,nan,0,nan,0,nan,0,nan,0,nan,0,nan,0,nan,0,nan,0
1597988291583181056,1597988291936000000,2020-08-21 13:38:11.936000,98.385,98.415,98.19,98.195,nan,98.298,29368,28868046600.0,71412,98.39,27,98.385,13,nan,0,nan,0,nan,0,nan,0,nan,0,nan,0,nan,0,nan,0
1597988292073486080,1597988292436999936,2020-08-21 13:38:12.437000,98.385,98.415,98.19,98.195,nan,98.298,29368,28868046600.0,71412,98.39,27,98.385,11,nan,0,nan,0,nan,0,nan,0,nan,0,nan,0,nan,0,nan,0
1597988292577216000,1597988292936000000,2020-08-21 13:38:12.936000,98.385,98.415,98.19,98.195,nan,98.298,29368,28868046600.0,71412,98.39,29,98.385,11,nan,0,nan,0,nan,0,nan,0,nan,0,nan,0,nan,0,nan,0
1597988293084660992,1597988293428000000,2020-08-21 13:38:13.428000,98.385,98.415,98.19,98.195,nan,98.298,29368,28868046600.0,71412,98.39,29,98.385,11,nan,0,nan,0,nan,0,nan,0,nan,0,nan,0,nan,0,nan,0
1597988294595621888,1597988294933000192,2020-08-21 13:38:14.933000,98.385,98.415,98.19,98.195,nan,98.298,29369,28869030450.0,71411,98.39,29,98.385,10,nan,0,nan,0,nan,0,nan,0,nan,0,nan,0,nan,0,nan,0
1597988295102568960,1597988295438999808,2020-08-21 13:38:15.439000,98.385,98.415,98.19,98.195,nan,98.298,29369,28869030450.0,71411,98.39,29,98.385,10,nan,0,nan,0,nan,0,nan,0,nan,0,nan,0,nan,0,nan,0
1597988295590781952,1597988295937999872,2020-08-21 13:38:15.938000,98.385,98.415,98.19,98.195,nan,98.298,29369,28869030450.0,71411,98.39,39,98.385,10,nan,0,nan,0,nan,0,nan,0,nan,0,nan,0,nan,0,nan,0
1597988296081576960,1597988296431000064,2020-08-21 13:38:16.431000,98.385,98.415,98.19,98.195,nan,98.298,29369,28869030450.0,71411,98.39,40,98.385,10,nan,0,nan,0,nan,0,nan,0,nan,0,nan,0,nan,0,nan,0
1597988296596837120,1597988296903000064,2020-08-21 13:38:16.903000,98.385,98.415,98.19,98.195,nan,98.298,29376,28875917400.0,71408,98.39,40,98.385,3,nan,0,nan,0,nan,0,nan,0,nan,0,nan,0,nan,0,nan,0
1597988297084912896,1597988297424999936,2020-08-21 13:38:17.425000,98.39,98.415,98.19,98.195,nan,98.298,29379,28878869100.0,71405,98.39,37,98.385,5,nan,0,nan,0,nan,0,nan,0,nan,0,nan,0,nan,0,nan,0
1597988297589669888,1597988297937999872,2020-08-21 13:38:17.938000,98.39,98.415,98.19,98.195,nan,98.298,29379,28878869100.0,71405,98.39,35,98.385,8,nan,0,nan,0,nan,0,nan,0,nan,0,nan,0,nan,0,nan,0
1597988298096228096,1597988298433000192,2020-08-21 13:38:18.433000,98.39,98.415,98.19,98.195,nan,98.298,29379,28878869100.0,71405,98.39,35,98.385,19,nan,0,nan,0,nan,0,nan,0,nan,0,nan,0,nan,0,nan,0
1597988298584920064,1597988298876000000,2020-08-21 13:38:18.876000,98.39,98.415,98.19,98.195,nan,98.298,29379,28878869100.0,71405,98.39,35,98.385,20,nan,0,nan,0,nan,0,nan,0,nan,0,nan,0,nan,0,nan,0
1597988299578617088,1597988299933000192,2020-08-21 13:38:19.933000,98.39,98.415,98.19,98.195,nan,98.298,29379,28878869100.0,71405,98.39,35,98.385,20,nan,0,nan,0,nan,0,nan,0,nan,0,nan,0,nan,0,nan,0
1597988300079485952,1597988300418999808,2020-08-21 13:38:20.419000,98.39,98.415,98.19,98.195,nan,98.298,29389,28888708100.0,71411,98.39,25,98.385,21,nan,0,nan,0,nan,0,nan,0,nan,0,nan,0,nan,0,nan,0
1597988300581561088,1597988300936999936,2020-08-21 13:38:20.937000,98.39,98.415,98.19,98.195,nan,98.298,29397,28896579300.0,71411,98.39,17,98.385,21,nan,0,nan,0,nan,0,nan,0,nan,0,nan,0,nan,0,nan,0
1597988301323444992,1597988301433000192,2020-08-21 13:38:21.433000,98.39,98.415,98.19,98.195,nan,98.298,29397,28896579300.0,71411,98.39,17,98.385,21,nan,0,nan,0,nan,0,nan,0,nan,0,nan,0,nan,0,nan,0
1597988301812237056,1597988301933000192,2020-08-21 13:38:21.933000,98.39,98.415,98.19,98.195,nan,98.298,29397,28896579300.0,71411,98.39,17,98.385,21,nan,0,nan,0,nan,0,nan,0,nan,0,nan,0,nan,0,nan,0
1597988302593455104,1597988302926000128,2020-08-21 13:38:22.926000,98.39,98.415,98.19,98.195,nan,98.298,29397,28896579300.0,71411,98.39,17,98.385,21,nan,0,nan,0,nan,0,nan,0,nan,0,nan,0,nan,0,nan,0
1597988304084422912,1597988304435000064,2020-08-21 13:38:24.435000,98.39,98.415,98.19,98.195,nan,98.298,29397,28896579300.0,71411,98.39,17,98.385,20,nan,0,nan,0,nan,0,nan,0,nan,0,nan,0,nan,0,nan,0
1597988304582776064,1597988304928999936,2020-08-21 13:38:24.929000,98.385,98.415,98.19,98.195,nan,98.298,29415,28914288600.0,71410,98.39,21,98.385,4,nan,0,nan,0,nan,0,nan,0,nan,0,nan,0,nan,0,nan,0
1597988305086196992,1597988305433000192,2020-08-21 13:38:25.433000,98.385,98.415,98.19,98.195,nan,98.298,29419,28918224000.0,71413,98.385,1,98.38,29,nan,0,nan,0,nan,0,nan,0,nan,0,nan,0,nan,0,nan,0
1597988305594160896,1597988305936999936,2020-08-21 13:38:25.937000,98.38,98.415,98.19,98.195,nan,98.298,29440,28938883950.0,71407,98.385,7,98.38,13,nan,0,nan,0,nan,0,nan,0,nan,0,nan,0,nan,0,nan,0
1597988306090300928,1597988306417999872,2020-08-21 13:38:26.418000,98.38,98.415,98.19,98.195,nan,98.298,29444,28942819150.0,71407,98.385,12,98.38,10,nan,0,nan,0,nan,0,nan,0,nan,0,nan,0,nan,0,nan,0
1597988306598085120,1597988306932000000,2020-08-21 13:38:26.932000,98.385,98.415,98.19,98.195,nan,98.298,29450,28948722250.0,71407,98.385,6,98.38,12,nan,0,nan,0,nan,0,nan,0,nan,0,nan,0,nan,0,nan,0
1597988307080955904,1597988307413000192,2020-08-21 13:38:27.413000,98.385,98.415,98.19,98.195,nan,98.298,29450,28948722250.0,71407,98.385,4,98.38,12,nan,0,nan,0,nan,0,nan,0,nan,0,nan,0,nan,0,nan,0
1597988307585565952,1597988307923000064,2020-08-21 13:38:27.923000,98.385,98.415,98.19,98.195,nan,98.298,29450,28948722250.0,71407,98.385,7,98.38,14,nan,0,nan,0,nan,0,nan,0,nan,0,nan,0,nan,0,nan,0
1597988310091896064,1597988310433000192,2020-08-21 13:38:30.433000,98.385,98.415,98.19,98.195,nan,98.298,29450,28948722250.0,71407,98.385,7,98.38,14,nan,0,nan,0,nan,0,nan,0,nan,0,nan,0,nan,0,nan,0
1597988310584971008,1597988310916000000,2020-08-21 13:38:30.916000,98.38,98.415,98.19,98.195,nan,98.298,29451,28949706050.0,71407,98.385,7,98.38,13,nan,0,nan,0,nan,0,nan,0,nan,0,nan,0,nan,0,nan,0
1597988311088620032,1597988311407000064,2020-08-21 13:38:31.407000,98.38,98.415,98.19,98.195,nan,98.298,29451,28949706050.0,71407,98.385,7,98.38,11,nan,0,nan,0,nan,0,nan,0,nan,0,nan,0,nan,0,nan,0
1597988311600764928,1597988311936000000,2020-08-21 13:38:31.936000,98.38,98.415,98.19,98.195,nan,98.298,29451,28949706050.0,71407,98.385,10,98.38,9,nan,0,nan,0,nan,0,nan,0,nan,0,nan,0,nan,0,nan,0
1597988313083564032,1597988313424000000,2020-08-21 13:38:33.424000,98.38,98.415,98.19,98.195,nan,98.298,29451,28949706050.0,71407,98.385,10,98.38,9,nan,0,nan,0,nan,0,nan,0,nan,0,nan,0,nan,0,nan,0
1597988313594009088,1597988313927000064,2020-08-21 13:38:33.927000,98.38,98.415,98.19,98.195,nan,98.298,29451,28949706050.0,71407,98.385,11,98.38,9,nan,0,nan,0,nan,0,nan,0,nan,0,nan,0,nan,0,nan,0
1597988314086454016,1597988314420999936,2020-08-21 13:38:34.421000,98.38,98.415,98.19,98.195,nan,98.298,29451,28949706050.0,71407,98.385,12,98.38,9,nan,0,nan,0,nan,0,nan,0,nan,0,nan,0,nan,0,nan,0
1597988314589181952,1597988314897000192,2020-08-21 13:38:34.897000,98.38,98.415,98.19,98.195,nan,98.298,29451,28949706050.0,71407,98.385,12,98.38,10,nan,0,nan,0,nan,0,nan,0,nan,0,nan,0,nan,0,nan,0
1597988315087162880,1597988315403000064,2020-08-21 13:38:35.403000,98.38,98.415,98.19,98.195,nan,98.298,29452,28950689850.0,71407,98.385,12,98.38,9,nan,0,nan,0,nan,0,nan,0,nan,0,nan,0,nan,0,nan,0
1597988315611809024,1597988315878000128,2020-08-21 13:38:35.878000,98.38,98.415,98.19,98.195,nan,98.298,29452,28950689850.0,71407,98.385,22,98.38,9,nan,0,nan,0,nan,0,nan,0,nan,0,nan,0,nan,0,nan,0
1597988316088372992,1597988316420000000,2020-08-21 13:38:36.420000,98.38,98.415,98.19,98.195,nan,98.298,29452,28950689850.0,71407,98.385,22,98.38,10,nan,0,nan,0,nan,0,nan,0,nan,0,nan,0,nan,0,nan,0
1597988316589940992,1597988316920999936,2020-08-21 13:38:36.921000,98.38,98.415,98.19,98.195,nan,98.298,29452,28950689850.0,71407,98.385,22,98.38,10,nan,0,nan,0,nan,0,nan,0,nan,0,nan,0,nan,0,nan,0
1597988317092942080,1597988317431000064,2020-08-21 13:38:37.431000,98.385,98.415,98.19,98.195,nan,98.298,29453,28951673700.0,71407,98.385,21,98.38,12,nan,0,nan,0,nan,0,nan,0,nan,0,nan,0,nan,0,nan,0
1597988317589769984,1597988317900999936,2020-08-21 13:38:37.901000,98.385,98.415,98.19,98.195,nan,98.298,29453,28951673700.0,71407,98.385,19,98.38,12,nan,0,nan,0,nan,0,nan,0,nan,0,nan,0,nan,0,nan,0
1597988318098964992,1597988318426000128,2020-08-21 13:38:38.426000,98.395,98.415,98.19,98.195,nan,98.298,29503,29000868000.0,71430,98.395,60,98.385,4,nan,0,nan,0,nan,0,nan,0,nan,0,nan,0,nan,0,nan,0
1597988318593137920,1597988318931000064,2020-08-21 13:38:38.931000,98.385,98.415,98.19,98.195,nan,98.298,29504,29001851850.0,71429,98.39,3,98.385,11,nan,0,nan,0,nan,0,nan,0,nan,0,nan,0,nan,0,nan,0
1597988319096336896,1597988319404000000,2020-08-21 13:38:39.404000,98.385,98.415,98.19,98.195,nan,98.298,29508,29005787250.0,71428,98.39,3,98.385,9,nan,0,nan,0,nan,0,nan,0,nan,0,nan,0,nan,0,nan,0
1597988319606393088,1597988319927000064,2020-08-21 13:38:39.927000,98.385,98.415,98.19,98.195,nan,98.298,29509,29006771100.0,71429,98.39,9,98.385,6,nan,0,nan,0,nan,0,nan,0,nan,0,nan,0,nan,0,nan,0
1597988320088491008,1597988320428999936,2020-08-21 13:38:40.429000,98.385,98.415,98.19,98.195,nan,98.298,29515,29012674200.0,71426,98.39,11,98.38,18,nan,0,nan,0,nan,0,nan,0,nan,0,nan,0,nan,0,nan,0
1597988320635580928,1597988320934000128,2020-08-21 13:38:40.934000,98.385,98.415,98.19,98.195,nan,98.298,29515,29012674200.0,71426,98.39,14,98.38,18,nan,0,nan,0,nan,0,nan,0,nan,0,nan,0,nan,0,nan,0
1597988321090912000,1597988321436999936,2020-08-21 13:38:41.437000,98.385,98.415,98.19,98.195,nan,98.298,29515,29012674200.0,71426,98.39,14,98.38,18,nan,0,nan,0,nan,0,nan,0,nan,0,nan,0,nan,0,nan,0
1597988321609957120,1597988321938999808,2020-08-21 13:38:41.939000,98.39,98.415,98.19,98.195,nan,98.298,29518,29015625800.0,71424,98.39,13,98.385,5,nan,0,nan,0,nan,0,nan,0,nan,0,nan,0,nan,0,nan,0
1597988322093211904,1597988322426000128,2020-08-21 13:38:42.426000,98.39,98.415,98.19,98.195,nan,98.298,29518,29015625800.0,71424,98.39,13,98.385,5,nan,0,nan,0,nan,0,nan,0,nan,0,nan,0,nan,0,nan,0
1597988322602759936,1597988322928999936,2020-08-21 13:38:42.929000,98.39,98.415,98.19,98.195,nan,98.298,29518,29015625800.0,71424,98.39,13,98.385,8,nan,0,nan,0,nan,0,nan,0,nan,0,nan,0,nan,0,nan,0
1597988323091555072,1597988323428999936,2020-08-21 13:38:43.429000,98.39,98.415,98.19,98.195,nan,98.298,29518,29015625800.0,71424,98.39,13,98.385,8,nan,0,nan,0,nan,0,nan,0,nan,0,nan,0,nan,0,nan,0
1597988324091365120,1597988324424999936,2020-08-21 13:38:44.425000,98.385,98.415,98.19,98.195,nan,98.298,29519,29016609650.0,71425,98.39,13,98.385,7,nan,0,nan,0,nan,0,nan,0,nan,0,nan,0,nan,0,nan,0
1597988324599618048,1597988324895000064,2020-08-21 13:38:44.895000,98.39,98.415,98.19,98.195,nan,98.298,29522,29019561350.0,71423,98.39,11,98.385,7,nan,0,nan,0,nan,0,nan,0,nan,0,nan,0,nan,0,nan,0
1597988325108259072,1597988325424000000,2020-08-21 13:38:45.424000,98.39,98.415,98.19,98.195,nan,98.298,29522,29019561350.0,71423,98.39,11,98.385,20,nan,0,nan,0,nan,0,nan,0,nan,0,nan,0,nan,0,nan,0
1597988326597785088,1597988326921999872,2020-08-21 13:38:46.922000,98.39,98.415,98.19,98.195,nan,98.298,29522,29019561350.0,71423,98.39,11,98.385,20,nan,0,nan,0,nan,0,nan,0,nan,0,nan,0,nan,0,nan,0
1597988327087398912,1597988327434000128,2020-08-21 13:38:47.434000,98.39,98.415,98.19,98.195,nan,98.298,29522,29019561350.0,71423,98.39,11,98.385,22,nan,0,nan,0,nan,0,nan,0,nan,0,nan,0,nan,0,nan,0
1597988327605363968,1597988327936999936,2020-08-21 13:38:47.937000,98.39,98.415,98.19,98.195,nan,98.298,29525,29022513050.0,71422,98.39,8,98.385,22,nan,0,nan,0,nan,0,nan,0,nan,0,nan,0,nan,0,nan,0
1597988328099493120,1597988328431000064,2020-08-21 13:38:48.431000,98.385,98.415,98.19,98.195,nan,98.298,29526,29023496900.0,71422,98.39,8,98.385,21,nan,0,nan,0,nan,0,nan,0,nan,0,nan,0,nan,0,nan,0
1597988328607250944,1597988328881999872,2020-08-21 13:38:48.882000,98.385,98.415,98.19,98.195,nan,98.298,29526,29023496900.0,71422,98.39,8,98.385,19,nan,0,nan,0,nan,0,nan,0,nan,0,nan,0,nan,0,nan,0
1597988329128472064,1597988329400000000,2020-08-21 13:38:49.400000,98.385,98.415,98.19,98.195,nan,98.298,29526,29023496900.0,71422,98.39,11,98.385,19,nan,0,nan,0,nan,0,nan,0,nan,0,nan,0,nan,0,nan,0
1597988329607432960,1597988329930000128,2020-08-21 13:38:49.930000,98.39,98.415,98.19,98.195,nan,98.298,29529,29026448600.0,71420,98.39,8,98.385,20,nan,0,nan,0,nan,0,nan,0,nan,0,nan,0,nan,0,nan,0
1597988330097939968,1597988330434000128,2020-08-21 13:38:50.434000,98.39,98.415,98.19,98.195,nan,98.298,29529,29026448600.0,71420,98.39,6,98.385,20,nan,0,nan,0,nan,0,nan,0,nan,0,nan,0,nan,0,nan,0
1597988330594297088,1597988330931000064,2020-08-21 13:38:50.931000,98.39,98.415,98.19,98.195,nan,98.298,29529,29026448600.0,71420,98.39,6,98.385,23,nan,0,nan,0,nan,0,nan,0,nan,0,nan,0,nan,0,nan,0
1597988331102822912,1597988331408000000,2020-08-21 13:38:51.408000,98.39,98.415,98.19,98.195,nan,98.298,29529,29026448600.0,71420,98.39,6,98.385,24,nan,0,nan,0,nan,0,nan,0,nan,0,nan,0,nan,0,nan,0
1597988333111811072,1597988333436000000,2020-08-21 13:38:53.436000,98.39,98.415,98.19,98.195,nan,98.298,29530,29027432500.0,71421,98.39,15,98.385,24,nan,0,nan,0,nan,0,nan,0,nan,0,nan,0,nan,0,nan,0
1597988333640950016,1597988333913000192,2020-08-21 13:38:53.913000,98.39,98.415,98.19,98.195,nan,98.298,29530,29027432500.0,71421,98.39,15,98.385,24,nan,0,nan,0,nan,0,nan,0,nan,0,nan,0,nan,0,nan,0
1597988334600080896,1597988334927000064,2020-08-21 13:38:54.927000,98.39,98.415,98.19,98.195,nan,98.298,29530,29027432500.0,71421,98.39,15,98.385,24,nan,0,nan,0,nan,0,nan,0,nan,0,nan,0,nan,0,nan,0
1597988335094839040,1597988335376000000,2020-08-21 13:38:55.376000,98.39,98.415,98.19,98.195,nan,98.298,29530,29027432500.0,71421,98.39,15,98.385,25,nan,0,nan,0,nan,0,nan,0,nan,0,nan,0,nan,0,nan,0
1597988336597899008,1597988336936999936,2020-08-21 13:38:56.937000,98.39,98.415,98.19,98.195,nan,98.298,29530,29027432500.0,71421,98.39,15,98.385,25,nan,0,nan,0,nan,0,nan,0,nan,0,nan,0,nan,0,nan,0
1597988337112019968,1597988337416999936,2020-08-21 13:38:57.417000,98.39,98.415,98.19,98.195,nan,98.298,29531,29028416400.0,71422,98.39,14,98.385,25,nan,0,nan,0,nan,0,nan,0,nan,0,nan,0,nan,0,nan,0
1597988337600443904,1597988337934000128,2020-08-21 13:38:57.934000,98.39,98.415,98.19,98.195,nan,98.298,29532,29029400300.0,71422,98.39,13,98.385,25,nan,0,nan,0,nan,0,nan,0,nan,0,nan,0,nan,0,nan,0
1597988338103397888,1597988338428000000,2020-08-21 13:38:58.428000,98.385,98.415,98.19,98.195,nan,98.298,29533,29030384150.0,71422,98.39,23,98.385,24,nan,0,nan,0,nan,0,nan,0,nan,0,nan,0,nan,0,nan,0
1597988338611132928,1597988338928999936,2020-08-21 13:38:58.929000,98.385,98.415,98.19,98.195,nan,98.298,29533,29030384150.0,71422,98.39,23,98.385,23,nan,0,nan,0,nan,0,nan,0,nan,0,nan,0,nan,0,nan,0
1597988339182329088,1597988339424000000,2020-08-21 13:38:59.424000,98.385,98.415,98.19,98.195,nan,98.298,29533,29030384150.0,71422,98.39,25,98.385,23,nan,0,nan,0,nan,0,nan,0,nan,0,nan,0,nan,0,nan,0
1597988339611537920,1597988339934000128,2020-08-21 13:38:59.934000,98.385,98.415,98.19,98.195,nan,98.298,29533,29030384150.0,71422,98.39,26,98.385,23,nan,0,nan,0,nan,0,nan,0,nan,0,nan,0,nan,0,nan,0
1597988340611409920,1597988340924000000,2020-08-21 13:39:00.924000,98.385,98.415,98.19,98.195,nan,98.298,29533,29030384150.0,71422,98.39,26,98.385,23,nan,0,nan,0,nan,0,nan,0,nan,0,nan,0,nan,0,nan,0
1597988341139412992,1597988341415000064,2020-08-21 13:39:01.415000,98.385,98.415,98.19,98.195,nan,98.298,29534,29031368000.0,71423,98.39,26,98.385,22,nan,0,nan,0,nan,0,nan,0,nan,0,nan,0,nan,0,nan,0
1597988342116506880,1597988342410000128,2020-08-21 13:39:02.410000,98.39,98.415,98.19,98.195,nan,98.298,29535,29032351900.0,71422,98.39,25,98.385,22,nan,0,nan,0,nan,0,nan,0,nan,0,nan,0,nan,0,nan,0
1597988342606349056,1597988342924999936,2020-08-21 13:39:02.925000,98.39,98.415,98.19,98.195,nan,98.298,29535,29032351900.0,71422,98.39,23,98.385,22,nan,0,nan,0,nan,0,nan,0,nan,0,nan,0,nan,0,nan,0
1597988343105286912,1597988343435000064,2020-08-21 13:39:03.435000,98.39,98.415,98.19,98.195,nan,98.298,29535,29032351900.0,71422,98.39,23,98.385,24,nan,0,nan,0,nan,0,nan,0,nan,0,nan,0,nan,0,nan,0
1597988344103012096,1597988344374000128,2020-08-21 13:39:04.374000,98.39,98.415,98.19,98.195,nan,98.298,29535,29032351900.0,71422,98.39,23,98.385,24,nan,0,nan,0,nan,0,nan,0,nan,0,nan,0,nan,0,nan,0
1597988345108267008,1597988345416999936,2020-08-21 13:39:05.417000,98.385,98.415,98.19,98.195,nan,98.298,29540,29037271150.0,71426,98.39,26,98.385,18,nan,0,nan,0,nan,0,nan,0,nan,0,nan,0,nan,0,nan,0
1597988345611483904,1597988345923000064,2020-08-21 13:39:05.923000,98.385,98.415,98.19,98.195,nan,98.298,29558,29054980450.0,71433,98.39,32,98.38,20,nan,0,nan,0,nan,0,nan,0,nan,0,nan,0,nan,0,nan,0
1597988346121859072,1597988346420999936,2020-08-21 13:39:06.421000,98.385,98.415,98.19,98.195,nan,98.298,29560,29056948150.0,71433,98.39,27,98.385,5,nan,0,nan,0,nan,0,nan,0,nan,0,nan,0,nan,0,nan,0
1597988346612590080,1597988346920000000,2020-08-21 13:39:06.920000,98.385,98.415,98.19,98.195,nan,98.298,29560,29056948150.0,71433,98.39,28,98.385,5,nan,0,nan,0,nan,0,nan,0,nan,0,nan,0,nan,0,nan,0
1597988347374814976,1597988347420999936,2020-08-21 13:39:07.421000,98.385,98.415,98.19,98.195,nan,98.298,29560,29056948150.0,71433,98.39,28,98.385,7,nan,0,nan,0,nan,0,nan,0,nan,0,nan,0,nan,0,nan,0
1597988347614320128,1597988347923000064,2020-08-21 13:39:07.923000,98.385,98.415,98.19,98.195,nan,98.298,29560,29056948150.0,71433,98.39,32,98.385,7,nan,0,nan,0,nan,0,nan,0,nan,0,nan,0,nan,0,nan,0
1597988348141457920,1597988348430000128,2020-08-21 13:39:08.430000,98.385,98.415,98.19,98.195,nan,98.298,29560,29056948150.0,71433,98.39,32,98.385,7,nan,0,nan,0,nan,0,nan,0,nan,0,nan,0,nan,0,nan,0
1597988348608931072,1597988348932000000,2020-08-21 13:39:08.932000,98.385,98.415,98.19,98.195,nan,98.298,29561,29057932000.0,71433,98.39,32,98.385,6,nan,0,nan,0,nan,0,nan,0,nan,0,nan,0,nan,0,nan,0
1597988349121783040,1597988349437999872,2020-08-21 13:39:09.438000,98.385,98.415,98.19,98.195,nan,98.298,29567,29063835100.0,71433,98.39,32,98.38,20,nan,0,nan,0,nan,0,nan,0,nan,0,nan,0,nan,0,nan,0
1597988349622792960,1597988349898000128,2020-08-21 13:39:09.898000,98.385,98.415,98.19,98.195,nan,98.298,29567,29063835100.0,71433,98.39,32,98.38,20,nan,0,nan,0,nan,0,nan,0,nan,0,nan,0,nan,0,nan,0
1597988350096641024,1597988350412000000,2020-08-21 13:39:10.412000,98.385,98.415,98.19,98.195,nan,98.298,29567,29063835100.0,71433,98.39,32,98.38,20,nan,0,nan,0,nan,0,nan,0,nan,0,nan,0,nan,0,nan,0
1597988350619209984,1597988350888000000,2020-08-21 13:39:10.888000,98.39,98.415,98.19,98.195,nan,98.298,29568,29064819000.0,71432,98.39,31,98.38,20,nan,0,nan,0,nan,0,nan,0,nan,0,nan,0,nan,0,nan,0
1597988351117057024,1597988351423000064,2020-08-21 13:39:11.423000,98.39,98.415,98.19,98.195,nan,98.298,29568,29064819000.0,71432,98.39,29,98.38,19,nan,0,nan,0,nan,0,nan,0,nan,0,nan,0,nan,0,nan,0
1597988351652828928,1597988351935000064,2020-08-21 13:39:11.935000,98.39,98.415,98.19,98.195,nan,98.298,29568,29064819000.0,71432,98.39,29,98.38,21,nan,0,nan,0,nan,0,nan,0,nan,0,nan,0,nan,0,nan,0
1597988352107684096,1597988352436999936,2020-08-21 13:39:12.437000,98.39,98.415,98.19,98.195,nan,98.298,29568,29064819000.0,71432,98.385,3,98.38,21,nan,0,nan,0,nan,0,nan,0,nan,0,nan,0,nan,0,nan,0
1597988352611265024,1597988352927000064,2020-08-21 13:39:12.927000,98.39,98.415,98.19,98.195,nan,98.298,29568,29064819000.0,71432,98.385,5,98.38,21,nan,0,nan,0,nan,0,nan,0,nan,0,nan,0,nan,0,nan,0
1597988353130695936,1597988353404999936,2020-08-21 13:39:13.405000,98.39,98.415,98.19,98.195,nan,98.298,29568,29064819000.0,71432,98.385,5,98.38,21,nan,0,nan,0,nan,0,nan,0,nan,0,nan,0,nan,0,nan,0
1597988353631077888,1597988353924999936,2020-08-21 13:39:13.925000,98.39,98.415,98.19,98.195,nan,98.298,29568,29064819000.0,71432,98.385,6,98.38,25,nan,0,nan,0,nan,0,nan,0,nan,0,nan,0,nan,0,nan,0
1597988354105251072,1597988354382999808,2020-08-21 13:39:14.383000,98.39,98.415,98.19,98.195,nan,98.298,29568,29064819000.0,71432,98.385,6,98.38,28,nan,0,nan,0,nan,0,nan,0,nan,0,nan,0,nan,0,nan,0
1597988354606732032,1597988354903000064,2020-08-21 13:39:14.903000,98.39,98.415,98.19,98.195,nan,98.298,29568,29064819000.0,71432,98.385,6,98.38,28,nan,0,nan,0,nan,0,nan,0,nan,0,nan,0,nan,0,nan,0
1597988355122676992,1597988355434000128,2020-08-21 13:39:15.434000,98.38,98.415,98.19,98.195,nan,98.298,29600,29096300800.0,71453,98.38,22,98.375,42,nan,0,nan,0,nan,0,nan,0,nan,0,nan,0,nan,0,nan,0
1597988355630003968,1597988355934000128,2020-08-21 13:39:15.934000,98.38,98.415,98.19,98.195,nan,98.298,29606,29102203600.0,71453,98.38,71,98.375,32,nan,0,nan,0,nan,0,nan,0,nan,0,nan,0,nan,0,nan,0
1597988356123302912,1597988356436000000,2020-08-21 13:39:16.436000,98.38,98.415,98.19,98.195,nan,98.298,29606,29102203600.0,71453,98.38,73,98.375,26,nan,0,nan,0,nan,0,nan,0,nan,0,nan,0,nan,0,nan,0
1597988356629221888,1597988356924999936,2020-08-21 13:39:16.925000,98.38,98.415,98.19,98.195,nan,98.298,29606,29102203600.0,71453,98.38,73,98.375,26,nan,0,nan,0,nan,0,nan,0,nan,0,nan,0,nan,0,nan,0
1597988357129125120,1597988357430000128,2020-08-21 13:39:17.430000,98.38,98.415,98.19,98.195,nan,98.298,29606,29102203600.0,71453,98.38,73,98.375,25,nan,0,nan,0,nan,0,nan,0,nan,0,nan,0,nan,0,nan,0
1597988357629122048,1597988357931000064,2020-08-21 13:39:17.931000,98.38,98.415,98.19,98.195,nan,98.298,29606,29102203600.0,71453,98.38,73,98.375,25,nan,0,nan,0,nan,0,nan,0,nan,0,nan,0,nan,0,nan,0
1597988358112688896,1597988358344000000,2020-08-21 13:39:18.344000,98.38,98.415,98.19,98.195,nan,98.298,29606,29102203600.0,71453,98.38,73,98.375,25,nan,0,nan,0,nan,0,nan,0,nan,0,nan,0,nan,0,nan,0
1597988358613648896,1597988358920000000,2020-08-21 13:39:18.920000,98.38,98.415,98.19,98.195,nan,98.298,29606,29102203600.0,71453,98.38,73,98.375,25,nan,0,nan,0,nan,0,nan,0,nan,0,nan,0,nan,0,nan,0
1597988359637260032,1597988359923000064,2020-08-21 13:39:19.923000,98.38,98.415,98.19,98.195,nan,98.298,29606,29102203600.0,71453,98.38,73,98.375,25,nan,0,nan,0,nan,0,nan,0,nan,0,nan,0,nan,0,nan,0
1597988361111158016,1597988361430000128,2020-08-21 13:39:21.430000,98.375,98.415,98.19,98.195,nan,98.298,29607,29103187350.0,71454,98.38,73,98.375,24,nan,0,nan,0,nan,0,nan,0,nan,0,nan,0,nan,0,nan,0
1597988361608780032,1597988361904000000,2020-08-21 13:39:21.904000,98.375,98.415,98.19,98.195,nan,98.298,29608,29104171100.0,71454,98.38,75,98.375,23,nan,0,nan,0,nan,0,nan,0,nan,0,nan,0,nan,0,nan,0
1597988362110974976,1597988362424999936,2020-08-21 13:39:22.425000,98.375,98.415,98.19,98.195,nan,98.298,29608,29104171100.0,71454,98.38,75,98.375,23,nan,0,nan,0,nan,0,nan,0,nan,0,nan,0,nan,0,nan,0
1597988363124282112,1597988363433000192,2020-08-21 13:39:23.433000,98.375,98.415,98.19,98.195,nan,98.298,29608,29104171100.0,71454,98.38,75,98.375,24,nan,0,nan,0,nan,0,nan,0,nan,0,nan,0,nan,0,nan,0
1597988363645253120,1597988363923000064,2020-08-21 13:39:23.923000,98.375,98.415,98.19,98.195,nan,98.298,29608,29104171100.0,71454,98.38,75,98.375,24,nan,0,nan,0,nan,0,nan,0,nan,0,nan,0,nan,0,nan,0
1597988364636527104,1597988364924999936,2020-08-21 13:39:24.925000,98.38,98.415,98.19,98.195,nan,98.298,29609,29105154900.0,71455,98.38,74,98.375,24,nan,0,nan,0,nan,0,nan,0,nan,0,nan,0,nan,0,nan,0
1597988365119561984,1597988365427000064,2020-08-21 13:39:25.427000,98.38,98.415,98.19,98.195,nan,98.298,29609,29105154900.0,71455,98.38,72,98.375,24,nan,0,nan,0,nan,0,nan,0,nan,0,nan,0,nan,0,nan,0
1597988365630151936,1597988365927000064,2020-08-21 13:39:25.927000,98.38,98.415,98.19,98.195,nan,98.298,29609,29105154900.0,71455,98.38,72,98.375,26,nan,0,nan,0,nan,0,nan,0,nan,0,nan,0,nan,0,nan,0
1597988366650075904,1597988366920000000,2020-08-21 13:39:26.920000,98.38,98.415,98.19,98.195,nan,98.298,29610,29106138700.0,71455,98.38,71,98.375,26,nan,0,nan,0,nan,0,nan,0,nan,0,nan,0,nan,0,nan,0
1597988367175169024,1597988367416000000,2020-08-21 13:39:27.416000,98.38,98.415,98.19,98.195,nan,98.298,29610,29106138700.0,71455,98.38,72,98.375,26,nan,0,nan,0,nan,0,nan,0,nan,0,nan,0,nan,0,nan,0
1597988368110727936,1597988368420999936,2020-08-21 13:39:28.421000,98.38,98.415,98.19,98.195,nan,98.298,29610,29106138700.0,71455,98.38,72,98.375,27,nan,0,nan,0,nan,0,nan,0,nan,0,nan,0,nan,0,nan,0
1597988369624627968,1597988369829999872,2020-08-21 13:39:29.830000,98.38,98.415,98.19,98.195,nan,98.298,29610,29106138700.0,71455,98.38,72,98.375,27,nan,0,nan,0,nan,0,nan,0,nan,0,nan,0,nan,0,nan,0
1597988370123977984,1597988370428999936,2020-08-21 13:39:30.429000,98.38,98.415,98.19,98.195,nan,98.298,29610,29106138700.0,71455,98.38,72,98.375,27,nan,0,nan,0,nan,0,nan,0,nan,0,nan,0,nan,0,nan,0
1597988370648178944,1597988370926000128,2020-08-21 13:39:30.926000,98.38,98.415,98.19,98.195,nan,98.298,29610,29106138700.0,71455,98.38,72,98.375,27,nan,0,nan,0,nan,0,nan,0,nan,0,nan,0,nan,0,nan,0
1597988372128829952,1597988372426000128,2020-08-21 13:39:32.426000,98.38,98.415,98.19,98.195,nan,98.298,29610,29106138700.0,71455,98.38,72,98.375,27,nan,0,nan,0,nan,0,nan,0,nan,0,nan,0,nan,0,nan,0
1597988372618021120,1597988372927000064,2020-08-21 13:39:32.927000,98.38,98.415,98.19,98.195,nan,98.298,29610,29106138700.0,71455,98.38,72,98.375,27,nan,0,nan,0,nan,0,nan,0,nan,0,nan,0,nan,0,nan,0
1597988373114738944,1597988373426000128,2020-08-21 13:39:33.426000,98.375,98.415,98.19,98.195,nan,98.298,29623,29118927450.0,71461,98.38,74,98.375,11,nan,0,nan,0,nan,0,nan,0,nan,0,nan,0,nan,0,nan,0
1597988373628555008,1597988373934000128,2020-08-21 13:39:33.934000,98.38,98.415,98.19,98.195,nan,98.298,29634,29129748950.0,71466,98.38,69,98.375,3,nan,0,nan,0,nan,0,nan,0,nan,0,nan,0,nan,0,nan,0
1597988374134210048,1597988374433000192,2020-08-21 13:39:34.433000,98.38,98.415,98.19,98.195,nan,98.298,29634,29129748950.0,71466,98.38,68,98.375,5,nan,0,nan,0,nan,0,nan,0,nan,0,nan,0,nan,0,nan,0
1597988374689924096,1597988374936999936,2020-08-21 13:39:34.937000,98.38,98.415,98.19,98.195,nan,98.298,29634,29129748950.0,71466,98.38,68,98.375,5,nan,0,nan,0,nan,0,nan,0,nan,0,nan,0,nan,0,nan,0
1597988375646967040,1597988375897000192,2020-08-21 13:39:35.897000,98.38,98.415,98.19,98.195,nan,98.298,29634,29129748950.0,71466,98.38,68,98.375,5,nan,0,nan,0,nan,0,nan,0,nan,0,nan,0,nan,0,nan,0
1597988376125315072,1597988376411000064,2020-08-21 13:39:36.411000,98.38,98.415,98.19,98.195,nan,98.298,29634,29129748950.0,71466,98.38,18,98.375,5,nan,0,nan,0,nan,0,nan,0,nan,0,nan,0,nan,0,nan,0
1597988376642675968,1597988376935000064,2020-08-21 13:39:36.935000,98.38,98.415,98.19,98.195,nan,98.298,29634,29129748950.0,71466,98.38,18,98.375,12,nan,0,nan,0,nan,0,nan,0,nan,0,nan,0,nan,0,nan,0
1597988377149707008,1597988377420999936,2020-08-21 13:39:37.421000,98.38,98.415,98.19,98.195,nan,98.298,29653,29148441150.0,71470,98.385,7,98.38,9,nan,0,nan,0,nan,0,nan,0,nan,0,nan,0,nan,0,nan,0
1597988377642652928,1597988377936000000,2020-08-21 13:39:37.936000,98.38,98.415,98.19,98.195,nan,98.298,29663,29158279150.0,71476,98.385,8,98.38,3,nan,0,nan,0,nan,0,nan,0,nan,0,nan,0,nan,0,nan,0
1597988378140858112,1597988378437999872,2020-08-21 13:39:38.438000,98.38,98.415,98.19,98.195,nan,98.298,29666,29161230550.0,71476,98.385,10,98.38,2,nan,0,nan,0,nan,0,nan,0,nan,0,nan,0,nan,0,nan,0
1597988378634886912,1597988378920999936,2020-08-21 13:39:38.921000,98.385,98.415,98.19,98.195,nan,98.299,29669,29164182000.0,71477,98.385,12,98.38,2,nan,0,nan,0,nan,0,nan,0,nan,0,nan,0,nan,0,nan,0
1597988379130521088,1597988379394000128,2020-08-21 13:39:39.394000,98.385,98.415,98.19,98.195,nan,98.299,29669,29164182000.0,71477,98.385,13,98.38,1,nan,0,nan,0,nan,0,nan,0,nan,0,nan,0,nan,0,nan,0
1597988379635816960,1597988379928000000,2020-08-21 13:39:39.928000,98.38,98.415,98.19,98.195,nan,98.299,29670,29165165800.0,71478,98.385,12,98.38,2,nan,0,nan,0,nan,0,nan,0,nan,0,nan,0,nan,0,nan,0
1597988380147506944,1597988380382999808,2020-08-21 13:39:40.383000,98.38,98.415,98.19,98.195,nan,98.299,29671,29166149600.0,71478,98.385,13,98.375,17,nan,0,nan,0,nan,0,nan,0,nan,0,nan,0,nan,0,nan,0
1597988380657197056,1597988380934000128,2020-08-21 13:39:40.934000,98.38,98.415,98.19,98.195,nan,98.299,29671,29166149600.0,71478,98.385,15,98.375,17,nan,0,nan,0,nan,0,nan,0,nan,0,nan,0,nan,0,nan,0
1597988381165303040,1597988381719000064,2020-08-21 13:39:41.719000,98.38,98.415,98.19,98.195,nan,98.299,29671,29166149600.0,71478,98.385,15,98.38,10,nan,0,nan,0,nan,0,nan,0,nan,0,nan,0,nan,0,nan,0
1597988381647901952,1597988382240999936,2020-08-21 13:39:42.241000,98.38,98.415,98.19,98.195,nan,98.299,29671,29166149600.0,71478,98.385,15,98.38,11,nan,0,nan,0,nan,0,nan,0,nan,0,nan,0,nan,0,nan,0
1597988382152884992,1597988382732000000,2020-08-21 13:39:42.732000,98.38,98.415,98.19,98.195,nan,98.299,29671,29166149600.0,71478,98.385,15,98.38,11,nan,0,nan,0,nan,0,nan,0,nan,0,nan,0,nan,0,nan,0
1597988382643017984,1597988382921999872,2020-08-21 13:39:42.922000,98.38,98.415,98.19,98.195,nan,98.299,29671,29166149600.0,71478,98.385,15,98.38,11,nan,0,nan,0,nan,0,nan,0,nan,0,nan,0,nan,0,nan,0
1597988383132015104,1597988383423000064,2020-08-21 13:39:43.423000,98.38,98.415,98.19,98.195,nan,98.299,29671,29166149600.0,71478,98.385,15,98.38,11,nan,0,nan,0,nan,0,nan,0,nan,0,nan,0,nan,0,nan,0
1597988383638255104,1597988383916000000,2020-08-21 13:39:43.916000,98.38,98.415,98.19,98.195,nan,98.299,29671,29166149600.0,71478,98.385,15,98.38,11,nan,0,nan,0,nan,0,nan,0,nan,0,nan,0,nan,0,nan,0
1597988384143127040,1597988384434000128,2020-08-21 13:39:44.434000,98.38,98.415,98.19,98.195,nan,98.299,29671,29166149600.0,71478,98.385,16,98.38,13,nan,0,nan,0,nan,0,nan,0,nan,0,nan,0,nan,0,nan,0
1597988384633676032,1597988384924000000,2020-08-21 13:39:44.924000,98.38,98.415,98.19,98.195,nan,98.299,29671,29166149600.0,71478,98.385,16,98.38,13,nan,0,nan,0,nan,0,nan,0,nan,0,nan,0,nan,0,nan,0
1597988385654664960,1597988386194000128,2020-08-21 13:39:46.194000,98.38,98.415,98.19,98.195,nan,98.299,29671,29166149600.0,71478,98.385,16,98.38,13,nan,0,nan,0,nan,0,nan,0,nan,0,nan,0,nan,0,nan,0
1597988386642318080,1597988386927000064,2020-08-21 13:39:46.927000,98.38,98.415,98.19,98.195,nan,98.299,29671,29166149600.0,71478,98.385,17,98.38,13,nan,0,nan,0,nan,0,nan,0,nan,0,nan,0,nan,0,nan,0
1597988387137995008,1597988387426000128,2020-08-21 13:39:47.426000,98.38,98.415,98.19,98.195,nan,98.299,29672,29167133400.0,71477,98.385,17,98.38,12,nan,0,nan,0,nan,0,nan,0,nan,0,nan,0,nan,0,nan,0
1597988387648881920,1597988387872000000,2020-08-21 13:39:47.872000,98.38,98.415,98.19,98.195,nan,98.299,29673,29168117200.0,71476,98.385,17,98.38,21,nan,0,nan,0,nan,0,nan,0,nan,0,nan,0,nan,0,nan,0
1597988388142522880,1597988388436999936,2020-08-21 13:39:48.437000,98.38,98.415,98.19,98.195,nan,98.299,29690,29184841800.0,71466,98.385,17,98.38,4,nan,0,nan,0,nan,0,nan,0,nan,0,nan,0,nan,0,nan,0
1597988388647304960,1597988389175000064,2020-08-21 13:39:49.175000,98.38,98.415,98.19,98.195,nan,98.299,29694,29188777000.0,71467,98.38,2,98.375,17,nan,0,nan,0,nan,0,nan,0,nan,0,nan,0,nan,0,nan,0
1597988389151271936,1597988389576000000,2020-08-21 13:39:49.576000,98.38,98.415,98.19,98.195,nan,98.299,29694,29188777000.0,71467,98.38,6,98.375,17,nan,0,nan,0,nan,0,nan,0,nan,0,nan,0,nan,0,nan,0
1597988389639249920,1597988389934000128,2020-08-21 13:39:49.934000,98.38,98.415,98.19,98.195,nan,98.299,29696,29190744600.0,71468,98.38,4,98.375,16,nan,0,nan,0,nan,0,nan,0,nan,0,nan,0,nan,0,nan,0
1597988390159918080,1597988390432000000,2020-08-21 13:39:50.432000,98.38,98.415,98.19,98.195,nan,98.299,29696,29190744600.0,71468,98.385,18,98.375,16,nan,0,nan,0,nan,0,nan,0,nan,0,nan,0,nan,0,nan,0
1597988390649598976,1597988390937999872,2020-08-21 13:39:50.938000,98.38,98.415,98.19,98.195,nan,98.299,29696,29190744600.0,71468,98.385,21,98.375,16,nan,0,nan,0,nan,0,nan,0,nan,0,nan,0,nan,0,nan,0
1597988391140681984,1597988391348000000,2020-08-21 13:39:51.348000,98.375,98.415,98.19,98.195,nan,98.299,29702,29196647100.0,71465,98.38,2,98.375,10,nan,0,nan,0,nan,0,nan,0,nan,0,nan,0,nan,0,nan,0
1597988391643109888,1597988391932000000,2020-08-21 13:39:51.932000,98.375,98.415,98.19,98.195,nan,98.299,29702,29196647100.0,71465,98.38,12,98.375,11,nan,0,nan,0,nan,0,nan,0,nan,0,nan,0,nan,0,nan,0
1597988392131052032,1597988392435000064,2020-08-21 13:39:52.435000,98.38,98.415,98.19,98.195,nan,98.299,29704,29198614700.0,71463,98.38,14,98.375,13,nan,0,nan,0,nan,0,nan,0,nan,0,nan,0,nan,0,nan,0
1597988392628066048,1597988392937999872,2020-08-21 13:39:52.938000,98.38,98.415,98.19,98.195,nan,98.299,29714,29208452700.0,71467,98.38,3,98.375,13,nan,0,nan,0,nan,0,nan,0,nan,0,nan,0,nan,0,nan,0
1597988393163674112,1597988393432000000,2020-08-21 13:39:53.432000,98.38,98.415,98.19,98.195,nan,98.299,29717,29211404100.0,71468,98.385,11,98.375,15,nan,0,nan,0,nan,0,nan,0,nan,0,nan,0,nan,0,nan,0
1597988393637691904,1597988393904999936,2020-08-21 13:39:53.905000,98.375,98.415,98.19,98.195,nan,98.299,29735,29229111800.0,71462,98.38,4,98.375,1,nan,0,nan,0,nan,0,nan,0,nan,0,nan,0,nan,0,nan,0
1597988394133708032,1597988394424999936,2020-08-21 13:39:54.425000,98.375,98.415,98.19,98.195,nan,98.299,29735,29229111800.0,71462,98.38,9,98.37,23,nan,0,nan,0,nan,0,nan,0,nan,0,nan,0,nan,0,nan,0
1597988394649444096,1597988394903000064,2020-08-21 13:39:54.903000,98.375,98.415,98.19,98.195,nan,98.299,29735,29229111800.0,71462,98.38,14,98.37,23,nan,0,nan,0,nan,0,nan,0,nan,0,nan,0,nan,0,nan,0
1597988395151549952,1597988395680999936,2020-08-21 13:39:55.681000,98.375,98.415,98.19,98.195,nan,98.299,29735,29229111800.0,71462,98.38,15,98.37,23,nan,0,nan,0,nan,0,nan,0,nan,0,nan,0,nan,0,nan,0
1597988395632299008,1597988395937999872,2020-08-21 13:39:55.938000,98.375,98.415,98.19,98.195,nan,98.299,29735,29229111800.0,71462,98.38,15,98.37,22,nan,0,nan,0,nan,0,nan,0,nan,0,nan,0,nan,0,nan,0
1597988396135714048,1597988396436000000,2020-08-21 13:39:56.436000,98.375,98.415,98.19,98.195,nan,98.299,29735,29229111800.0,71462,98.38,16,98.375,1,nan,0,nan,0,nan,0,nan,0,nan,0,nan,0,nan,0,nan,0
1597988396680774912,1597988396937999872,2020-08-21 13:39:56.938000,98.375,98.415,98.19,98.195,nan,98.299,29736,29230095550.0,71463,98.375,4,98.37,22,nan,0,nan,0,nan,0,nan,0,nan,0,nan,0,nan,0,nan,0
1597988397134093056,1597988397437999872,2020-08-21 13:39:57.438000,98.375,98.415,98.19,98.195,nan,98.299,29737,29231079300.0,71463,98.375,1,98.37,22,nan,0,nan,0,nan,0,nan,0,nan,0,nan,0,nan,0,nan,0
1597988397647621120,1597988397901999872,2020-08-21 13:39:57.902000,98.375,98.415,98.19,98.195,nan,98.299,29738,29232063050.0,71463,98.38,15,98.37,24,nan,0,nan,0,nan,0,nan,0,nan,0,nan,0,nan,0,nan,0
1597988398149225984,1597988398421999872,2020-08-21 13:39:58.422000,98.375,98.415,98.19,98.195,nan,98.299,29738,29232063050.0,71463,98.38,17,98.37,25,nan,0,nan,0,nan,0,nan,0,nan,0,nan,0,nan,0,nan,0
1597988398648596992,1597988399124999936,2020-08-21 13:39:59.125000,98.375,98.415,98.19,98.195,nan,98.299,29738,29232063050.0,71463,98.38,17,98.37,25,nan,0,nan,0,nan,0,nan,0,nan,0,nan,0,nan,0,nan,0
1597988399146386944,1597988399408999936,2020-08-21 13:39:59.409000,98.375,98.415,98.19,98.195,nan,98.299,29738,29232063050.0,71463,98.38,17,98.375,1,nan,0,nan,0,nan,0,nan,0,nan,0,nan,0,nan,0,nan,0
1597988399633037056,1597988399924999936,2020-08-21 13:39:59.925000,98.375,98.415,98.19,98.195,nan,98.299,29738,29232063050.0,71463,98.38,17,98.375,4,nan,0,nan,0,nan,0,nan,0,nan,0,nan,0,nan,0,nan,0
1597988400138493952,1597988400420999936,2020-08-21 13:40:00.421000,98.375,98.415,98.19,98.195,nan,98.299,29741,29235014300.0,71462,98.38,17,98.375,3,nan,0,nan,0,nan,0,nan,0,nan,0,nan,0,nan,0,nan,0
1597988400643303936,1597988400937999872,2020-08-21 13:40:00.938000,98.38,98.415,98.19,98.195,nan,98.299,29745,29238949500.0,71458,98.38,13,98.375,6,nan,0,nan,0,nan,0,nan,0,nan,0,nan,0,nan,0,nan,0
1597988401147394048,1597988401428999936,2020-08-21 13:40:01.429000,98.38,98.415,98.19,98.195,nan,98.299,29749,29242884700.0,71460,98.38,7,98.375,6,nan,0,nan,0,nan,0,nan,0,nan,0,nan,0,nan,0,nan,0
1597988401655229952,1597988402216999936,2020-08-21 13:40:02.217000,98.38,98.415,98.19,98.195,nan,98.299,29751,29244852300.0,71461,98.38,5,98.375,10,nan,0,nan,0,nan,0,nan,0,nan,0,nan,0,nan,0,nan,0
1597988402151627008,1597988402413000192,2020-08-21 13:40:02.413000,98.375,98.415,98.19,98.195,nan,98.299,29760,29253706100.0,71458,98.38,7,98.375,3,nan,0,nan,0,nan,0,nan,0,nan,0,nan,0,nan,0,nan,0
1597988402647972096,1597988402918999808,2020-08-21 13:40:02.919000,98.38,98.415,98.19,98.195,nan,98.299,29761,29254689900.0,71459,98.38,7,98.375,2,nan,0,nan,0,nan,0,nan,0,nan,0,nan,0,nan,0,nan,0
1597988403133880064,1597988403432000000,2020-08-21 13:40:03.432000,98.38,98.415,98.19,98.195,nan,98.299,29761,29254689900.0,71459,98.38,7,98.375,5,nan,0,nan,0,nan,0,nan,0,nan,0,nan,0,nan,0,nan,0
1597988403654560000,1597988403924000000,2020-08-21 13:40:03.924000,98.38,98.415,98.19,98.195,nan,98.299,29761,29254689900.0,71459,98.38,7,98.375,5,nan,0,nan,0,nan,0,nan,0,nan,0,nan,0,nan,0,nan,0
1597988404035524096,1597988404411000064,2020-08-21 13:40:04.411000,98.38,98.415,98.19,98.195,nan,98.299,29762,29255673700.0,71458,98.38,6,98.375,5,nan,0,nan,0,nan,0,nan,0,nan,0,nan,0,nan,0,nan,0
1597988404543035904,1597988404903000064,2020-08-21 13:40:04.903000,98.38,98.415,98.19,98.195,nan,98.299,29762,29255673700.0,71458,98.38,8,98.375,5,nan,0,nan,0,nan,0,nan,0,nan,0,nan,0,nan,0,nan,0
1597988405040881920,1597988405420000000,2020-08-21 13:40:05.420000,98.38,98.415,98.19,98.195,nan,98.299,29762,29255673700.0,71458,98.38,8,98.375,5,nan,0,nan,0,nan,0,nan,0,nan,0,nan,0,nan,0,nan,0
1597988405547289088,1597988405897000192,2020-08-21 13:40:05.897000,98.38,98.415,98.19,98.195,nan,98.299,29762,29255673700.0,71458,98.38,8,98.375,5,nan,0,nan,0,nan,0,nan,0,nan,0,nan,0,nan,0,nan,0
1597988406549916928,1597988406927000064,2020-08-21 13:40:06.927000,98.38,98.415,98.19,98.195,nan,98.299,29762,29255673700.0,71458,98.38,8,98.375,5,nan,0,nan,0,nan,0,nan,0,nan,0,nan,0,nan,0,nan,0
1597988407078777088,1597988407437999872,2020-08-21 13:40:07.438000,98.38,98.415,98.19,98.195,nan,98.299,29762,29255673700.0,71458,98.38,7,98.375,5,nan,0,nan,0,nan,0,nan,0,nan,0,nan,0,nan,0,nan,0
1597988408086784000,1597988408431000064,2020-08-21 13:40:08.431000,98.375,98.415,98.19,98.195,nan,98.299,29767,29260592450.0,71462,98.38,10,98.37,25,nan,0,nan,0,nan,0,nan,0,nan,0,nan,0,nan,0,nan,0
1597988408562230016,1597988408918999808,2020-08-21 13:40:08.919000,98.375,98.415,98.19,98.195,nan,98.299,29768,29261576200.0,71463,98.38,10,98.375,7,nan,0,nan,0,nan,0,nan,0,nan,0,nan,0,nan,0,nan,0
1597988409080483072,1597988409415000064,2020-08-21 13:40:09.415000,98.375,98.415,98.19,98.195,nan,98.299,29768,29261576200.0,71463,98.38,10,98.375,9,nan,0,nan,0,nan,0,nan,0,nan,0,nan,0,nan,0,nan,0
1597988409565971968,1597988409904999936,2020-08-21 13:40:09.905000,98.38,98.415,98.19,98.195,nan,98.299,29770,29263543800.0,71463,98.38,10,98.375,10,nan,0,nan,0,nan,0,nan,0,nan,0,nan,0,nan,0,nan,0
1597988410082406912,1597988410403000064,2020-08-21 13:40:10.403000,98.38,98.415,98.19,98.195,nan,98.299,29770,29263543800.0,71463,98.38,10,98.375,10,nan,0,nan,0,nan,0,nan,0,nan,0,nan,0,nan,0,nan,0
1597988410581082880,1597988410931000064,2020-08-21 13:40:10.931000,98.38,98.415,98.19,98.195,nan,98.299,29770,29263543800.0,71463,98.38,10,98.375,10,nan,0,nan,0,nan,0,nan,0,nan,0,nan,0,nan,0,nan,0
1597988411065428992,1597988411436000000,2020-08-21 13:40:11.436000,98.38,98.415,98.19,98.195,nan,98.299,29770,29263543800.0,71463,98.38,10,98.375,9,nan,0,nan,0,nan,0,nan,0,nan,0,nan,0,nan,0,nan,0
1597988411561273088,1597988411924999936,2020-08-21 13:40:11.925000,98.38,98.415,98.19,98.195,nan,98.299,29770,29263543800.0,71463,98.38,8,98.375,9,nan,0,nan,0,nan,0,nan,0,nan,0,nan,0,nan,0,nan,0
1597988412065264128,1597988412411000064,2020-08-21 13:40:12.411000,98.375,98.415,98.19,98.195,nan,98.299,29771,29264527550.0,71464,98.38,8,98.375,8,nan,0,nan,0,nan,0,nan,0,nan,0,nan,0,nan,0,nan,0
1597988412610368000,1597988412930000128,2020-08-21 13:40:12.930000,98.375,98.415,98.19,98.195,nan,98.299,29771,29264527550.0,71464,98.38,19,98.375,10,nan,0,nan,0,nan,0,nan,0,nan,0,nan,0,nan,0,nan,0
1597988413074992896,1597988413426000128,2020-08-21 13:40:13.426000,98.375,98.415,98.19,98.195,nan,98.299,29771,29264527550.0,71464,98.38,19,98.375,9,nan,0,nan,0,nan,0,nan,0,nan,0,nan,0,nan,0,nan,0
1597988414101044992,1597988414356000000,2020-08-21 13:40:14.356000,98.38,98.415,98.19,98.195,nan,98.299,29772,29265511350.0,71464,98.38,18,98.375,11,nan,0,nan,0,nan,0,nan,0,nan,0,nan,0,nan,0,nan,0
1597988414558332928,1597988414920999936,2020-08-21 13:40:14.921000,98.38,98.415,98.19,98.195,nan,98.299,29772,29265511350.0,71464,98.38,29,98.375,11,nan,0,nan,0,nan,0,nan,0,nan,0,nan,0,nan,0,nan,0
1597988415067428096,1597988415437999872,2020-08-21 13:40:15.438000,98.38,98.415,98.19,98.195,nan,98.299,29772,29265511350.0,71464,98.38,29,98.375,10,nan,0,nan,0,nan,0,nan,0,nan,0,nan,0,nan,0,nan,0
1597988415560652032,1597988415935000064,2020-08-21 13:40:15.935000,98.38,98.415,98.19,98.195,nan,98.299,29772,29265511350.0,71464,98.38,29,98.375,10,nan,0,nan,0,nan,0,nan,0,nan,0,nan,0,nan,0,nan,0
1597988417602915072,1597988417892999936,2020-08-21 13:40:17.893000,98.38,98.415,98.19,98.195,nan,98.299,29772,29265511350.0,71464,98.38,29,98.375,11,nan,0,nan,0,nan,0,nan,0,nan,0,nan,0,nan,0,nan,0
1597988418077021952,1597988418427000064,2020-08-21 13:40:18.427000,98.38,98.415,98.19,98.195,nan,98.299,29772,29265511350.0,71464,98.38,29,98.375,21,nan,0,nan,0,nan,0,nan,0,nan,0,nan,0,nan,0,nan,0
1597988418566833920,1597988418931000064,2020-08-21 13:40:18.931000,98.38,98.415,98.19,98.195,nan,98.299,29776,29269446400.0,71463,98.38,27,98.375,19,nan,0,nan,0,nan,0,nan,0,nan,0,nan,0,nan,0,nan,0
1597988419572018944,1597988419924999936,2020-08-21 13:40:19.925000,98.38,98.415,98.19,98.195,nan,98.299,29776,29269446400.0,71463,98.38,27,98.375,19,nan,0,nan,0,nan,0,nan,0,nan,0,nan,0,nan,0,nan,0
1597988420683097088,1597988420932000000,2020-08-21 13:40:20.932000,98.38,98.415,98.19,98.195,nan,98.299,29776,29269446400.0,71463,98.38,27,98.375,20,nan,0,nan,0,nan,0,nan,0,nan,0,nan,0,nan,0,nan,0
1597988421591898112,1597988421928000000,2020-08-21 13:40:21.928000,98.38,98.415,98.19,98.195,nan,98.299,29776,29269446400.0,71463,98.38,27,98.375,19,nan,0,nan,0,nan,0,nan,0,nan,0,nan,0,nan,0,nan,0
1597988422076848128,1597988422401999872,2020-08-21 13:40:22.402000,98.375,98.415,98.19,98.195,nan,98.299,29777,29270430150.0,71464,98.38,27,98.375,29,nan,0,nan,0,nan,0,nan,0,nan,0,nan,0,nan,0,nan,0
1597988422582969088,1597988422921999872,2020-08-21 13:40:22.922000,98.375,98.415,98.19,98.195,nan,98.299,29777,29270430150.0,71464,98.38,28,98.375,29,nan,0,nan,0,nan,0,nan,0,nan,0,nan,0,nan,0,nan,0
1597988423560168960,1597988423857000192,2020-08-21 13:40:23.857000,98.375,98.415,98.19,98.195,nan,98.299,29777,29270430150.0,71464,98.38,28,98.375,32,nan,0,nan,0,nan,0,nan,0,nan,0,nan,0,nan,0,nan,0
1597988424129976064,1597988424434000128,2020-08-21 13:40:24.434000,98.38,98.415,98.19,98.195,nan,98.299,29778,29271413950.0,71463,98.38,27,98.375,34,nan,0,nan,0,nan,0,nan,0,nan,0,nan,0,nan,0,nan,0
1597988424564721920,1597988424924000000,2020-08-21 13:40:24.924000,98.38,98.415,98.19,98.195,nan,98.299,29778,29271413950.0,71463,98.38,29,98.375,34,nan,0,nan,0,nan,0,nan,0,nan,0,nan,0,nan,0,nan,0
1597988425066509056,1597988425424999936,2020-08-21 13:40:25.425000,98.38,98.415,98.19,98.195,nan,98.299,29790,29283219550.0,71470,98.38,15,98.375,35,nan,0,nan,0,nan,0,nan,0,nan,0,nan,0,nan,0,nan,0
1597988425577776896,1597988425930000128,2020-08-21 13:40:25.930000,98.38,98.415,98.19,98.195,nan,98.299,29805,29297976550.0,71472,98.385,13,98.38,2,nan,0,nan,0,nan,0,nan,0,nan,0,nan,0,nan,0,nan,0
1597988426061628928,1597988426431000064,2020-08-21 13:40:26.431000,98.38,98.415,98.19,98.195,nan,98.299,29805,29297976550.0,71472,98.385,13,98.38,4,nan,0,nan,0,nan,0,nan,0,nan,0,nan,0,nan,0,nan,0
1597988426572313088,1597988426934000128,2020-08-21 13:40:26.934000,98.38,98.415,98.19,98.195,nan,98.299,29805,29297976550.0,71472,98.385,11,98.38,7,nan,0,nan,0,nan,0,nan,0,nan,0,nan,0,nan,0,nan,0
1597988427094041088,1597988427434000128,2020-08-21 13:40:27.434000,98.38,98.415,98.19,98.195,nan,98.299,29812,29304863150.0,71470,98.385,14,98.38,12,nan,0,nan,0,nan,0,nan,0,nan,0,nan,0,nan,0,nan,0
1597988427560189952,1597988427918999808,2020-08-21 13:40:27.919000,98.38,98.415,98.19,98.195,nan,98.299,29817,29309782150.0,71470,98.385,13,98.38,7,nan,0,nan,0,nan,0,nan,0,nan,0,nan,0,nan,0,nan,0
1597988428065435904,1597988428412000000,2020-08-21 13:40:28.412000,98.38,98.415,98.19,98.195,nan,98.299,29817,29309782150.0,71470,98.385,13,98.38,7,nan,0,nan,0,nan,0,nan,0,nan,0,nan,0,nan,0,nan,0
1597988428569421056,1597988428924999936,2020-08-21 13:40:28.925000,98.38,98.415,98.19,98.195,nan,98.299,29817,29309782150.0,71470,98.385,13,98.38,7,nan,0,nan,0,nan,0,nan,0,nan,0,nan,0,nan,0,nan,0
1597988429070057984,1597988429424999936,2020-08-21 13:40:29.425000,98.385,98.415,98.19,98.195,nan,98.299,29819,29311749850.0,71472,98.385,11,98.38,9,nan,0,nan,0,nan,0,nan,0,nan,0,nan,0,nan,0,nan,0
1597988429563046912,1597988429936999936,2020-08-21 13:40:29.937000,98.385,98.415,98.19,98.195,nan,98.299,29820,29312733700.0,71471,98.385,10,98.38,13,nan,0,nan,0,nan,0,nan,0,nan,0,nan,0,nan,0,nan,0
1597988430056435968,1597988430434000128,2020-08-21 13:40:30.434000,98.385,98.415,98.19,98.195,nan,98.299,29820,29312733700.0,71471,98.385,9,98.38,13,nan,0,nan,0,nan,0,nan,0,nan,0,nan,0,nan,0,nan,0
1597988430563728896,1597988430927000064,2020-08-21 13:40:30.927000,98.385,98.415,98.19,98.195,nan,98.299,29820,29312733700.0,71471,98.385,10,98.38,13,nan,0,nan,0,nan,0,nan,0,nan,0,nan,0,nan,0,nan,0
1597988431062558976,1597988431431000064,2020-08-21 13:40:31.431000,98.385,98.415,98.19,98.195,nan,98.299,29820,29312733700.0,71471,98.385,10,98.38,13,nan,0,nan,0,nan,0,nan,0,nan,0,nan,0,nan,0,nan,0
1597988431568015104,1597988431912000000,2020-08-21 13:40:31.912000,98.385,98.415,98.19,98.195,nan,98.299,29820,29312733700.0,71471,98.385,10,98.38,14,nan,0,nan,0,nan,0,nan,0,nan,0,nan,0,nan,0,nan,0
1597988432065349888,1597988432428000000,2020-08-21 13:40:32.428000,98.385,98.415,98.19,98.195,nan,98.299,29820,29312733700.0,71471,98.385,10,98.38,12,nan,0,nan,0,nan,0,nan,0,nan,0,nan,0,nan,0,nan,0
1597988432566972928,1597988432936999936,2020-08-21 13:40:32.937000,98.385,98.415,98.19,98.195,nan,98.299,29820,29312733700.0,71471,98.385,11,98.38,12,nan,0,nan,0,nan,0,nan,0,nan,0,nan,0,nan,0,nan,0
1597988433087043072,1597988433437999872,2020-08-21 13:40:33.438000,98.385,98.415,98.19,98.195,nan,98.299,29820,29312733700.0,71471,98.385,11,98.38,12,nan,0,nan,0,nan,0,nan,0,nan,0,nan,0,nan,0,nan,0
1597988434081189120,1597988434405999872,2020-08-21 13:40:34.406000,98.385,98.415,98.19,98.195,nan,98.299,29821,29313717550.0,71470,98.385,11,98.38,14,nan,0,nan,0,nan,0,nan,0,nan,0,nan,0,nan,0,nan,0
1597988435081336064,1597988435428999936,2020-08-21 13:40:35.429000,98.38,98.415,98.19,98.195,nan,98.299,29822,29314701350.0,71470,98.385,11,98.38,13,nan,0,nan,0,nan,0,nan,0,nan,0,nan,0,nan,0,nan,0
1597988435574554112,1597988435910000128,2020-08-21 13:40:35.910000,98.38,98.415,98.19,98.195,nan,98.299,29822,29314701350.0,71470,98.385,11,98.38,13,nan,0,nan,0,nan,0,nan,0,nan,0,nan,0,nan,0,nan,0
1597988436105385984,1597988436435000064,2020-08-21 13:40:36.435000,98.38,98.415,98.19,98.195,nan,98.299,29824,29316668950.0,71470,98.385,11,98.38,12,nan,0,nan,0,nan,0,nan,0,nan,0,nan,0,nan,0,nan,0
1597988436588723968,1597988436894000128,2020-08-21 13:40:36.894000,98.385,98.415,98.19,98.195,nan,98.299,29825,29317652800.0,71470,98.385,10,98.38,10,nan,0,nan,0,nan,0,nan,0,nan,0,nan,0,nan,0,nan,0
1597988437083201024,1597988437357000192,2020-08-21 13:40:37.357000,98.385,98.415,98.19,98.195,nan,98.299,29825,29317652800.0,71470,98.385,14,98.38,11,nan,0,nan,0,nan,0,nan,0,nan,0,nan,0,nan,0,nan,0
1597988437584877056,1597988437937999872,2020-08-21 13:40:37.938000,98.38,98.415,98.19,98.195,nan,98.299,29836,29328474600.0,71480,98.385,17,98.38,1,nan,0,nan,0,nan,0,nan,0,nan,0,nan,0,nan,0,nan,0
1597988438084316928,1597988438430000128,2020-08-21 13:40:38.430000,98.38,98.415,98.19,98.195,nan,98.299,29847,29339296400.0,71477,98.38,10,98.375,20,nan,0,nan,0,nan,0,nan,0,nan,0,nan,0,nan,0,nan,0
1597988438593029888,1597988438938999808,2020-08-21 13:40:38.939000,98.38,98.415,98.19,98.195,nan,98.299,29847,29339296400.0,71477,98.38,8,98.375,20,nan,0,nan,0,nan,0,nan,0,nan,0,nan,0,nan,0,nan,0
1597988439096073984,1597988439433000192,2020-08-21 13:40:39.433000,98.38,98.415,98.19,98.195,nan,98.299,29847,29339296400.0,71477,98.38,8,98.375,20,nan,0,nan,0,nan,0,nan,0,nan,0,nan,0,nan,0,nan,0
1597988439595684096,1597988439926000128,2020-08-21 13:40:39.926000,98.38,98.415,98.19,98.195,nan,98.299,29847,29339296400.0,71477,98.38,8,98.375,19,nan,0,nan,0,nan,0,nan,0,nan,0,nan,0,nan,0,nan,0
1597988440604892928,1597988440938999808,2020-08-21 13:40:40.939000,98.38,98.415,98.19,98.195,nan,98.299,29847,29339296400.0,71477,98.38,8,98.375,18,nan,0,nan,0,nan,0,nan,0,nan,0,nan,0,nan,0,nan,0
1597988441082210048,1597988441420999936,2020-08-21 13:40:41.421000,98.38,98.415,98.19,98.195,nan,98.299,29847,29339296400.0,71477,98.38,10,98.375,18,nan,0,nan,0,nan,0,nan,0,nan,0,nan,0,nan,0,nan,0
1597988441589304064,1597988441924000000,2020-08-21 13:40:41.924000,98.375,98.415,98.19,98.195,nan,98.299,29848,29340280150.0,71478,98.38,10,98.375,17,nan,0,nan,0,nan,0,nan,0,nan,0,nan,0,nan,0,nan,0
1597988442073741056,1597988442428000000,2020-08-21 13:40:42.428000,98.38,98.415,98.19,98.195,nan,98.299,29858,29350118150.0,71473,98.385,18,98.375,17,nan,0,nan,0,nan,0,nan,0,nan,0,nan,0,nan,0,nan,0
1597988442580226048,1597988442924000000,2020-08-21 13:40:42.924000,98.38,98.415,98.19,98.195,nan,98.299,29858,29350118150.0,71473,98.385,18,98.375,17,nan,0,nan,0,nan,0,nan,0,nan,0,nan,0,nan,0,nan,0
1597988443098636032,1597988443434000128,2020-08-21 13:40:43.434000,98.38,98.415,98.19,98.195,nan,98.299,29858,29350118150.0,71473,98.38,4,98.375,17,nan,0,nan,0,nan,0,nan,0,nan,0,nan,0,nan,0,nan,0
1597988443573007104,1597988443938999808,2020-08-21 13:40:43.939000,98.38,98.415,98.19,98.195,nan,98.299,29858,29350118150.0,71473,98.38,2,98.375,17,nan,0,nan,0,nan,0,nan,0,nan,0,nan,0,nan,0,nan,0
1597988444070455040,1597988444435000064,2020-08-21 13:40:44.435000,98.38,98.415,98.19,98.195,nan,98.299,29858,29350118150.0,71473,98.38,4,98.375,17,nan,0,nan,0,nan,0,nan,0,nan,0,nan,0,nan,0,nan,0
1597988444579067904,1597988444905999872,2020-08-21 13:40:44.906000,98.38,98.415,98.19,98.195,nan,98.299,29858,29350118150.0,71473,98.38,8,98.375,17,nan,0,nan,0,nan,0,nan,0,nan,0,nan,0,nan,0,nan,0
1597988445095118080,1597988445427000064,2020-08-21 13:40:45.427000,98.38,98.415,98.19,98.195,nan,98.299,29858,29350118150.0,71473,98.38,4,98.375,17,nan,0,nan,0,nan,0,nan,0,nan,0,nan,0,nan,0,nan,0
1597988445601444096,1597988445926000128,2020-08-21 13:40:45.926000,98.38,98.415,98.19,98.195,nan,98.299,29858,29350118150.0,71473,98.38,4,98.375,17,nan,0,nan,0,nan,0,nan,0,nan,0,nan,0,nan,0,nan,0
1597988446112754944,1597988446435000064,2020-08-21 13:40:46.435000,98.38,98.415,98.19,98.195,nan,98.299,29858,29350118150.0,71473,98.38,6,98.375,17,nan,0,nan,0,nan,0,nan,0,nan,0,nan,0,nan,0,nan,0
1597988446576071936,1597988446924999936,2020-08-21 13:40:46.925000,98.38,98.415,98.19,98.195,nan,98.299,29858,29350118150.0,71473,98.38,6,98.375,17,nan,0,nan,0,nan,0,nan,0,nan,0,nan,0,nan,0,nan,0
1597988447070139904,1597988447360999936,2020-08-21 13:40:47.361000,98.38,98.415,98.19,98.195,nan,98.299,29858,29350118150.0,71473,98.38,8,98.375,17,nan,0,nan,0,nan,0,nan,0,nan,0,nan,0,nan,0,nan,0
1597988447585275904,1597988447936999936,2020-08-21 13:40:47.937000,98.38,98.415,98.19,98.195,nan,98.299,29858,29350118150.0,71473,98.38,9,98.375,17,nan,0,nan,0,nan,0,nan,0,nan,0,nan,0,nan,0,nan,0
1597988448087464960,1597988448424999936,2020-08-21 13:40:48.425000,98.38,98.415,98.19,98.195,nan,98.299,29858,29350118150.0,71473,98.38,9,98.375,18,nan,0,nan,0,nan,0,nan,0,nan,0,nan,0,nan,0,nan,0
1597988448569640960,1597988448924999936,2020-08-21 13:40:48.925000,98.375,98.415,98.19,98.195,nan,98.299,29866,29357988150.0,71475,98.38,9,98.375,10,nan,0,nan,0,nan,0,nan,0,nan,0,nan,0,nan,0,nan,0
1597988449071715072,1597988449431000064,2020-08-21 13:40:49.431000,98.375,98.415,98.19,98.195,nan,98.299,29866,29357988150.0,71475,98.38,11,98.375,10,nan,0,nan,0,nan,0,nan,0,nan,0,nan,0,nan,0,nan,0
1597988449574681088,1597988449894000128,2020-08-21 13:40:49.894000,98.375,98.415,98.19,98.195,nan,98.299,29876,29367825650.0,71469,98.38,14,98.37,22,nan,0,nan,0,nan,0,nan,0,nan,0,nan,0,nan,0,nan,0
1597988450084787968,1597988450418999808,2020-08-21 13:40:50.419000,98.375,98.415,98.19,98.195,nan,98.299,29877,29368809400.0,71470,98.375,2,98.37,22,nan,0,nan,0,nan,0,nan,0,nan,0,nan,0,nan,0,nan,0
1597988450569118976,1597988450928000000,2020-08-21 13:40:50.928000,98.375,98.415,98.19,98.195,nan,98.299,29879,29370776900.0,71469,98.375,4,98.37,22,nan,0,nan,0,nan,0,nan,0,nan,0,nan,0,nan,0,nan,0
1597988451084454912,1597988451423000064,2020-08-21 13:40:51.423000,98.375,98.415,98.19,98.195,nan,98.299,29884,29375695650.0,71467,98.375,1,98.37,24,nan,0,nan,0,nan,0,nan,0,nan,0,nan,0,nan,0,nan,0
1597988451592210944,1597988451933000192,2020-08-21 13:40:51.933000,98.375,98.415,98.19,98.195,nan,98.299,29885,29376679400.0,71468,98.375,2,98.37,25,nan,0,nan,0,nan,0,nan,0,nan,0,nan,0,nan,0,nan,0
1597988452088913920,1597988452424999936,2020-08-21 13:40:52.425000,98.375,98.415,98.19,98.195,nan,98.299,29888,29379630650.0,71468,98.375,1,98.37,27,nan,0,nan,0,nan,0,nan,0,nan,0,nan,0,nan,0,nan,0
1597988452572412928,1597988452930000128,2020-08-21 13:40:52.930000,98.375,98.415,98.19,98.195,nan,98.299,29891,29382581900.0,71469,98.38,12,98.375,3,nan,0,nan,0,nan,0,nan,0,nan,0,nan,0,nan,0,nan,0
1597988453071634944,1597988453424999936,2020-08-21 13:40:53.425000,98.375,98.415,98.19,98.195,nan,98.299,29891,29382581900.0,71469,98.38,11,98.375,7,nan,0,nan,0,nan,0,nan,0,nan,0,nan,0,nan,0,nan,0
1597988453575869952,1597988453932000000,2020-08-21 13:40:53.932000,98.375,98.415,98.19,98.195,nan,98.299,29891,29382581900.0,71469,98.38,10,98.375,13,nan,0,nan,0,nan,0,nan,0,nan,0,nan,0,nan,0,nan,0
1597988454071897088,1597988454428000000,2020-08-21 13:40:54.428000,98.375,98.415,98.19,98.195,nan,98.299,29892,29383565650.0,71469,98.38,9,98.375,12,nan,0,nan,0,nan,0,nan,0,nan,0,nan,0,nan,0,nan,0
1597988454571460096,1597988454931000064,2020-08-21 13:40:54.931000,98.375,98.415,98.19,98.195,nan,98.299,29905,29396354400.0,71457,98.375,7,98.37,22,nan,0,nan,0,nan,0,nan,0,nan,0,nan,0,nan,0,nan,0
1597988455070010112,1597988455435000064,2020-08-21 13:40:55.435000,98.375,98.415,98.19,98.195,nan,98.299,29912,29403240650.0,71450,98.38,9,98.375,1,nan,0,nan,0,nan,0,nan,0,nan,0,nan,0,nan,0,nan,0
1597988455568219904,1597988455936999936,2020-08-21 13:40:55.937000,98.375,98.415,98.19,98.195,nan,98.299,29912,29403240650.0,71450,98.38,9,98.37,22,nan,0,nan,0,nan,0,nan,0,nan,0,nan,0,nan,0,nan,0
1597988456076582912,1597988456432000000,2020-08-21 13:40:56.432000,98.375,98.415,98.19,98.195,nan,98.299,29912,29403240650.0,71450,98.38,10,98.375,5,nan,0,nan,0,nan,0,nan,0,nan,0,nan,0,nan,0,nan,0
1597988456574618880,1597988456905999872,2020-08-21 13:40:56.906000,98.375,98.415,98.19,98.195,nan,98.299,29913,29404224400.0,71449,98.38,10,98.375,6,nan,0,nan,0,nan,0,nan,0,nan,0,nan,0,nan,0,nan,0
1597988457074673920,1597988457434000128,2020-08-21 13:40:57.434000,98.375,98.415,98.19,98.195,nan,98.299,29913,29404224400.0,71449,98.38,10,98.375,6,nan,0,nan,0,nan,0,nan,0,nan,0,nan,0,nan,0,nan,0
1597988457582896896,1597988457931000064,2020-08-21 13:40:57.931000,98.375,98.415,98.19,98.195,nan,98.299,29913,29404224400.0,71449,98.38,20,98.375,6,nan,0,nan,0,nan,0,nan,0,nan,0,nan,0,nan,0,nan,0
1597988458067358976,1597988458434000128,2020-08-21 13:40:58.434000,98.375,98.415,98.19,98.195,nan,98.299,29913,29404224400.0,71449,98.38,20,98.375,5,nan,0,nan,0,nan,0,nan,0,nan,0,nan,0,nan,0,nan,0
1597988458566171904,1597988458926000128,2020-08-21 13:40:58.926000,98.375,98.415,98.19,98.195,nan,98.299,29914,29405208150.0,71448,98.38,20,98.375,4,nan,0,nan,0,nan,0,nan,0,nan,0,nan,0,nan,0,nan,0
1597988459067727104,1597988459404000000,2020-08-21 13:40:59.404000,98.375,98.415,98.19,98.195,nan,98.299,29914,29405208150.0,71448,98.38,20,98.375,4,nan,0,nan,0,nan,0,nan,0,nan,0,nan,0,nan,0,nan,0
1597988459569771008,1597988459904000000,2020-08-21 13:40:59.904000,98.375,98.415,98.19,98.195,nan,98.299,29914,29405208150.0,71448,98.38,21,98.375,4,nan,0,nan,0,nan,0,nan,0,nan,0,nan,0,nan,0,nan,0
1597988460072711936,1597988460424999936,2020-08-21 13:41:00.425000,98.375,98.415,98.19,98.195,nan,98.299,29923,29414061900.0,71444,98.375,11,98.37,22,nan,0,nan,0,nan,0,nan,0,nan,0,nan,0,nan,0,nan,0
1597988460575000064,1597988460937999872,2020-08-21 13:41:00.938000,98.375,98.415,98.19,98.195,nan,98.299,29923,29414061900.0,71444,98.375,11,98.37,23,nan,0,nan,0,nan,0,nan,0,nan,0,nan,0,nan,0,nan,0
1597988461094598912,1597988461427000064,2020-08-21 13:41:01.427000,98.375,98.415,98.19,98.195,nan,98.299,29923,29414061900.0,71444,98.375,11,98.37,23,nan,0,nan,0,nan,0,nan,0,nan,0,nan,0,nan,0,nan,0
1597988461589178112,1597988461891000064,2020-08-21 13:41:01.891000,98.375,98.415,98.19,98.195,nan,98.299,29923,29414061900.0,71444,98.375,12,98.37,22,nan,0,nan,0,nan,0,nan,0,nan,0,nan,0,nan,0,nan,0
1597988463082097920,1597988463430000128,2020-08-21 13:41:03.430000,98.375,98.415,98.19,98.195,nan,98.299,29923,29414061900.0,71444,98.375,12,98.37,23,nan,0,nan,0,nan,0,nan,0,nan,0,nan,0,nan,0,nan,0
1597988463581495040,1597988463935000064,2020-08-21 13:41:03.935000,98.375,98.415,98.19,98.195,nan,98.299,29923,29414061900.0,71444,98.375,12,98.37,23,nan,0,nan,0,nan,0,nan,0,nan,0,nan,0,nan,0,nan,0
1597988464101542912,1597988464432000000,2020-08-21 13:41:04.432000,98.375,98.415,98.19,98.195,nan,98.299,29923,29414061900.0,71444,98.375,12,98.37,25,nan,0,nan,0,nan,0,nan,0,nan,0,nan,0,nan,0,nan,0
1597988464573043968,1597988464926000128,2020-08-21 13:41:04.926000,98.375,98.415,98.19,98.195,nan,98.299,29923,29414061900.0,71444,98.375,12,98.37,25,nan,0,nan,0,nan,0,nan,0,nan,0,nan,0,nan,0,nan,0
1597988465090714112,1597988465426000128,2020-08-21 13:41:05.426000,98.375,98.415,98.19,98.195,nan,98.299,29923,29414061900.0,71444,98.375,12,98.37,30,nan,0,nan,0,nan,0,nan,0,nan,0,nan,0,nan,0,nan,0
1597988465582445056,1597988465921999872,2020-08-21 13:41:05.922000,98.375,98.415,98.19,98.195,nan,98.299,29923,29414061900.0,71444,98.375,12,98.37,31,nan,0,nan,0,nan,0,nan,0,nan,0,nan,0,nan,0,nan,0
1597988466083919872,1597988466433000192,2020-08-21 13:41:06.433000,98.375,98.415,98.19,98.195,nan,98.299,29923,29414061900.0,71444,98.375,12,98.37,31,nan,0,nan,0,nan,0,nan,0,nan,0,nan,0,nan,0,nan,0
1597988466575055872,1597988466938999808,2020-08-21 13:41:06.939000,98.375,98.415,98.19,98.195,nan,98.299,29923,29414061900.0,71444,98.375,11,98.37,31,nan,0,nan,0,nan,0,nan,0,nan,0,nan,0,nan,0,nan,0
1597988467096123904,1597988467434000128,2020-08-21 13:41:07.434000,98.375,98.415,98.19,98.195,nan,98.299,29923,29414061900.0,71444,98.375,11,98.37,31,nan,0,nan,0,nan,0,nan,0,nan,0,nan,0,nan,0,nan,0
1597988467576918016,1597988467888999936,2020-08-21 13:41:07.889000,98.37,98.415,98.19,98.195,nan,98.299,29943,29433735900.0,71437,98.375,16,98.37,11,nan,0,nan,0,nan,0,nan,0,nan,0,nan,0,nan,0,nan,0
1597988468081699072,1597988468428000000,2020-08-21 13:41:08.428000,98.365,98.415,98.19,98.195,nan,98.299,29958,29448491200.0,71431,98.37,1,98.365,25,nan,0,nan,0,nan,0,nan,0,nan,0,nan,0,nan,0,nan,0
1597988468578937088,1597988468913000192,2020-08-21 13:41:08.913000,98.365,98.415,98.19,98.195,nan,98.299,29961,29451442200.0,71431,98.37,6,98.365,27,nan,0,nan,0,nan,0,nan,0,nan,0,nan,0,nan,0,nan,0
1597988469099986944,1597988469435000064,2020-08-21 13:41:09.435000,98.365,98.415,98.19,98.195,nan,98.299,29961,29451442200.0,71431,98.37,10,98.365,27,nan,0,nan,0,nan,0,nan,0,nan,0,nan,0,nan,0,nan,0
1597988469582955008,1597988469934000128,2020-08-21 13:41:09.934000,98.365,98.415,98.19,98.195,nan,98.299,29961,29451442200.0,71431,98.37,12,98.365,24,nan,0,nan,0,nan,0,nan,0,nan,0,nan,0,nan,0,nan,0
1597988470081413888,1597988470438999808,2020-08-21 13:41:10.439000,98.365,98.415,98.19,98.195,nan,98.299,29963,29453409500.0,71429,98.37,12,98.365,22,nan,0,nan,0,nan,0,nan,0,nan,0,nan,0,nan,0,nan,0
1597988470585783040,1597988470926000128,2020-08-21 13:41:10.926000,98.365,98.415,98.19,98.195,nan,98.299,29965,29455376800.0,71430,98.37,12,98.365,18,nan,0,nan,0,nan,0,nan,0,nan,0,nan,0,nan,0,nan,0
1597988471087675904,1597988471436000000,2020-08-21 13:41:11.436000,98.365,98.415,98.19,98.195,nan,98.299,29965,29455376800.0,71430,98.37,12,98.365,18,nan,0,nan,0,nan,0,nan,0,nan,0,nan,0,nan,0,nan,0
1597988471594558976,1597988471927000064,2020-08-21 13:41:11.927000,98.365,98.415,98.19,98.195,nan,98.299,29966,29456360450.0,71430,98.37,14,98.365,17,nan,0,nan,0,nan,0,nan,0,nan,0,nan,0,nan,0,nan,0
1597988472584103936,1597988472932000000,2020-08-21 13:41:12.932000,98.365,98.415,98.19,98.195,nan,98.299,29966,29456360450.0,71430,98.37,14,98.365,17,nan,0,nan,0,nan,0,nan,0,nan,0,nan,0,nan,0,nan,0
1597988473585543936,1597988473928999936,2020-08-21 13:41:13.929000,98.365,98.415,98.19,98.195,nan,98.299,29966,29456360450.0,71430,98.37,14,98.365,18,nan,0,nan,0,nan,0,nan,0,nan,0,nan,0,nan,0,nan,0
1597988474081544960,1597988474404000000,2020-08-21 13:41:14.404000,98.365,98.415,98.19,98.195,nan,98.299,29966,29456360450.0,71430,98.37,14,98.365,18,nan,0,nan,0,nan,0,nan,0,nan,0,nan,0,nan,0,nan,0
1597988474686704896,1597988474933000192,2020-08-21 13:41:14.933000,98.37,98.415,98.19,98.195,nan,98.299,29970,29460295250.0,71430,98.37,10,98.365,21,nan,0,nan,0,nan,0,nan,0,nan,0,nan,0,nan,0,nan,0
1597988475079322880,1597988475437999872,2020-08-21 13:41:15.438000,98.37,98.415,98.19,98.195,nan,98.299,29990,29479969250.0,71428,98.375,18,98.37,1,nan,0,nan,0,nan,0,nan,0,nan,0,nan,0,nan,0,nan,0
1597988475599385088,1597988475930000128,2020-08-21 13:41:15.930000,98.37,98.415,98.19,98.195,nan,98.299,29990,29479969250.0,71428,98.375,17,98.37,9,nan,0,nan,0,nan,0,nan,0,nan,0,nan,0,nan,0,nan,0
1597988476094063104,1597988476435000064,2020-08-21 13:41:16.435000,98.37,98.415,98.19,98.195,nan,98.299,29990,29479969250.0,71428,98.375,17,98.37,12,nan,0,nan,0,nan,0,nan,0,nan,0,nan,0,nan,0,nan,0
1597988476601196032,1597988476930000128,2020-08-21 13:41:16.930000,98.37,98.415,98.19,98.195,nan,98.299,29990,29479969250.0,71428,98.375,17,98.37,12,nan,0,nan,0,nan,0,nan,0,nan,0,nan,0,nan,0,nan,0
1597988477086705920,1597988477436000000,2020-08-21 13:41:17.436000,98.37,98.415,98.19,98.195,nan,98.299,29990,29479969250.0,71428,98.375,17,98.37,12,nan,0,nan,0,nan,0,nan,0,nan,0,nan,0,nan,0,nan,0
1597988477587756032,1597988477934000128,2020-08-21 13:41:17.934000,98.37,98.415,98.19,98.195,nan,98.299,29990,29479969250.0,71428,98.375,17,98.37,12,nan,0,nan,0,nan,0,nan,0,nan,0,nan,0,nan,0,nan,0
1597988478083200000,1597988478432000000,2020-08-21 13:41:18.432000,98.37,98.415,98.19,98.195,nan,98.299,29990,29479969250.0,71428,98.375,17,98.37,12,nan,0,nan,0,nan,0,nan,0,nan,0,nan,0,nan,0,nan,0
1597988479096304896,1597988479433000192,2020-08-21 13:41:19.433000,98.37,98.415,98.19,98.195,nan,98.299,29990,29479969250.0,71428,98.375,17,98.37,12,nan,0,nan,0,nan,0,nan,0,nan,0,nan,0,nan,0,nan,0
1597988480084648960,1597988480416999936,2020-08-21 13:41:20.417000,98.37,98.415,98.19,98.195,nan,98.299,29990,29479969250.0,71428,98.375,18,98.37,12,nan,0,nan,0,nan,0,nan,0,nan,0,nan,0,nan,0,nan,0
1597988480589380096,1597988480903000064,2020-08-21 13:41:20.903000,98.37,98.415,98.19,98.195,nan,98.299,30005,29494724750.0,71420,98.37,5,98.365,21,nan,0,nan,0,nan,0,nan,0,nan,0,nan,0,nan,0,nan,0
1597988481085500928,1597988481438999808,2020-08-21 13:41:21.439000,98.37,98.415,98.19,98.195,nan,98.299,30005,29494724750.0,71420,98.37,5,98.365,21,nan,0,nan,0,nan,0,nan,0,nan,0,nan,0,nan,0,nan,0
1597988481584675072,1597988481937999872,2020-08-21 13:41:21.938000,98.365,98.415,98.19,98.195,nan,98.299,30010,29499643000.0,71417,98.37,6,98.365,15,nan,0,nan,0,nan,0,nan,0,nan,0,nan,0,nan,0,nan,0
1597988482075190016,1597988482430000128,2020-08-21 13:41:22.430000,98.365,98.415,98.19,98.195,nan,98.299,30010,29499643000.0,71417,98.37,9,98.365,15,nan,0,nan,0,nan,0,nan,0,nan,0,nan,0,nan,0,nan,0
1597988482604164096,1597988482936000000,2020-08-21 13:41:22.936000,98.365,98.415,98.19,98.195,nan,98.299,30010,29499643000.0,71417,98.37,9,98.365,14,nan,0,nan,0,nan,0,nan,0,nan,0,nan,0,nan,0,nan,0
1597988483580678912,1597988483932000000,2020-08-21 13:41:23.932000,98.37,98.415,98.19,98.195,nan,98.299,30011,29500626700.0,71417,98.37,8,98.365,16,nan,0,nan,0,nan,0,nan,0,nan,0,nan,0,nan,0,nan,0
1597988484086789888,1597988484434000128,2020-08-21 13:41:24.434000,98.365,98.415,98.19,98.195,nan,98.299,30016,29505544950.0,71422,98.37,10,98.365,12,nan,0,nan,0,nan,0,nan,0,nan,0,nan,0,nan,0,nan,0
1597988484581873920,1597988484915000064,2020-08-21 13:41:24.915000,98.365,98.415,98.19,98.195,nan,98.299,30016,29505544950.0,71422,98.37,12,98.365,10,nan,0,nan,0,nan,0,nan,0,nan,0,nan,0,nan,0,nan,0
1597988485081206016,1597988485431000064,2020-08-21 13:41:25.431000,98.365,98.415,98.19,98.195,nan,98.299,30026,29515381450.0,71430,98.37,16,98.36,80,nan,0,nan,0,nan,0,nan,0,nan,0,nan,0,nan,0,nan,0
1597988485582534912,1597988485936000000,2020-08-21 13:41:25.936000,98.365,98.415,98.19,98.195,nan,98.299,30026,29515381450.0,71430,98.365,2,98.36,69,nan,0,nan,0,nan,0,nan,0,nan,0,nan,0,nan,0,nan,0
1597988486080870912,1597988486437999872,2020-08-21 13:41:26.438000,98.365,98.415,98.19,98.195,nan,98.299,30030,29519316050.0,71431,98.365,2,98.36,71,nan,0,nan,0,nan,0,nan,0,nan,0,nan,0,nan,0,nan,0
1597988486582939904,1597988486928000000,2020-08-21 13:41:26.928000,98.36,98.415,98.19,98.195,nan,98.299,30031,29520299650.0,71432,98.365,3,98.36,70,nan,0,nan,0,nan,0,nan,0,nan,0,nan,0,nan,0,nan,0
1597988487085626880,1597988487435000064,2020-08-21 13:41:27.435000,98.365,98.415,98.19,98.195,nan,98.299,30033,29522266950.0,71432,98.365,5,98.36,70,nan,0,nan,0,nan,0,nan,0,nan,0,nan,0,nan,0,nan,0
1597988487582795008,1597988487936999936,2020-08-21 13:41:27.937000,98.365,98.415,98.19,98.195,nan,98.299,30033,29522266950.0,71432,98.365,9,98.36,70,nan,0,nan,0,nan,0,nan,0,nan,0,nan,0,nan,0,nan,0
1597988488079525120,1597988488431000064,2020-08-21 13:41:28.431000,98.365,98.415,98.19,98.195,nan,98.299,30033,29522266950.0,71432,98.365,9,98.36,72,nan,0,nan,0,nan,0,nan,0,nan,0,nan,0,nan,0,nan,0
1597988488586380032,1597988488936999936,2020-08-21 13:41:28.937000,98.365,98.415,98.19,98.195,nan,98.299,30033,29522266950.0,71432,98.365,19,98.36,72,nan,0,nan,0,nan,0,nan,0,nan,0,nan,0,nan,0,nan,0
1597988489083831040,1597988489436000000,2020-08-21 13:41:29.436000,98.365,98.415,98.19,98.195,nan,98.299,30033,29522266950.0,71432,98.365,19,98.36,72,nan,0,nan,0,nan,0,nan,0,nan,0,nan,0,nan,0,nan,0
1597988489584100096,1597988489936999936,2020-08-21 13:41:29.937000,98.365,98.415,98.19,98.195,nan,98.299,30033,29522266950.0,71432,98.365,20,98.36,72,nan,0,nan,0,nan,0,nan,0,nan,0,nan,0,nan,0,nan,0
1597988490101260032,1597988490401999872,2020-08-21 13:41:30.402000,98.365,98.415,98.19,98.195,nan,98.299,30033,29522266950.0,71432,98.365,20,98.36,72,nan,0,nan,0,nan,0,nan,0,nan,0,nan,0,nan,0,nan,0
1597988490583439872,1597988490935000064,2020-08-21 13:41:30.935000,98.36,98.415,98.19,98.195,nan,98.299,30053,29541939850.0,71441,98.365,6,98.36,72,nan,0,nan,0,nan,0,nan,0,nan,0,nan,0,nan,0,nan,0
1597988491079752960,1597988491427000064,2020-08-21 13:41:31.427000,98.365,98.415,98.19,98.195,nan,98.299,30059,29547841750.0,71446,98.365,4,98.36,72,nan,0,nan,0,nan,0,nan,0,nan,0,nan,0,nan,0,nan,0
1597988491599693056,1597988491914000128,2020-08-21 13:41:31.914000,98.365,98.415,98.19,98.195,nan,98.299,30063,29551776350.0,71442,98.365,2,98.36,73,nan,0,nan,0,nan,0,nan,0,nan,0,nan,0,nan,0,nan,0
1597988492085440000,1597988492431000064,2020-08-21 13:41:32.431000,98.365,98.415,98.19,98.195,nan,98.3,30067,29555710950.0,71442,98.37,16,98.36,73,nan,0,nan,0,nan,0,nan,0,nan,0,nan,0,nan,0,nan,0
1597988492586547968,1597988492917999872,2020-08-21 13:41:32.918000,98.365,98.415,98.19,98.195,nan,98.3,30067,29555710950.0,71442,98.37,16,98.365,4,nan,0,nan,0,nan,0,nan,0,nan,0,nan,0,nan,0,nan,0
1597988493080946944,1597988493436999936,2020-08-21 13:41:33.437000,98.365,98.415,98.19,98.195,nan,98.3,30067,29555710950.0,71442,98.37,14,98.365,12,nan,0,nan,0,nan,0,nan,0,nan,0,nan,0,nan,0,nan,0
1597988493589694976,1597988493933000192,2020-08-21 13:41:33.933000,98.365,98.415,98.19,98.195,nan,98.3,30078,29566531100.0,71448,98.37,15,98.365,1,nan,0,nan,0,nan,0,nan,0,nan,0,nan,0,nan,0,nan,0
1597988494077990912,1597988494396000000,2020-08-21 13:41:34.396000,98.365,98.415,98.19,98.195,nan,98.3,30079,29567514750.0,71448,98.37,15,98.365,2,nan,0,nan,0,nan,0,nan,0,nan,0,nan,0,nan,0,nan,0
1597988494601470976,1597988494912000000,2020-08-21 13:41:34.912000,98.365,98.415,98.19,98.195,nan,98.3,30079,29567514750.0,71448,98.37,15,98.365,3,nan,0,nan,0,nan,0,nan,0,nan,0,nan,0,nan,0,nan,0
1597988495103781120,1597988495416000000,2020-08-21 13:41:35.416000,98.365,98.415,98.19,98.195,nan,98.3,30080,29568498400.0,71448,98.37,15,98.365,4,nan,0,nan,0,nan,0,nan,0,nan,0,nan,0,nan,0,nan,0
1597988495602885120,1597988495935000064,2020-08-21 13:41:35.935000,98.365,98.415,98.19,98.195,nan,98.3,30080,29568498400.0,71448,98.37,15,98.365,3,nan,0,nan,0,nan,0,nan,0,nan,0,nan,0,nan,0,nan,0
1597988496092653056,1597988496431000064,2020-08-21 13:41:36.431000,98.365,98.415,98.19,98.195,nan,98.3,30080,29568498400.0,71448,98.37,15,98.365,3,nan,0,nan,0,nan,0,nan,0,nan,0,nan,0,nan,0,nan,0
1597988496595451904,1597988496937999872,2020-08-21 13:41:36.938000,98.365,98.415,98.19,98.195,nan,98.3,30080,29568498400.0,71448,98.37,15,98.365,3,nan,0,nan,0,nan,0,nan,0,nan,0,nan,0,nan,0,nan,0
1597988497082984960,1597988497436000000,2020-08-21 13:41:37.436000,98.365,98.415,98.19,98.195,nan,98.3,30080,29568498400.0,71448,98.37,15,98.365,3,nan,0,nan,0,nan,0,nan,0,nan,0,nan,0,nan,0,nan,0
1597988497584547072,1597988497903000064,2020-08-21 13:41:37.903000,98.365,98.415,98.19,98.195,nan,98.3,30080,29568498400.0,71448,98.37,15,98.365,3,nan,0,nan,0,nan,0,nan,0,nan,0,nan,0,nan,0,nan,0
1597988499088849920,1597988499424000000,2020-08-21 13:41:39.424000,98.365,98.415,98.19,98.195,nan,98.3,30080,29568498400.0,71448,98.37,25,98.365,4,nan,0,nan,0,nan,0,nan,0,nan,0,nan,0,nan,0,nan,0
1597988499588422912,1597988499934000128,2020-08-21 13:41:39.934000,98.365,98.415,98.19,98.195,nan,98.3,30083,29571449350.0,71450,98.37,25,98.365,1,nan,0,nan,0,nan,0,nan,0,nan,0,nan,0,nan,0,nan,0
1597988500581878016,1597988500921999872,2020-08-21 13:41:40.922000,98.365,98.415,98.19,98.195,nan,98.3,30086,29574400300.0,71448,98.365,17,98.36,81,nan,0,nan,0,nan,0,nan,0,nan,0,nan,0,nan,0,nan,0
1597988501107712000,1597988501435000064,2020-08-21 13:41:41.435000,98.365,98.415,98.19,98.195,nan,98.3,30086,29574400300.0,71448,98.365,23,98.36,71,nan,0,nan,0,nan,0,nan,0,nan,0,nan,0,nan,0,nan,0
1597988501596453120,1597988501934000128,2020-08-21 13:41:41.934000,98.365,98.415,98.19,98.195,nan,98.3,30086,29574400300.0,71448,98.365,24,98.36,70,nan,0,nan,0,nan,0,nan,0,nan,0,nan,0,nan,0,nan,0
1597988502603065088,1597988502908999936,2020-08-21 13:41:42.909000,98.365,98.415,98.19,98.195,nan,98.3,30086,29574400300.0,71448,98.365,24,98.36,71,nan,0,nan,0,nan,0,nan,0,nan,0,nan,0,nan,0,nan,0
1597988504102155008,1597988504430000128,2020-08-21 13:41:44.430000,98.365,98.415,98.19,98.195,nan,98.3,30086,29574400300.0,71448,98.365,24,98.36,71,nan,0,nan,0,nan,0,nan,0,nan,0,nan,0,nan,0,nan,0
1597988505098189056,1597988505408999936,2020-08-21 13:41:45.409000,98.36,98.415,98.19,98.195,nan,98.3,30097,29585219900.0,71454,98.365,27,98.36,59,nan,0,nan,0,nan,0,nan,0,nan,0,nan,0,nan,0,nan,0
1597988505590763008,1597988505936999936,2020-08-21 13:41:45.937000,98.365,98.415,98.19,98.195,nan,98.3,30152,29639318000.0,71480,98.365,27,98.36,6,nan,0,nan,0,nan,0,nan,0,nan,0,nan,0,nan,0,nan,0
1597988506112334080,1597988506427000064,2020-08-21 13:41:46.427000,98.36,98.415,98.19,98.195,nan,98.3,30158,29645219600.0,71481,98.36,15,98.355,80,nan,0,nan,0,nan,0,nan,0,nan,0,nan,0,nan,0,nan,0
1597988506597716992,1597988506926000128,2020-08-21 13:41:46.926000,98.36,98.415,98.19,98.195,nan,98.3,30159,29646203200.0,71481,98.36,17,98.355,70,nan,0,nan,0,nan,0,nan,0,nan,0,nan,0,nan,0,nan,0
1597988507092878080,1597988507423000064,2020-08-21 13:41:47.423000,98.355,98.415,98.19,98.195,nan,98.3,30161,29648170300.0,71481,98.36,18,98.355,68,nan,0,nan,0,nan,0,nan,0,nan,0,nan,0,nan,0,nan,0
1597988507604817920,1597988507912000000,2020-08-21 13:41:47.912000,98.355,98.415,98.19,98.195,nan,98.3,30161,29648170300.0,71481,98.36,18,98.355,67,nan,0,nan,0,nan,0,nan,0,nan,0,nan,0,nan,0,nan,0
1597988508102088960,1597988508430000128,2020-08-21 13:41:48.430000,98.355,98.415,98.19,98.195,nan,98.3,30161,29648170300.0,71481,98.36,18,98.355,68,nan,0,nan,0,nan,0,nan,0,nan,0,nan,0,nan,0,nan,0
1597988508606632960,1597988508938999808,2020-08-21 13:41:48.939000,98.355,98.415,98.19,98.195,nan,98.3,30161,29648170300.0,71481,98.36,18,98.355,68,nan,0,nan,0,nan,0,nan,0,nan,0,nan,0,nan,0,nan,0
1597988509595742976,1597988509934000128,2020-08-21 13:41:49.934000,98.36,98.415,98.19,98.195,nan,98.3,30162,29649153900.0,71481,98.36,17,98.355,68,nan,0,nan,0,nan,0,nan,0,nan,0,nan,0,nan,0,nan,0
1597988510121984000,1597988510437999872,2020-08-21 13:41:50.438000,98.36,98.415,98.19,98.195,nan,98.3,30162,29649153900.0,71481,98.36,14,98.355,68,nan,0,nan,0,nan,0,nan,0,nan,0,nan,0,nan,0,nan,0
1597988510599792896,1597988510936999936,2020-08-21 13:41:50.937000,98.36,98.415,98.19,98.195,nan,98.3,30173,29659973500.0,71479,98.36,3,98.355,70,nan,0,nan,0,nan,0,nan,0,nan,0,nan,0,nan,0,nan,0
1597988511110515968,1597988511416999936,2020-08-21 13:41:51.417000,98.36,98.415,98.19,98.195,nan,98.3,30181,29667842300.0,71477,98.365,31,98.36,4,nan,0,nan,0,nan,0,nan,0,nan,0,nan,0,nan,0,nan,0
1597988511598707968,1597988511924999936,2020-08-21 13:41:51.925000,98.36,98.415,98.19,98.195,nan,98.3,30181,29667842300.0,71477,98.365,32,98.36,7,nan,0,nan,0,nan,0,nan,0,nan,0,nan,0,nan,0,nan,0
1597988512084091904,1597988512430000128,2020-08-21 13:41:52.430000,98.365,98.415,98.19,98.195,nan,98.3,30182,29668825950.0,71476,98.365,31,98.36,8,nan,0,nan,0,nan,0,nan,0,nan,0,nan,0,nan,0,nan,0
1597988512589357056,1597988512914000128,2020-08-21 13:41:52.914000,98.365,98.415,98.19,98.195,nan,98.3,30182,29668825950.0,71476,98.365,32,98.36,9,nan,0,nan,0,nan,0,nan,0,nan,0,nan,0,nan,0,nan,0
1597988513092626944,1597988513436999936,2020-08-21 13:41:53.437000,98.365,98.415,98.19,98.195,nan,98.3,30185,29671776900.0,71476,98.365,28,98.36,12,nan,0,nan,0,nan,0,nan,0,nan,0,nan,0,nan,0,nan,0
1597988513596881920,1597988513936000000,2020-08-21 13:41:53.936000,98.365,98.415,98.19,98.195,nan,98.3,30186,29672760550.0,71476,98.365,27,98.36,15,nan,0,nan,0,nan,0,nan,0,nan,0,nan,0,nan,0,nan,0
1597988514097843968,1597988514434000128,2020-08-21 13:41:54.434000,98.365,98.415,98.19,98.195,nan,98.3,30186,29672760550.0,71476,98.365,27,98.36,21,nan,0,nan,0,nan,0,nan,0,nan,0,nan,0,nan,0,nan,0
1597988514596354048,1597988514895000064,2020-08-21 13:41:54.895000,98.365,98.415,98.19,98.195,nan,98.3,30186,29672760550.0,71476,98.365,27,98.36,22,nan,0,nan,0,nan,0,nan,0,nan,0,nan,0,nan,0,nan,0
1597988515104961024,1597988515438999808,2020-08-21 13:41:55.439000,98.365,98.415,98.19,98.195,nan,98.3,30187,29673744200.0,71476,98.365,26,98.36,22,nan,0,nan,0,nan,0,nan,0,nan,0,nan,0,nan,0,nan,0
1597988515595022080,1597988515927000064,2020-08-21 13:41:55.927000,98.36,98.415,98.19,98.195,nan,98.3,30188,29674727800.0,71476,98.365,26,98.36,21,nan,0,nan,0,nan,0,nan,0,nan,0,nan,0,nan,0,nan,0
1597988516094966016,1597988516435000064,2020-08-21 13:41:56.435000,98.36,98.415,98.19,98.195,nan,98.3,30188,29674727800.0,71476,98.365,26,98.36,19,nan,0,nan,0,nan,0,nan,0,nan,0,nan,0,nan,0,nan,0
1597988516594945024,1597988516936000000,2020-08-21 13:41:56.936000,98.36,98.415,98.19,98.195,nan,98.3,30188,29674727800.0,71476,98.365,28,98.36,19,nan,0,nan,0,nan,0,nan,0,nan,0,nan,0,nan,0,nan,0
1597988517100428032,1597988517398999808,2020-08-21 13:41:57.399000,98.36,98.415,98.19,98.195,nan,98.3,30188,29674727800.0,71476,98.365,28,98.36,19,nan,0,nan,0,nan,0,nan,0,nan,0,nan,0,nan,0,nan,0
1597988518098060032,1597988518431000064,2020-08-21 13:41:58.431000,98.36,98.415,98.19,98.195,nan,98.3,30188,29674727800.0,71476,98.365,28,98.36,19,nan,0,nan,0,nan,0,nan,0,nan,0,nan,0,nan,0,nan,0
1597988518595440128,1597988518930000128,2020-08-21 13:41:58.930000,98.365,98.415,98.19,98.195,nan,98.3,30190,29676695100.0,71475,98.365,26,98.36,20,nan,0,nan,0,nan,0,nan,0,nan,0,nan,0,nan,0,nan,0
1597988519117836032,1597988519436000000,2020-08-21 13:41:59.436000,98.365,98.415,98.19,98.195,nan,98.3,30190,29676695100.0,71475,98.365,24,98.36,20,nan,0,nan,0,nan,0,nan,0,nan,0,nan,0,nan,0,nan,0
1597988519596704000,1597988519936999936,2020-08-21 13:41:59.937000,98.365,98.415,98.19,98.195,nan,98.3,30190,29676695100.0,71475,98.365,24,98.36,22,nan,0,nan,0,nan,0,nan,0,nan,0,nan,0,nan,0,nan,0
1597988520099140096,1597988520426000128,2020-08-21 13:42:00.426000,98.365,98.415,98.19,98.195,nan,98.3,30190,29676695100.0,71475,98.365,24,98.36,22,nan,0,nan,0,nan,0,nan,0,nan,0,nan,0,nan,0,nan,0
1597988520592422912,1597988520937999872,2020-08-21 13:42:00.938000,98.365,98.415,98.19,98.195,nan,98.3,30190,29676695100.0,71475,98.365,24,98.36,22,nan,0,nan,0,nan,0,nan,0,nan,0,nan,0,nan,0,nan,0
