local_nano_time,quote_nano_time,datetime,last_price,highest,lowest,open,close,average,volume,amount,open_interest,ask_price1,ask_volume1,bid_price1,bid_volume1,ask_price2,ask_volume2,bid_price2,bid_volume2,ask_price3,ask_volume3,bid_price3,bid_volume3,ask_price4,ask_volume4,bid_price4,bid_volume4,ask_price5,ask_volume5,bid_price5,bid_volume5
1597988230152136960,1597988230432000000,2020-08-21 13:37:10.432000,14755.0,14985.0,14720.0,14780.0,nan,14842.993048,108600,8059745225.0,115066,14755.0,53,14750.0,67,14760.0,46,14745.0,312,14765.0,16,14740.0,378,14770.0,123,14735.0,300,14775.0,41,14730.0,205
1597988231154025984,1597988231436999936,2020-08-21 13:37:11.437000,14755.0,14985.0,14720.0,14780.0,nan,14842.992238,108601,8059819000.0,115067,14755.0,55,14750.0,67,14760.0,46,14745.0,312,14765.0,16,14740.0,378,14770.0,123,14735.0,300,14775.0,41,14730.0,205
1597988231628250880,1597988231910000128,2020-08-21 13:37:11.910000,14755.0,14985.0,14720.0,14780.0,nan,14842.987377,108607,8060261650.0,115067,14755.0,51,14750.0,67,14760.0,46,14745.0,312,14765.0,16,14740.0,378,14770.0,123,14735.0,300,14775.0,41,14730.0,205
1597988232113509888,1597988232423000064,2020-08-21 13:37:12.423000,14755.0,14985.0,14720.0,14780.0,nan,14842.987377,108607,8060261650.0,115067,14755.0,51,14750.0,62,14760.0,46,14745.0,312,14765.0,16,14740.0,378,14770.0,123,14735.0,300,14775.0,41,14730.0,205
1597988233118146048,1597988233405999872,2020-08-21 13:37:13.406000,14755.0,14985.0,14720.0,14780.0,nan,14842.987377,108607,8060261650.0,115067,14755.0,51,14750.0,52,14760.0,46,14745.0,312,14765.0,16,14740.0,378,14770.0,123,14735.0,300,14775.0,41,14730.0,205
1597988233616910080,1597988233912000000,2020-08-21 13:37:13.912000,14755.0,14985.0,14720.0,14780.0,nan,14842.987377,108607,8060261650.0,115067,14755.0,51,14750.0,102,14760.0,46,14745.0,262,14765.0,16,14740.0,378,14770.0,123,14735.0,300,14775.0,41,14730.0,205
1597988234131528960,1597988234427000064,2020-08-21 13:37:14.427000,14755.0,14985.0,14720.0,14780.0,nan,14842.987377,108607,8060261650.0,115067,14755.0,51,14750.0,104,14760.0,46,14745.0,262,14765.0,16,14740.0,378,14770.0,123,14735.0,300,14775.0,41,14730.0,205
1597988234619347968,1597988234937999872,2020-08-21 13:37:14.938000,14755.0,14985.0,14720.0,14780.0,nan,14842.987377,108607,8060261650.0,115067,14755.0,52,14750.0,104,14760.0,45,14745.0,262,14765.0,16,14740.0,378,14770.0,123,14735.0,300,14775.0,41,14730.0,205
1597988235132019968,1597988235413000192,2020-08-21 13:37:15.413000,14755.0,14985.0,14720.0,14780.0,nan,14842.987377,108607,8060261650.0,115067,14755.0,52,14750.0,104,14760.0,44,14745.0,262,14765.0,16,14740.0,378,14770.0,123,14735.0,300,14775.0,41,14730.0,205
1597988235624978944,1597988235905999872,2020-08-21 13:37:15.906000,14755.0,14985.0,14720.0,14780.0,nan,14842.987377,108607,8060261650.0,115067,14755.0,53,14750.0,104,14760.0,43,14745.0,262,14765.0,16,14740.0,378,14770.0,123,14735.0,300,14775.0,41,14730.0,205
1597988240630138880,1597988240916000000,2020-08-21 13:37:20.916000,14755.0,14985.0,14720.0,14780.0,nan,14842.987377,108607,8060261650.0,115067,14755.0,54,14750.0,104,14760.0,43,14745.0,262,14765.0,16,14740.0,378,14770.0,123,14735.0,300,14775.0,41,14730.0,205
1597988242127088128,1597988242423000064,2020-08-21 13:37:22.423000,14755.0,14985.0,14720.0,14780.0,nan,14842.94365,108661,8064245500.0,115104,14760.0,43,14755.0,4,14765.0,17,14750.0,104,14770.0,123,14745.0,262,14775.0,41,14740.0,378,14780.0,27,14735.0,300
1597988242623500032,1597988242935000064,2020-08-21 13:37:22.935000,14755.0,14985.0,14720.0,14780.0,nan,14842.938795,108667,8064688150.0,115103,14755.0,7,14750.0,104,14760.0,44,14745.0,262,14765.0,17,14740.0,378,14770.0,123,14735.0,300,14775.0,41,14730.0,205
1597988243119751936,1597988243432000000,2020-08-21 13:37:23.432000,14755.0,14985.0,14720.0,14780.0,nan,14842.934749,108672,8065057025.0,115103,14755.0,13,14750.0,105,14760.0,44,14745.0,262,14765.0,17,14740.0,378,14770.0,123,14735.0,300,14775.0,41,14730.0,205
1597988243629334016,1597988243917999872,2020-08-21 13:37:23.918000,14755.0,14985.0,14720.0,14780.0,nan,14842.934749,108672,8065057025.0,115103,14755.0,14,14750.0,105,14760.0,44,14745.0,262,14765.0,17,14740.0,378,14770.0,123,14735.0,300,14775.0,41,14730.0,205
1597988245123120128,1597988245427000064,2020-08-21 13:37:25.427000,14755.0,14985.0,14720.0,14780.0,nan,14842.933939,108673,8065130800.0,115102,14755.0,13,14750.0,105,14760.0,44,14745.0,262,14765.0,17,14740.0,378,14770.0,123,14735.0,300,14775.0,41,14730.0,205
1597988246641160960,1597988246932000000,2020-08-21 13:37:26.932000,14755.0,14985.0,14720.0,14780.0,nan,14842.925849,108683,8065868550.0,115102,14755.0,3,14750.0,105,14760.0,44,14745.0,262,14765.0,17,14740.0,378,14770.0,123,14735.0,300,14775.0,41,14730.0,205
1597988247132928000,1597988247436999936,2020-08-21 13:37:27.437000,14755.0,14985.0,14720.0,14780.0,nan,14842.92504,108684,8065942325.0,115102,14755.0,6,14750.0,105,14760.0,44,14745.0,262,14765.0,17,14740.0,378,14770.0,123,14735.0,300,14775.0,41,14730.0,205
1597988247614067968,1597988247912000000,2020-08-21 13:37:27.912000,14755.0,14985.0,14720.0,14780.0,nan,14842.92504,108684,8065942325.0,115102,14755.0,7,14750.0,105,14760.0,44,14745.0,262,14765.0,17,14740.0,378,14770.0,123,14735.0,300,14775.0,41,14730.0,205
1597988248629480960,1597988248938999808,2020-08-21 13:37:28.939000,14755.0,14985.0,14720.0,14780.0,nan,14842.92504,108684,8065942325.0,115102,14755.0,9,14750.0,105,14760.0,44,14745.0,262,14765.0,17,14740.0,378,14770.0,123,14735.0,300,14775.0,41,14730.0,205
1597988251608281088,1597988251914000128,2020-08-21 13:37:31.914000,14755.0,14985.0,14720.0,14780.0,nan,14842.924231,108685,8066016100.0,115103,14755.0,8,14750.0,105,14760.0,44,14745.0,262,14765.0,17,14740.0,378,14770.0,123,14735.0,300,14775.0,41,14730.0,205
1597988252608273920,1597988252933000192,2020-08-21 13:37:32.933000,14755.0,14985.0,14720.0,14780.0,nan,14842.923422,108686,8066089875.0,115104,14755.0,7,14750.0,105,14760.0,44,14745.0,262,14765.0,17,14740.0,378,14770.0,123,14735.0,300,14775.0,41,14730.0,205
1597988254121628928,1597988254438999808,2020-08-21 13:37:34.439000,14755.0,14985.0,14720.0,14780.0,nan,14842.923422,108686,8066089875.0,115104,14755.0,27,14750.0,105,14760.0,44,14745.0,262,14765.0,17,14740.0,378,14770.0,123,14735.0,300,14775.0,41,14730.0,205
1597988254620580096,1597988254935000064,2020-08-21 13:37:34.935000,14755.0,14985.0,14720.0,14780.0,nan,14842.923422,108686,8066089875.0,115104,14755.0,32,14750.0,105,14760.0,44,14745.0,262,14765.0,17,14740.0,378,14770.0,123,14735.0,300,14775.0,41,14730.0,205
1597988255109889024,1597988255433000192,2020-08-21 13:37:35.433000,14755.0,14985.0,14720.0,14780.0,nan,14842.923422,108686,8066089875.0,115104,14755.0,33,14750.0,105,14760.0,44,14745.0,262,14765.0,17,14740.0,378,14770.0,123,14735.0,300,14775.0,41,14730.0,205
1597988255615036928,1597988255931000064,2020-08-21 13:37:35.931000,14755.0,14985.0,14720.0,14780.0,nan,14842.923422,108686,8066089875.0,115104,14755.0,34,14750.0,105,14760.0,44,14745.0,262,14765.0,17,14740.0,378,14770.0,123,14735.0,300,14775.0,41,14730.0,205
1597988257615010048,1597988257933000192,2020-08-21 13:37:37.933000,14755.0,14985.0,14720.0,14780.0,nan,14842.923422,108686,8066089875.0,115104,14755.0,34,14750.0,115,14760.0,44,14745.0,262,14765.0,17,14740.0,378,14770.0,123,14735.0,300,14775.0,41,14730.0,205
1597988259137859072,1597988259405999872,2020-08-21 13:37:39.406000,14755.0,14985.0,14720.0,14780.0,nan,14842.923422,108686,8066089875.0,115104,14755.0,35,14750.0,115,14760.0,44,14745.0,262,14765.0,17,14740.0,378,14770.0,123,14735.0,300,14775.0,41,14730.0,205
1597988259623343104,1597988259921999872,2020-08-21 13:37:39.922000,14755.0,14985.0,14720.0,14780.0,nan,14842.923422,108686,8066089875.0,115104,14755.0,37,14750.0,115,14760.0,44,14745.0,262,14765.0,17,14740.0,378,14770.0,123,14735.0,300,14775.0,41,14730.0,205
1597988260120280064,1597988260427000064,2020-08-21 13:37:40.427000,14755.0,14985.0,14720.0,14780.0,nan,14842.922613,108687,8066163650.0,115105,14755.0,41,14750.0,115,14760.0,44,14745.0,262,14765.0,17,14740.0,378,14770.0,123,14735.0,300,14775.0,41,14730.0,205
1597988260623271936,1597988260932000000,2020-08-21 13:37:40.932000,14755.0,14985.0,14720.0,14780.0,nan,14842.922613,108687,8066163650.0,115105,14755.0,44,14750.0,115,14760.0,44,14745.0,262,14765.0,17,14740.0,378,14770.0,123,14735.0,300,14775.0,41,14730.0,205
1597988261149115904,1597988261436000000,2020-08-21 13:37:41.436000,14755.0,14985.0,14720.0,14780.0,nan,14842.887841,108730,8069335975.0,115129,14755.0,1,14750.0,111,14760.0,44,14745.0,262,14765.0,17,14740.0,378,14770.0,123,14735.0,300,14775.0,41,14730.0,205
1597988261604936960,1597988261931000064,2020-08-21 13:37:41.931000,14755.0,14985.0,14720.0,14780.0,nan,14842.884608,108734,8069631075.0,115129,14760.0,44,14755.0,14,14765.0,17,14750.0,111,14770.0,123,14745.0,262,14775.0,41,14740.0,378,14780.0,27,14735.0,300
1597988262123799040,1597988262435000064,2020-08-21 13:37:42.435000,14755.0,14985.0,14720.0,14780.0,nan,14842.882184,108737,8069852400.0,115129,14760.0,44,14755.0,12,14765.0,17,14750.0,112,14770.0,123,14745.0,262,14775.0,41,14740.0,378,14780.0,27,14735.0,300
1597988262620011008,1597988262910000128,2020-08-21 13:37:42.910000,14755.0,14985.0,14720.0,14780.0,nan,14842.878951,108741,8070147500.0,115129,14760.0,44,14755.0,8,14765.0,17,14750.0,112,14770.0,123,14745.0,262,14775.0,41,14740.0,378,14780.0,27,14735.0,300
1597988264604028928,1597988264935000064,2020-08-21 13:37:44.935000,14755.0,14985.0,14720.0,14780.0,nan,14842.872486,108749,8070737700.0,115128,14760.0,44,14750.0,112,14765.0,17,14745.0,262,14770.0,123,14740.0,378,14775.0,41,14735.0,300,14780.0,27,14730.0,205
1597988265615206912,1597988265935000064,2020-08-21 13:37:45.935000,14755.0,14985.0,14720.0,14780.0,nan,14842.872486,108749,8070737700.0,115128,14760.0,44,14750.0,111,14765.0,17,14745.0,262,14770.0,123,14740.0,378,14775.0,41,14735.0,300,14780.0,27,14730.0,205
1597988266604929024,1597988266924000000,2020-08-21 13:37:46.924000,14755.0,14985.0,14720.0,14780.0,nan,14842.872486,108749,8070737700.0,115128,14760.0,49,14750.0,112,14765.0,17,14745.0,262,14770.0,123,14740.0,378,14775.0,41,14735.0,300,14780.0,27,14730.0,205
1597988269631171072,1597988269923000064,2020-08-21 13:37:49.923000,14760.0,14985.0,14720.0,14780.0,nan,14842.871724,108750,8070811500.0,115127,14760.0,48,14750.0,112,14765.0,17,14745.0,262,14770.0,123,14740.0,378,14775.0,41,14735.0,300,14780.0,27,14730.0,205
1597988273615325952,1597988273932000000,2020-08-21 13:37:53.932000,14750.0,14985.0,14720.0,14780.0,nan,14842.776175,108862,8079071500.0,115111,14750.0,400,14745.0,261,14755.0,12,14740.0,378,14760.0,48,14735.0,300,14765.0,17,14730.0,205,14770.0,123,14725.0,244
1597988274148809984,1597988274432000000,2020-08-21 13:37:54.432000,14750.0,14985.0,14720.0,14780.0,nan,14842.767654,108872,8079809000.0,115101,14750.0,399,14745.0,249,14755.0,13,14740.0,378,14760.0,51,14735.0,301,14765.0,17,14730.0,205,14770.0,123,14725.0,244
1597988274615408896,1597988274931000064,2020-08-21 13:37:54.931000,14750.0,14985.0,14720.0,14780.0,nan,14842.765098,108875,8080030250.0,115098,14750.0,395,14745.0,249,14755.0,13,14740.0,376,14760.0,47,14735.0,301,14765.0,17,14730.0,205,14770.0,123,14725.0,244
1597988275119553024,1597988275411000064,2020-08-21 13:37:55.411000,14750.0,14985.0,14720.0,14780.0,nan,14842.765098,108875,8080030250.0,115098,14750.0,395,14745.0,249,14755.0,13,14740.0,376,14760.0,42,14735.0,301,14765.0,17,14730.0,206,14770.0,123,14725.0,244
1597988277609920000,1597988277920000000,2020-08-21 13:37:57.920000,14750.0,14985.0,14720.0,14780.0,nan,14842.765098,108875,8080030250.0,115098,14750.0,395,14745.0,249,14755.0,13,14740.0,377,14760.0,42,14735.0,301,14765.0,17,14730.0,206,14770.0,123,14725.0,244
1597988278118761984,1597988278436000000,2020-08-21 13:37:58.436000,14750.0,14985.0,14720.0,14780.0,nan,14842.765098,108875,8080030250.0,115098,14750.0,20,14745.0,249,14755.0,13,14740.0,376,14760.0,41,14735.0,301,14765.0,17,14730.0,206,14770.0,123,14725.0,244
1597988278622327040,1597988278937999872,2020-08-21 13:37:58.938000,14745.0,14985.0,14720.0,14780.0,nan,14842.482875,109194,8103550375.0,114902,14745.0,99,14740.0,377,14750.0,8,14735.0,301,14755.0,7,14730.0,206,14760.0,34,14725.0,244,14765.0,17,14720.0,165
1597988279155130880,1597988279436000000,2020-08-21 13:37:59.436000,14745.0,14985.0,14720.0,14780.0,nan,14842.445393,109236,8106646825.0,114901,14745.0,69,14740.0,377,14750.0,10,14735.0,300,14755.0,12,14730.0,167,14760.0,35,14725.0,245,14765.0,18,14720.0,165
1597988279621932032,1597988279936999936,2020-08-21 13:37:59.937000,14745.0,14985.0,14720.0,14780.0,nan,14842.420422,109264,8108711125.0,114894,14745.0,44,14740.0,376,14750.0,10,14735.0,300,14755.0,12,14730.0,167,14760.0,65,14725.0,245,14765.0,26,14720.0,165
1597988280125757952,1597988280436000000,2020-08-21 13:38:00.436000,14745.0,14985.0,14720.0,14780.0,nan,14842.415964,109269,8109079750.0,114894,14745.0,39,14740.0,376,14750.0,10,14735.0,300,14755.0,12,14730.0,167,14760.0,65,14725.0,245,14765.0,26,14720.0,165
1597988280605041920,1597988280933000192,2020-08-21 13:38:00.933000,14745.0,14985.0,14720.0,14780.0,nan,14842.415964,109269,8109079750.0,114894,14745.0,42,14740.0,377,14750.0,10,14735.0,300,14755.0,12,14730.0,167,14760.0,65,14725.0,245,14765.0,26,14720.0,165
1597988281110979072,1597988281405999872,2020-08-21 13:38:01.406000,14745.0,14985.0,14720.0,14780.0,nan,14842.415964,109269,8109079750.0,114894,14745.0,45,14740.0,377,14750.0,12,14735.0,300,14755.0,12,14730.0,167,14760.0,65,14725.0,245,14765.0,26,14720.0,165
1597988282152470016,1597988282423000064,2020-08-21 13:38:02.423000,14745.0,14985.0,14720.0,14780.0,nan,14842.415964,109269,8109079750.0,114894,14745.0,45,14740.0,378,14750.0,12,14735.0,300,14755.0,12,14730.0,167,14760.0,65,14725.0,245,14765.0,26,14720.0,165
1597988282627208960,1597988282935000064,2020-08-21 13:38:02.935000,14745.0,14985.0,14720.0,14780.0,nan,14842.404376,109282,8110038175.0,114894,14745.0,32,14740.0,378,14750.0,12,14735.0,300,14755.0,12,14730.0,167,14760.0,66,14725.0,245,14765.0,26,14720.0,165
1597988283123891968,1597988283430000128,2020-08-21 13:38:03.430000,14745.0,14985.0,14720.0,14780.0,nan,14842.404376,109282,8110038175.0,114894,14745.0,33,14740.0,378,14750.0,12,14735.0,300,14755.0,12,14730.0,167,14760.0,66,14725.0,245,14765.0,26,14720.0,165
1597988283633551104,1597988283913000192,2020-08-21 13:38:03.913000,14745.0,14985.0,14720.0,14780.0,nan,14842.404376,109282,8110038175.0,114894,14745.0,34,14740.0,378,14750.0,12,14735.0,300,14755.0,12,14730.0,167,14760.0,66,14725.0,245,14765.0,26,14720.0,165
1597988284131129088,1597988284435000064,2020-08-21 13:38:04.435000,14745.0,14985.0,14720.0,14780.0,nan,14842.404376,109282,8110038175.0,114894,14745.0,34,14740.0,378,14750.0,12,14735.0,301,14755.0,12,14730.0,167,14760.0,66,14725.0,245,14765.0,26,14720.0,165
1597988284602851072,1597988284932000000,2020-08-21 13:38:04.932000,14745.0,14985.0,14720.0,14780.0,nan,14842.404376,109282,8110038175.0,114894,14745.0,34,14740.0,378,14750.0,12,14735.0,301,14755.0,12,14730.0,167,14760.0,36,14725.0,245,14765.0,26,14720.0,165
1597988285126131968,1597988285413000192,2020-08-21 13:38:05.413000,14745.0,14985.0,14720.0,14780.0,nan,14842.374081,109316,8112544825.0,114916,14750.0,12,14745.0,16,14755.0,12,14740.0,378,14760.0,51,14735.0,301,14765.0,26,14730.0,167,14770.0,162,14725.0,245
1597988285624919040,1597988285937999872,2020-08-21 13:38:05.938000,14745.0,14985.0,14720.0,14780.0,nan,14842.374081,109316,8112544825.0,114916,14750.0,45,14745.0,25,14755.0,13,14740.0,377,14760.0,36,14735.0,301,14765.0,26,14730.0,167,14770.0,162,14725.0,245
1597988286147704064,1597988286428000000,2020-08-21 13:38:06.428000,14745.0,14985.0,14720.0,14780.0,nan,14842.346475,109347,8114830300.0,114909,14750.0,47,14740.0,377,14755.0,13,14735.0,301,14760.0,36,14730.0,167,14765.0,26,14725.0,245,14770.0,162,14720.0,165
1597988286617280000,1597988286936000000,2020-08-21 13:38:06.936000,14745.0,14985.0,14720.0,14780.0,nan,14842.346475,109347,8114830300.0,114909,14750.0,47,14740.0,376,14755.0,13,14735.0,301,14760.0,36,14730.0,167,14765.0,26,14725.0,245,14770.0,162,14720.0,165
1597988288150804992,1597988288436999936,2020-08-21 13:38:08.437000,14745.0,14985.0,14720.0,14780.0,nan,14842.346475,109347,8114830300.0,114909,14750.0,48,14740.0,376,14755.0,13,14735.0,301,14760.0,36,14730.0,167,14765.0,26,14725.0,245,14770.0,162,14720.0,165
1597988288608690944,1597988288913000192,2020-08-21 13:38:08.913000,14745.0,14985.0,14720.0,14780.0,nan,14842.346475,109347,8114830300.0,114909,14745.0,6,14740.0,376,14750.0,52,14735.0,301,14755.0,13,14730.0,167,14760.0,36,14725.0,245,14765.0,26,14720.0,165
1597988289131833088,1597988289432000000,2020-08-21 13:38:09.432000,14745.0,14985.0,14720.0,14780.0,nan,14842.344695,109349,8114977750.0,114911,14745.0,5,14740.0,376,14750.0,52,14735.0,301,14755.0,13,14730.0,167,14760.0,36,14725.0,245,14765.0,26,14720.0,165
1597988289620621056,1597988289911000064,2020-08-21 13:38:09.911000,14745.0,14985.0,14720.0,14780.0,nan,14842.344695,109349,8114977750.0,114911,14745.0,5,14740.0,376,14750.0,52,14735.0,301,14755.0,14,14730.0,167,14760.0,36,14725.0,245,14765.0,26,14720.0,165
1597988290118789888,1597988290417999872,2020-08-21 13:38:10.418000,14745.0,14985.0,14720.0,14780.0,nan,14842.344695,109349,8114977750.0,114911,14745.0,5,14740.0,375,14750.0,52,14735.0,301,14755.0,14,14730.0,167,14760.0,36,14725.0,245,14765.0,26,14720.0,165
1597988291624363008,1597988291936000000,2020-08-21 13:38:11.936000,14745.0,14985.0,14720.0,14780.0,nan,14842.343804,109350,8115051475.0,114912,14745.0,4,14740.0,375,14750.0,52,14735.0,301,14755.0,14,14730.0,167,14760.0,36,14725.0,245,14765.0,26,14720.0,165
1597988295174172928,1597988295438999808,2020-08-21 13:38:15.439000,14745.0,14985.0,14720.0,14780.0,nan,14842.335793,109359,8115715000.0,114921,14750.0,52,14745.0,91,14755.0,14,14740.0,375,14760.0,36,14735.0,301,14765.0,26,14730.0,167,14770.0,162,14725.0,245
1597988295620637952,1597988295937999872,2020-08-21 13:38:15.938000,14745.0,14985.0,14720.0,14780.0,nan,14842.335793,109359,8115715000.0,114921,14750.0,59,14745.0,93,14755.0,14,14740.0,376,14760.0,36,14735.0,301,14765.0,26,14730.0,167,14770.0,162,14725.0,245
1597988296628602112,1597988296903000064,2020-08-21 13:38:16.903000,14745.0,14985.0,14720.0,14780.0,nan,14842.335793,109359,8115715000.0,114921,14750.0,59,14745.0,93,14755.0,13,14740.0,376,14760.0,36,14735.0,301,14765.0,26,14730.0,167,14770.0,162,14725.0,245
1597988297159301120,1597988297424999936,2020-08-21 13:38:17.425000,14750.0,14985.0,14720.0,14780.0,nan,14842.334949,109360,8115788750.0,114922,14750.0,58,14745.0,93,14755.0,14,14740.0,376,14760.0,36,14735.0,301,14765.0,26,14730.0,167,14770.0,162,14725.0,245
1597988299626757888,1597988299933000192,2020-08-21 13:38:19.933000,14750.0,14985.0,14720.0,14780.0,nan,14842.334949,109360,8115788750.0,114922,14750.0,58,14745.0,94,14755.0,14,14740.0,376,14760.0,36,14735.0,301,14765.0,26,14730.0,167,14770.0,162,14725.0,245
1597988300159766016,1597988300418999808,2020-08-21 13:38:20.419000,14750.0,14985.0,14720.0,14780.0,nan,14842.334949,109360,8115788750.0,114922,14750.0,57,14745.0,94,14755.0,14,14740.0,376,14760.0,36,14735.0,301,14765.0,26,14730.0,167,14770.0,162,14725.0,245
1597988302029093120,1597988301933000192,2020-08-21 13:38:21.933000,14750.0,14985.0,14720.0,14780.0,nan,14842.334949,109360,8115788750.0,114922,14750.0,57,14745.0,94,14755.0,13,14740.0,376,14760.0,36,14735.0,301,14765.0,26,14730.0,167,14770.0,162,14725.0,245
1597988302145412096,1597988302412000000,2020-08-21 13:38:22.412000,14750.0,14985.0,14720.0,14780.0,nan,14842.334949,109360,8115788750.0,114922,14750.0,58,14745.0,94,14755.0,13,14740.0,376,14760.0,36,14735.0,301,14765.0,26,14730.0,167,14770.0,162,14725.0,245
1597988302634310912,1597988302926000128,2020-08-21 13:38:22.926000,14750.0,14985.0,14720.0,14780.0,nan,14842.334949,109360,8115788750.0,114922,14750.0,59,14745.0,94,14755.0,13,14740.0,376,14760.0,36,14735.0,301,14765.0,26,14730.0,167,14770.0,162,14725.0,245
1597988303605327872,1597988303917999872,2020-08-21 13:38:23.918000,14750.0,14985.0,14720.0,14780.0,nan,14842.334949,109360,8115788750.0,114922,14750.0,59,14745.0,94,14755.0,13,14740.0,376,14760.0,36,14735.0,298,14765.0,26,14730.0,167,14770.0,162,14725.0,245
1597988307611460096,1597988307923000064,2020-08-21 13:38:27.923000,14750.0,14985.0,14720.0,14780.0,nan,14842.334949,109360,8115788750.0,114922,14750.0,60,14745.0,94,14755.0,13,14740.0,376,14760.0,36,14735.0,298,14765.0,26,14730.0,167,14770.0,162,14725.0,245
1597988308124783104,1597988308432000000,2020-08-21 13:38:28.432000,14750.0,14985.0,14720.0,14780.0,nan,14842.334104,109361,8115862500.0,114923,14750.0,59,14745.0,94,14755.0,13,14740.0,376,14760.0,36,14735.0,298,14765.0,26,14730.0,167,14770.0,162,14725.0,245
1597988309708584960,1597988309937999872,2020-08-21 13:38:29.938000,14750.0,14985.0,14720.0,14780.0,nan,14842.33326,109362,8115936250.0,114924,14750.0,58,14745.0,94,14755.0,13,14740.0,376,14760.0,36,14735.0,298,14765.0,26,14730.0,167,14770.0,162,14725.0,245
1597988312628433920,1597988312916999936,2020-08-21 13:38:32.917000,14750.0,14985.0,14720.0,14780.0,nan,14842.33326,109362,8115936250.0,114924,14750.0,61,14745.0,94,14755.0,13,14740.0,376,14760.0,36,14735.0,298,14765.0,26,14730.0,167,14770.0,162,14725.0,245
1597988313127280128,1597988313424000000,2020-08-21 13:38:33.424000,14750.0,14985.0,14720.0,14780.0,nan,14842.33326,109362,8115936250.0,114924,14750.0,62,14745.0,94,14755.0,14,14740.0,376,14760.0,36,14735.0,298,14765.0,26,14730.0,167,14770.0,162,14725.0,245
1597988313609031936,1597988313927000064,2020-08-21 13:38:33.927000,14750.0,14985.0,14720.0,14780.0,nan,14842.33326,109362,8115936250.0,114924,14750.0,62,14745.0,94,14755.0,13,14740.0,376,14760.0,36,14735.0,298,14765.0,26,14730.0,167,14770.0,162,14725.0,245
1597988314605980928,1597988314897000192,2020-08-21 13:38:34.897000,14750.0,14985.0,14720.0,14780.0,nan,14842.324818,109372,8116673750.0,114920,14750.0,52,14745.0,101,14755.0,13,14740.0,376,14760.0,36,14735.0,298,14765.0,26,14730.0,175,14770.0,162,14725.0,245
1597988315124353024,1597988315403000064,2020-08-21 13:38:35.403000,14750.0,14985.0,14720.0,14780.0,nan,14842.282631,109422,8120361250.0,114941,14755.0,13,14750.0,13,14760.0,36,14745.0,104,14765.0,26,14740.0,376,14770.0,162,14735.0,298,14775.0,32,14730.0,175
1597988315706150912,1597988315878000128,2020-08-21 13:38:35.878000,14750.0,14985.0,14720.0,14780.0,nan,14842.269982,109437,8121467500.0,114942,14755.0,50,14750.0,3,14760.0,35,14745.0,104,14765.0,26,14740.0,376,14770.0,162,14735.0,299,14775.0,32,14730.0,175
1597988316116943872,1597988316420000000,2020-08-21 13:38:36.420000,14750.0,14985.0,14720.0,14780.0,nan,14842.266609,109441,8121762500.0,114938,14750.0,6,14745.0,104,14755.0,51,14740.0,376,14760.0,35,14735.0,299,14765.0,18,14730.0,175,14770.0,171,14725.0,244
1597988316602248960,1597988316920999936,2020-08-21 13:38:36.921000,14750.0,14985.0,14720.0,14780.0,nan,14842.262394,109446,8122131250.0,114942,14755.0,51,14745.0,104,14760.0,35,14740.0,376,14765.0,18,14735.0,299,14770.0,171,14730.0,175,14775.0,32,14725.0,244
1597988319626981120,1597988319927000064,2020-08-21 13:38:39.927000,14750.0,14985.0,14720.0,14780.0,nan,14842.262394,109446,8122131250.0,114942,14755.0,54,14745.0,104,14760.0,35,14740.0,376,14765.0,18,14735.0,299,14770.0,171,14730.0,175,14775.0,32,14725.0,244
1597988324603179008,1597988324895000064,2020-08-21 13:38:44.895000,14750.0,14985.0,14720.0,14780.0,nan,14842.262394,109446,8122131250.0,114942,14755.0,54,14745.0,116,14760.0,35,14740.0,376,14765.0,18,14735.0,299,14770.0,171,14730.0,175,14775.0,32,14725.0,244
1597988325141680128,1597988325424000000,2020-08-21 13:38:45.424000,14750.0,14985.0,14720.0,14780.0,nan,14842.262394,109446,8122131250.0,114942,14755.0,54,14750.0,1,14760.0,35,14745.0,116,14765.0,18,14740.0,376,14770.0,171,14735.0,299,14775.0,32,14730.0,175
1597988325621153024,1597988325935000064,2020-08-21 13:38:45.935000,14750.0,14985.0,14720.0,14780.0,nan,14842.260708,109448,8122278750.0,114940,14755.0,54,14745.0,116,14760.0,35,14740.0,376,14765.0,18,14735.0,299,14770.0,171,14730.0,175,14775.0,32,14725.0,244
1597988327636896000,1597988327936999936,2020-08-21 13:38:47.937000,14750.0,14985.0,14720.0,14780.0,nan,14842.260708,109448,8122278750.0,114940,14755.0,54,14745.0,117,14760.0,35,14740.0,376,14765.0,18,14735.0,299,14770.0,171,14730.0,175,14775.0,32,14725.0,244
1597988328195634944,1597988328431000064,2020-08-21 13:38:48.431000,14755.0,14985.0,14720.0,14780.0,nan,14842.259911,109449,8122352525.0,114941,14755.0,53,14745.0,117,14760.0,35,14740.0,376,14765.0,18,14735.0,299,14770.0,171,14730.0,175,14775.0,32,14725.0,244
1597988330137661952,1597988330434000128,2020-08-21 13:38:50.434000,14755.0,14985.0,14720.0,14780.0,nan,14842.259911,109449,8122352525.0,114941,14755.0,54,14745.0,117,14760.0,35,14740.0,376,14765.0,18,14735.0,299,14770.0,171,14730.0,175,14775.0,32,14725.0,244
1597988330623684096,1597988330931000064,2020-08-21 13:38:50.931000,14755.0,14985.0,14720.0,14780.0,nan,14842.259911,109449,8122352525.0,114941,14755.0,56,14745.0,117,14760.0,35,14740.0,376,14765.0,18,14735.0,299,14770.0,171,14730.0,175,14775.0,32,14725.0,244
1597988332696027904,1597988332932000000,2020-08-21 13:38:52.932000,14755.0,14985.0,14720.0,14780.0,nan,14842.258317,109451,8122500075.0,114943,14755.0,54,14745.0,117,14760.0,35,14740.0,376,14765.0,18,14735.0,299,14770.0,171,14730.0,175,14775.0,32,14725.0,244
1597988333122343936,1597988333436000000,2020-08-21 13:38:53.436000,14755.0,14985.0,14720.0,14780.0,nan,14842.258317,109451,8122500075.0,114943,14750.0,2,14745.0,117,14755.0,54,14740.0,376,14760.0,35,14735.0,299,14765.0,18,14730.0,175,14770.0,171,14725.0,244
1597988333672389888,1597988333913000192,2020-08-21 13:38:53.913000,14755.0,14985.0,14720.0,14780.0,nan,14842.258317,109451,8122500075.0,114943,14750.0,3,14745.0,117,14755.0,54,14740.0,376,14760.0,35,14735.0,299,14765.0,18,14730.0,175,14770.0,171,14725.0,244
1597988336123511040,1597988336403000064,2020-08-21 13:38:56.403000,14755.0,14985.0,14720.0,14780.0,nan,14842.258317,109451,8122500075.0,114943,14750.0,15,14745.0,117,14755.0,54,14740.0,376,14760.0,35,14735.0,299,14765.0,18,14730.0,175,14770.0,171,14725.0,244
1597988336615120896,1597988336936999936,2020-08-21 13:38:56.937000,14755.0,14985.0,14720.0,14780.0,nan,14842.258317,109451,8122500075.0,114943,14750.0,16,14745.0,117,14755.0,54,14740.0,376,14760.0,35,14735.0,299,14765.0,18,14730.0,175,14770.0,171,14725.0,244
1597988337138930944,1597988337416999936,2020-08-21 13:38:57.417000,14750.0,14985.0,14720.0,14780.0,nan,14842.254945,109455,8122795075.0,114946,14750.0,12,14745.0,117,14755.0,54,14740.0,376,14760.0,35,14735.0,299,14765.0,18,14730.0,175,14770.0,171,14725.0,244
1597988337652685056,1597988338216999936,2020-08-21 13:38:58.217000,14750.0,14985.0,14720.0,14780.0,nan,14842.254945,109455,8122795075.0,114946,14750.0,14,14745.0,117,14755.0,54,14740.0,376,14760.0,35,14735.0,299,14765.0,18,14730.0,175,14770.0,171,14725.0,244
1597988338623444992,1597988338928999936,2020-08-21 13:38:58.929000,14750.0,14985.0,14720.0,14780.0,nan,14842.254102,109456,8122868825.0,114946,14750.0,13,14745.0,117,14755.0,54,14740.0,376,14760.0,35,14735.0,299,14765.0,18,14730.0,175,14770.0,171,14725.0,244
1597988341125853952,1597988341415000064,2020-08-21 13:39:01.415000,14750.0,14985.0,14720.0,14780.0,nan,14842.254102,109456,8122868825.0,114946,14750.0,14,14745.0,117,14755.0,53,14740.0,376,14760.0,35,14735.0,299,14765.0,18,14730.0,175,14770.0,171,14725.0,244
1597988341648984064,1597988341936999936,2020-08-21 13:39:01.937000,14750.0,14985.0,14720.0,14780.0,nan,14842.254102,109456,8122868825.0,114946,14750.0,18,14745.0,117,14755.0,51,14740.0,376,14760.0,35,14735.0,299,14765.0,18,14730.0,175,14770.0,171,14725.0,244
1597988342164421120,1597988342573999872,2020-08-21 13:39:02.574000,14750.0,14985.0,14720.0,14780.0,nan,14842.253259,109457,8122942575.0,114946,14750.0,17,14745.0,117,14755.0,51,14740.0,376,14760.0,35,14735.0,299,14765.0,18,14730.0,175,14770.0,171,14725.0,244
1597988342657204992,1597988342924999936,2020-08-21 13:39:02.925000,14750.0,14985.0,14720.0,14780.0,nan,14842.253259,109457,8122942575.0,114946,14750.0,8,14745.0,117,14755.0,51,14740.0,376,14760.0,35,14735.0,299,14765.0,18,14730.0,175,14770.0,171,14725.0,244
1597988343162915072,1597988343668999936,2020-08-21 13:39:03.669000,14750.0,14985.0,14720.0,14780.0,nan,14842.253259,109457,8122942575.0,114946,14750.0,14,14745.0,117,14755.0,51,14740.0,376,14760.0,35,14735.0,299,14765.0,18,14730.0,175,14770.0,171,14725.0,244
1597988343625662976,1597988343936999936,2020-08-21 13:39:03.937000,14750.0,14985.0,14720.0,14780.0,nan,14842.253259,109457,8122942575.0,114946,14750.0,15,14745.0,117,14755.0,51,14740.0,376,14760.0,35,14735.0,299,14765.0,18,14730.0,175,14770.0,171,14725.0,244
1597988344618145024,1597988344918999808,2020-08-21 13:39:04.919000,14750.0,14985.0,14720.0,14780.0,nan,14842.253259,109457,8122942575.0,114946,14750.0,15,14745.0,117,14755.0,48,14740.0,376,14760.0,35,14735.0,299,14765.0,18,14730.0,175,14770.0,171,14725.0,244
1597988345193178112,1597988345416999936,2020-08-21 13:39:05.417000,14750.0,14985.0,14720.0,14780.0,nan,14842.253259,109457,8122942575.0,114946,14750.0,16,14745.0,117,14755.0,48,14740.0,376,14760.0,35,14735.0,299,14765.0,18,14730.0,175,14770.0,171,14725.0,244
1597988345632955904,1597988345923000064,2020-08-21 13:39:05.923000,14750.0,14985.0,14720.0,14780.0,nan,14842.253259,109457,8122942575.0,114946,14750.0,20,14745.0,117,14755.0,48,14740.0,376,14760.0,35,14735.0,299,14765.0,18,14730.0,175,14770.0,171,14725.0,244
1597988346156421888,1597988346420999936,2020-08-21 13:39:06.421000,14750.0,14985.0,14720.0,14780.0,nan,14842.253259,109457,8122942575.0,114946,14750.0,23,14745.0,117,14755.0,46,14740.0,376,14760.0,35,14735.0,299,14765.0,18,14730.0,175,14770.0,171,14725.0,244
1597988347195666944,1597988347420999936,2020-08-21 13:39:07.421000,14750.0,14985.0,14720.0,14780.0,nan,14842.253259,109457,8122942575.0,114946,14750.0,35,14745.0,117,14755.0,46,14740.0,376,14760.0,35,14735.0,299,14765.0,18,14730.0,175,14770.0,171,14725.0,244
1597988347632560128,1597988347923000064,2020-08-21 13:39:07.923000,14750.0,14985.0,14720.0,14780.0,nan,14842.253259,109457,8122942575.0,114946,14750.0,37,14745.0,117,14755.0,46,14740.0,376,14760.0,35,14735.0,299,14765.0,18,14730.0,175,14770.0,171,14725.0,244
1597988348162578944,1597988348430000128,2020-08-21 13:39:08.430000,14750.0,14985.0,14720.0,14780.0,nan,14842.253259,109457,8122942575.0,114946,14750.0,38,14745.0,117,14755.0,46,14740.0,376,14760.0,35,14735.0,299,14765.0,18,14730.0,175,14770.0,171,14725.0,244
1597988350663100928,1597988350888000000,2020-08-21 13:39:10.888000,14750.0,14985.0,14720.0,14780.0,nan,14842.253259,109457,8122942575.0,114946,14750.0,38,14745.0,117,14755.0,46,14740.0,376,14760.0,36,14735.0,299,14765.0,18,14730.0,175,14770.0,171,14725.0,244
1597988351132960000,1597988351423000064,2020-08-21 13:39:11.423000,14750.0,14985.0,14720.0,14780.0,nan,14842.253259,109457,8122942575.0,114946,14750.0,39,14745.0,117,14755.0,46,14740.0,376,14760.0,36,14735.0,299,14765.0,18,14730.0,175,14770.0,171,14725.0,244
1597988351683697920,1597988351935000064,2020-08-21 13:39:11.935000,14750.0,14985.0,14720.0,14780.0,nan,14842.253259,109457,8122942575.0,114946,14750.0,40,14745.0,117,14755.0,46,14740.0,376,14760.0,36,14735.0,299,14765.0,18,14730.0,175,14770.0,171,14725.0,244
1597988356125888000,1597988356436000000,2020-08-21 13:39:16.436000,14750.0,14985.0,14720.0,14780.0,nan,14842.253259,109457,8122942575.0,114946,14750.0,40,14745.0,118,14755.0,46,14740.0,376,14760.0,36,14735.0,299,14765.0,18,14730.0,175,14770.0,171,14725.0,244
1597988361131802880,1597988361430000128,2020-08-21 13:39:21.430000,14750.0,14985.0,14720.0,14780.0,nan,14842.252416,109458,8123016325.0,114947,14750.0,39,14745.0,118,14755.0,46,14740.0,371,14760.0,36,14735.0,299,14765.0,18,14730.0,175,14770.0,171,14725.0,244
1597988361615798016,1597988361904000000,2020-08-21 13:39:21.904000,14750.0,14985.0,14720.0,14780.0,nan,14842.252416,109458,8123016325.0,114947,14750.0,39,14745.0,125,14755.0,46,14740.0,366,14760.0,36,14735.0,299,14765.0,18,14730.0,175,14770.0,171,14725.0,244
1597988363628742912,1597988363923000064,2020-08-21 13:39:23.923000,14750.0,14985.0,14720.0,14780.0,nan,14842.252416,109458,8123016325.0,114947,14750.0,39,14745.0,125,14755.0,45,14740.0,366,14760.0,36,14735.0,299,14765.0,18,14730.0,175,14770.0,171,14725.0,244
1597988367141018880,1597988367416000000,2020-08-21 13:39:27.416000,14750.0,14985.0,14720.0,14780.0,nan,14842.252416,109458,8123016325.0,114947,14750.0,40,14745.0,125,14755.0,45,14740.0,364,14760.0,36,14735.0,299,14765.0,18,14730.0,175,14770.0,171,14725.0,244
1597988367628242944,1597988367901999872,2020-08-21 13:39:27.902000,14750.0,14985.0,14720.0,14780.0,nan,14842.252416,109458,8123016325.0,114947,14750.0,44,14745.0,125,14755.0,45,14740.0,364,14760.0,36,14735.0,299,14765.0,18,14730.0,175,14770.0,171,14725.0,244
1597988368609612032,1597988368928999936,2020-08-21 13:39:28.929000,14750.0,14985.0,14720.0,14780.0,nan,14842.252416,109458,8123016325.0,114947,14750.0,44,14745.0,124,14755.0,45,14740.0,364,14760.0,36,14735.0,299,14765.0,18,14730.0,175,14770.0,171,14725.0,244
1597988369141168896,1597988369394000128,2020-08-21 13:39:29.394000,14750.0,14985.0,14720.0,14780.0,nan,14842.252416,109458,8123016325.0,114947,14750.0,44,14745.0,124,14755.0,45,14740.0,364,14760.0,36,14735.0,299,14765.0,18,14730.0,176,14770.0,171,14725.0,244
1597988374112406016,1597988374433000192,2020-08-21 13:39:34.433000,14745.0,14985.0,14720.0,14780.0,nan,14842.251528,109459,8123090050.0,114947,14750.0,43,14745.0,123,14755.0,45,14740.0,364,14760.0,36,14735.0,299,14765.0,18,14730.0,176,14770.0,171,14725.0,244
1597988374654053888,1597988374936999936,2020-08-21 13:39:34.937000,14745.0,14985.0,14720.0,14780.0,nan,14842.249751,109461,8123237500.0,114947,14750.0,41,14745.0,121,14755.0,45,14740.0,364,14760.0,36,14735.0,299,14765.0,18,14730.0,176,14770.0,171,14725.0,244
1597988375622896896,1597988375897000192,2020-08-21 13:39:35.897000,14745.0,14985.0,14720.0,14780.0,nan,14842.247974,109463,8123384950.0,114947,14750.0,41,14745.0,119,14755.0,45,14740.0,364,14760.0,36,14735.0,299,14765.0,18,14730.0,176,14770.0,171,14725.0,244
1597988384141942016,1597988384434000128,2020-08-21 13:39:44.434000,14745.0,14985.0,14720.0,14780.0,nan,14842.247974,109463,8123384950.0,114947,14750.0,41,14745.0,123,14755.0,45,14740.0,364,14760.0,36,14735.0,299,14765.0,18,14730.0,176,14770.0,171,14725.0,244
1597988384616242944,1597988384924000000,2020-08-21 13:39:44.924000,14745.0,14985.0,14720.0,14780.0,nan,14842.247974,109463,8123384950.0,114947,14750.0,42,14745.0,123,14755.0,45,14740.0,364,14760.0,36,14735.0,299,14765.0,18,14730.0,176,14770.0,171,14725.0,244
1597988385138772992,1597988385400999936,2020-08-21 13:39:45.401000,14745.0,14985.0,14720.0,14780.0,nan,14842.247974,109463,8123384950.0,114947,14750.0,42,14745.0,123,14755.0,38,14740.0,364,14760.0,35,14735.0,299,14765.0,18,14730.0,176,14770.0,171,14725.0,244
1597988385611791872,1597988385924000000,2020-08-21 13:39:45.924000,14745.0,14985.0,14720.0,14780.0,nan,14842.247974,109463,8123384950.0,114947,14750.0,51,14745.0,123,14755.0,38,14740.0,364,14760.0,35,14735.0,299,14765.0,18,14730.0,176,14770.0,171,14725.0,244
1597988386130395904,1597988386428999936,2020-08-21 13:39:46.429000,14745.0,14985.0,14720.0,14780.0,nan,14842.247974,109463,8123384950.0,114947,14750.0,51,14745.0,123,14755.0,37,14740.0,364,14760.0,35,14735.0,299,14765.0,18,14730.0,176,14770.0,171,14725.0,244
1597988386614526976,1597988386927000064,2020-08-21 13:39:46.927000,14745.0,14985.0,14720.0,14780.0,nan,14842.247974,109463,8123384950.0,114947,14750.0,52,14745.0,123,14755.0,35,14740.0,364,14760.0,35,14735.0,299,14765.0,18,14730.0,176,14770.0,171,14725.0,244
1597988387153694976,1597988387426000128,2020-08-21 13:39:47.426000,14745.0,14985.0,14720.0,14780.0,nan,14842.247974,109463,8123384950.0,114947,14750.0,54,14745.0,123,14755.0,35,14740.0,364,14760.0,35,14735.0,299,14765.0,18,14730.0,176,14770.0,171,14725.0,244
1597988389119226880,1597988389374000128,2020-08-21 13:39:49.374000,14745.0,14985.0,14720.0,14780.0,nan,14842.246197,109465,8123532400.0,114947,14750.0,52,14745.0,121,14755.0,35,14740.0,364,14760.0,35,14735.0,299,14765.0,18,14730.0,176,14770.0,171,14725.0,244
1597988389614031872,1597988389934000128,2020-08-21 13:39:49.934000,14745.0,14985.0,14720.0,14780.0,nan,14842.245309,109466,8123606125.0,114947,14750.0,49,14745.0,120,14755.0,32,14740.0,364,14760.0,35,14735.0,299,14765.0,18,14730.0,176,14770.0,171,14725.0,244
1597988390176574976,1597988390432000000,2020-08-21 13:39:50.432000,14745.0,14985.0,14720.0,14780.0,nan,14842.243532,109468,8123753575.0,114947,14750.0,52,14745.0,118,14755.0,32,14740.0,364,14760.0,35,14735.0,299,14765.0,18,14730.0,176,14770.0,171,14725.0,244
1597988394114091008,1597988394424999936,2020-08-21 13:39:54.425000,14745.0,14985.0,14720.0,14780.0,nan,14842.243532,109468,8123753575.0,114947,14750.0,52,14745.0,118,14755.0,32,14740.0,359,14760.0,35,14735.0,299,14765.0,18,14730.0,176,14770.0,171,14725.0,244
1597988394620089088,1597988394903000064,2020-08-21 13:39:54.903000,14745.0,14985.0,14720.0,14780.0,nan,14842.243532,109468,8123753575.0,114947,14750.0,52,14745.0,118,14755.0,32,14740.0,354,14760.0,35,14735.0,299,14765.0,18,14730.0,176,14770.0,171,14725.0,244
1597988396163031040,1597988396436000000,2020-08-21 13:39:56.436000,14745.0,14985.0,14720.0,14780.0,nan,14842.243532,109468,8123753575.0,114947,14750.0,53,14745.0,118,14755.0,32,14740.0,354,14760.0,35,14735.0,299,14765.0,18,14730.0,176,14770.0,171,14725.0,244
1597988401611582976,1597988401930000128,2020-08-21 13:40:01.930000,14750.0,14985.0,14720.0,14780.0,nan,14842.198893,109521,8127662325.0,114961,14755.0,32,14745.0,118,14760.0,35,14740.0,354,14765.0,18,14735.0,299,14770.0,171,14730.0,176,14775.0,32,14725.0,244
1597988402160065024,1597988402413000192,2020-08-21 13:40:02.413000,14750.0,14985.0,14720.0,14780.0,nan,14842.198893,109521,8127662325.0,114961,14750.0,14,14745.0,120,14755.0,34,14740.0,354,14760.0,35,14735.0,299,14765.0,18,14730.0,176,14770.0,171,14725.0,245
1597988402598723072,1597988402918999808,2020-08-21 13:40:02.919000,14750.0,14985.0,14720.0,14780.0,nan,14842.198893,109521,8127662325.0,114961,14750.0,15,14745.0,121,14755.0,34,14740.0,354,14760.0,35,14735.0,299,14765.0,18,14730.0,176,14770.0,171,14725.0,245
1597988404148066048,1597988404411000064,2020-08-21 13:40:04.411000,14750.0,14985.0,14720.0,14780.0,nan,14842.198893,109521,8127662325.0,114961,14750.0,15,14745.0,121,14755.0,41,14740.0,354,14760.0,35,14735.0,299,14765.0,18,14730.0,176,14770.0,171,14725.0,245
1597988405164785920,1597988405420000000,2020-08-21 13:40:05.420000,14745.0,14985.0,14720.0,14780.0,nan,14842.198006,109522,8127736050.0,114962,14750.0,15,14745.0,120,14755.0,41,14740.0,354,14760.0,35,14735.0,299,14765.0,18,14730.0,176,14770.0,171,14725.0,245
1597988406157108992,1597988406427000064,2020-08-21 13:40:06.427000,14745.0,14985.0,14720.0,14780.0,nan,14842.198006,109522,8127736050.0,114962,14750.0,30,14745.0,120,14755.0,34,14740.0,354,14760.0,35,14735.0,299,14765.0,18,14730.0,176,14770.0,171,14725.0,245
1597988406622959104,1597988406927000064,2020-08-21 13:40:06.927000,14745.0,14985.0,14720.0,14780.0,nan,14842.198006,109522,8127736050.0,114962,14750.0,34,14745.0,120,14755.0,34,14740.0,354,14760.0,35,14735.0,299,14765.0,18,14730.0,176,14770.0,171,14725.0,245
1597988413657733888,1597988413916000000,2020-08-21 13:40:13.916000,14750.0,14985.0,14720.0,14780.0,nan,14842.193797,109527,8128104800.0,114967,14750.0,29,14745.0,120,14755.0,34,14740.0,354,14760.0,35,14735.0,299,14765.0,18,14730.0,176,14770.0,171,14725.0,245
1597988414158626048,1597988414356000000,2020-08-21 13:40:14.356000,14750.0,14985.0,14720.0,14780.0,nan,14842.192955,109528,8128178550.0,114967,14750.0,31,14745.0,120,14755.0,34,14740.0,354,14760.0,35,14735.0,299,14765.0,18,14730.0,176,14770.0,171,14725.0,245
1597988415141605120,1597988415437999872,2020-08-21 13:40:15.438000,14750.0,14985.0,14720.0,14780.0,nan,14842.192955,109528,8128178550.0,114967,14750.0,31,14745.0,121,14755.0,34,14740.0,354,14760.0,35,14735.0,299,14765.0,18,14730.0,176,14770.0,171,14725.0,245
1597988416627424000,1597988416935000064,2020-08-21 13:40:16.935000,14750.0,14985.0,14720.0,14780.0,nan,14842.192955,109528,8128178550.0,114967,14750.0,35,14745.0,121,14755.0,34,14740.0,354,14760.0,35,14735.0,299,14765.0,18,14730.0,176,14770.0,171,14725.0,245
1597988417132257024,1597988417420999936,2020-08-21 13:40:17.421000,14750.0,14985.0,14720.0,14780.0,nan,14842.192955,109528,8128178550.0,114967,14750.0,38,14745.0,121,14755.0,34,14740.0,354,14760.0,35,14735.0,299,14765.0,18,14730.0,176,14770.0,171,14725.0,245
1597988417621451008,1597988417892999936,2020-08-21 13:40:17.893000,14750.0,14985.0,14720.0,14780.0,nan,14842.158457,109569,8131202300.0,114956,14755.0,34,14750.0,59,14760.0,35,14745.0,121,14765.0,18,14740.0,354,14770.0,171,14735.0,299,14775.0,33,14730.0,176
1597988418117906944,1597988418427000064,2020-08-21 13:40:18.427000,14745.0,14985.0,14720.0,14780.0,nan,14842.107133,109630,8135701025.0,114897,14750.0,7,14745.0,119,14755.0,43,14740.0,354,14760.0,35,14735.0,299,14765.0,18,14730.0,176,14770.0,171,14725.0,245
1597988418608407040,1597988418917999872,2020-08-21 13:40:18.918000,14750.0,14985.0,14720.0,14780.0,nan,14842.106293,109631,8135774775.0,114896,14750.0,17,14745.0,119,14755.0,43,14740.0,354,14760.0,35,14735.0,299,14765.0,18,14730.0,176,14770.0,171,14725.0,245
1597988419121539072,1597988419430000128,2020-08-21 13:40:19.430000,14750.0,14985.0,14720.0,14780.0,nan,14842.106293,109631,8135774775.0,114896,14750.0,20,14745.0,120,14755.0,43,14740.0,354,14760.0,35,14735.0,299,14765.0,18,14730.0,176,14770.0,171,14725.0,245
1597988419618130944,1597988419924999936,2020-08-21 13:40:19.925000,14750.0,14985.0,14720.0,14780.0,nan,14842.106293,109631,8135774775.0,114896,14750.0,20,14745.0,120,14755.0,43,14740.0,354,14760.0,35,14735.0,299,14765.0,18,14730.0,176,14770.0,170,14725.0,245
1597988420109448960,1597988420433000192,2020-08-21 13:40:20.433000,14750.0,14985.0,14720.0,14780.0,nan,14842.106293,109631,8135774775.0,114896,14750.0,20,14745.0,120,14755.0,43,14740.0,354,14760.0,36,14735.0,299,14765.0,18,14730.0,176,14770.0,170,14725.0,245
1597988423107132928,1597988423430000128,2020-08-21 13:40:23.430000,14750.0,14985.0,14720.0,14780.0,nan,14842.089493,109651,8137249775.0,114888,14755.0,43,14750.0,83,14760.0,36,14745.0,120,14765.0,18,14740.0,354,14770.0,170,14735.0,299,14775.0,33,14730.0,176
1597988423612024064,1597988423857000192,2020-08-21 13:40:23.857000,14755.0,14985.0,14720.0,14780.0,nan,14842.088699,109652,8137323550.0,114888,14755.0,50,14750.0,86,14760.0,36,14745.0,120,14765.0,18,14740.0,354,14770.0,170,14735.0,299,14775.0,33,14730.0,176
1597988424218650880,1597988424434000128,2020-08-21 13:40:24.434000,14755.0,14985.0,14720.0,14780.0,nan,14842.088699,109652,8137323550.0,114888,14755.0,50,14750.0,85,14760.0,36,14745.0,120,14765.0,18,14740.0,354,14770.0,170,14735.0,299,14775.0,33,14730.0,176
1597988425618971904,1597988425930000128,2020-08-21 13:40:25.930000,14750.0,14985.0,14720.0,14780.0,nan,14842.017369,109737,8143592300.0,114888,14750.0,5,14745.0,120,14755.0,53,14740.0,354,14760.0,36,14735.0,299,14765.0,18,14730.0,176,14770.0,170,14725.0,245
1597988426265886976,1597988426431000064,2020-08-21 13:40:26.431000,14750.0,14985.0,14720.0,14780.0,nan,14842.015692,109739,8143739800.0,114890,14750.0,6,14745.0,119,14755.0,54,14740.0,354,14760.0,36,14735.0,299,14765.0,18,14730.0,176,14770.0,170,14725.0,245
1597988430644371968,1597988430927000064,2020-08-21 13:40:30.927000,14750.0,14985.0,14720.0,14780.0,nan,14842.015692,109739,8143739800.0,114890,14750.0,6,14745.0,119,14755.0,54,14740.0,354,14760.0,37,14735.0,299,14765.0,18,14730.0,176,14770.0,170,14725.0,245
1597988435616659968,1597988435910000128,2020-08-21 13:40:35.910000,14750.0,14985.0,14720.0,14780.0,nan,14842.015692,109739,8143739800.0,114890,14750.0,6,14745.0,115,14755.0,54,14740.0,354,14760.0,37,14735.0,299,14765.0,18,14730.0,176,14770.0,170,14725.0,245
1597988436170449920,1597988436435000064,2020-08-21 13:40:36.435000,14750.0,14985.0,14720.0,14780.0,nan,14842.012338,109743,8144034800.0,114894,14750.0,2,14745.0,115,14755.0,54,14740.0,354,14760.0,37,14735.0,299,14765.0,18,14730.0,176,14770.0,170,14725.0,245
1597988436620160000,1597988436894000128,2020-08-21 13:40:36.894000,14750.0,14985.0,14720.0,14780.0,nan,14842.012338,109743,8144034800.0,114894,14750.0,3,14745.0,115,14755.0,54,14740.0,354,14760.0,37,14735.0,299,14765.0,18,14730.0,176,14770.0,170,14725.0,245
1597988437619292928,1597988437937999872,2020-08-21 13:40:37.938000,14750.0,14985.0,14720.0,14780.0,nan,14842.012338,109743,8144034800.0,114894,14750.0,3,14745.0,115,14755.0,64,14740.0,354,14760.0,37,14735.0,299,14765.0,18,14730.0,176,14770.0,170,14725.0,245
1597988440127981056,1597988440408000000,2020-08-21 13:40:40.408000,14750.0,14985.0,14720.0,14780.0,nan,14842.011499,109744,8144108550.0,114894,14750.0,2,14745.0,115,14755.0,64,14740.0,354,14760.0,37,14735.0,299,14765.0,18,14730.0,176,14770.0,170,14725.0,245
1597988450148431872,1597988450418999808,2020-08-21 13:40:50.419000,14750.0,14985.0,14720.0,14780.0,nan,14842.011499,109744,8144108550.0,114894,14750.0,2,14745.0,115,14755.0,63,14740.0,354,14760.0,37,14735.0,299,14765.0,18,14730.0,176,14770.0,170,14725.0,245
1597988451110046976,1597988451423000064,2020-08-21 13:40:51.423000,14750.0,14985.0,14720.0,14780.0,nan,14842.009823,109746,8144256050.0,114893,14755.0,63,14745.0,115,14760.0,37,14740.0,354,14765.0,18,14735.0,299,14770.0,170,14730.0,176,14775.0,33,14725.0,245
1597988452126099968,1597988452424999936,2020-08-21 13:40:52.425000,14750.0,14985.0,14720.0,14780.0,nan,14842.009823,109746,8144256050.0,114893,14750.0,3,14745.0,115,14755.0,63,14740.0,354,14760.0,37,14735.0,299,14765.0,18,14730.0,176,14770.0,170,14725.0,245
1597988452624890112,1597988452930000128,2020-08-21 13:40:52.930000,14750.0,14985.0,14720.0,14780.0,nan,14842.009823,109746,8144256050.0,114893,14750.0,4,14745.0,115,14755.0,63,14740.0,354,14760.0,37,14735.0,299,14765.0,18,14730.0,176,14770.0,170,14725.0,245
1597988453150721024,1597988453424999936,2020-08-21 13:40:53.425000,14750.0,14985.0,14720.0,14780.0,nan,14842.009823,109746,8144256050.0,114893,14750.0,4,14745.0,115,14755.0,63,14740.0,354,14760.0,36,14735.0,299,14765.0,18,14730.0,176,14770.0,170,14725.0,245
1597988467615335936,1597988467888999936,2020-08-21 13:41:07.889000,14745.0,14985.0,14720.0,14780.0,nan,14842.008939,109747,8144329775.0,114893,14750.0,4,14745.0,114,14755.0,63,14740.0,354,14760.0,36,14735.0,299,14765.0,18,14730.0,176,14770.0,170,14725.0,245
1597988468154417920,1597988468428000000,2020-08-21 13:41:08.428000,14745.0,14985.0,14720.0,14780.0,nan,14842.008939,109747,8144329775.0,114893,14750.0,18,14745.0,114,14755.0,63,14740.0,354,14760.0,36,14735.0,299,14765.0,18,14730.0,176,14770.0,170,14725.0,245
1597988468611350016,1597988468913000192,2020-08-21 13:41:08.913000,14745.0,14985.0,14720.0,14780.0,nan,14842.008939,109747,8144329775.0,114893,14750.0,21,14745.0,114,14755.0,64,14740.0,354,14760.0,36,14735.0,299,14765.0,18,14730.0,176,14770.0,170,14725.0,245
1597988469602561024,1597988469934000128,2020-08-21 13:41:09.934000,14750.0,14985.0,14720.0,14780.0,nan,14842.0081,109748,8144403525.0,114893,14750.0,20,14745.0,114,14755.0,64,14740.0,354,14760.0,36,14735.0,299,14765.0,18,14730.0,176,14770.0,170,14725.0,245
1597988472123289088,1597988472436999936,2020-08-21 13:41:12.437000,14750.0,14985.0,14720.0,14780.0,nan,14842.0081,109748,8144403525.0,114893,14750.0,20,14745.0,113,14755.0,64,14740.0,354,14760.0,36,14735.0,299,14765.0,18,14730.0,176,14770.0,170,14725.0,245
1597988475611563008,1597988475930000128,2020-08-21 13:41:15.930000,14745.0,14985.0,14720.0,14780.0,nan,14842.005449,109751,8144624700.0,114893,14750.0,20,14745.0,110,14755.0,65,14740.0,354,14760.0,36,14735.0,299,14765.0,18,14730.0,176,14770.0,170,14725.0,245
1597988476118851072,1597988476435000064,2020-08-21 13:41:16.435000,14745.0,14985.0,14720.0,14780.0,nan,14842.005449,109751,8144624700.0,114893,14750.0,26,14745.0,110,14755.0,62,14740.0,354,14760.0,36,14735.0,299,14765.0,18,14730.0,176,14770.0,170,14725.0,245
1597988477136951040,1597988477436000000,2020-08-21 13:41:17.436000,14745.0,14985.0,14720.0,14780.0,nan,14842.005449,109751,8144624700.0,114893,14750.0,31,14745.0,110,14755.0,62,14740.0,354,14760.0,36,14735.0,299,14765.0,18,14730.0,176,14770.0,170,14725.0,245
1597988477612790016,1597988477934000128,2020-08-21 13:41:17.934000,14745.0,14985.0,14720.0,14780.0,nan,14842.005449,109751,8144624700.0,114893,14750.0,31,14745.0,110,14755.0,62,14740.0,354,14760.0,35,14735.0,299,14765.0,18,14730.0,176,14770.0,170,14725.0,245
1597988478610780928,1597988478927000064,2020-08-21 13:41:18.927000,14745.0,14985.0,14720.0,14780.0,nan,14842.005449,109751,8144624700.0,114893,14750.0,36,14745.0,110,14755.0,62,14740.0,354,14760.0,35,14735.0,299,14765.0,18,14730.0,176,14770.0,170,14725.0,245
1597988479118917120,1597988479433000192,2020-08-21 13:41:19.433000,14745.0,14985.0,14720.0,14780.0,nan,14841.997495,109760,8145288225.0,114902,14750.0,37,14745.0,101,14755.0,62,14740.0,354,14760.0,35,14735.0,299,14765.0,18,14730.0,176,14770.0,170,14725.0,245
1597988480108034048,1597988480416999936,2020-08-21 13:41:20.417000,14745.0,14985.0,14720.0,14780.0,nan,14841.997495,109760,8145288225.0,114902,14750.0,37,14745.0,101,14755.0,52,14740.0,354,14760.0,35,14735.0,299,14765.0,18,14730.0,176,14770.0,170,14725.0,245
1597988481630326016,1597988481937999872,2020-08-21 13:41:21.938000,14745.0,14985.0,14720.0,14780.0,nan,14841.997495,109760,8145288225.0,114902,14750.0,42,14745.0,101,14755.0,52,14740.0,354,14760.0,35,14735.0,299,14765.0,18,14730.0,176,14770.0,170,14725.0,245
1597988483166818048,1597988483434000128,2020-08-21 13:41:23.434000,14745.0,14985.0,14720.0,14780.0,nan,14841.997495,109760,8145288225.0,114902,14750.0,42,14745.0,101,14755.0,52,14740.0,349,14760.0,35,14735.0,299,14765.0,18,14730.0,176,14770.0,170,14725.0,245
1597988483606361088,1597988483932000000,2020-08-21 13:41:23.932000,14745.0,14985.0,14720.0,14780.0,nan,14841.997495,109760,8145288225.0,114902,14750.0,42,14745.0,101,14755.0,44,14740.0,344,14760.0,35,14735.0,299,14765.0,18,14730.0,176,14770.0,170,14725.0,245
1597988484130967040,1597988484434000128,2020-08-21 13:41:24.434000,14745.0,14985.0,14720.0,14780.0,nan,14841.989542,109769,8145951750.0,114902,14750.0,50,14745.0,92,14755.0,54,14740.0,339,14760.0,35,14735.0,299,14765.0,18,14730.0,176,14770.0,170,14725.0,245
1597988484611051008,1597988484915000064,2020-08-21 13:41:24.915000,14745.0,14985.0,14720.0,14780.0,nan,14841.918025,109850,8151923475.0,114912,14745.0,17,14740.0,334,14750.0,50,14735.0,299,14755.0,54,14730.0,176,14760.0,35,14725.0,245,14765.0,18,14720.0,165
1597988485121847040,1597988485431000064,2020-08-21 13:41:25.431000,14745.0,14985.0,14720.0,14780.0,nan,14841.918025,109850,8151923475.0,114912,14745.0,24,14740.0,333,14750.0,49,14735.0,298,14755.0,51,14730.0,176,14760.0,35,14725.0,246,14765.0,18,14720.0,165
1597988485622782976,1597988485936000000,2020-08-21 13:41:25.936000,14745.0,14985.0,14720.0,14780.0,nan,14841.918025,109850,8151923475.0,114912,14745.0,29,14740.0,334,14750.0,49,14735.0,298,14755.0,51,14730.0,176,14760.0,35,14725.0,246,14765.0,18,14720.0,165
1597988486155976960,1597988486437999872,2020-08-21 13:41:26.438000,14745.0,14985.0,14720.0,14780.0,nan,14841.918025,109850,8151923475.0,114912,14745.0,39,14740.0,334,14750.0,47,14735.0,298,14755.0,50,14730.0,176,14760.0,35,14725.0,246,14765.0,18,14720.0,165
1597988486614040064,1597988486928000000,2020-08-21 13:41:26.928000,14745.0,14985.0,14720.0,14780.0,nan,14841.918025,109850,8151923475.0,114912,14745.0,48,14740.0,334,14750.0,47,14735.0,298,14755.0,50,14730.0,176,14760.0,34,14725.0,246,14765.0,18,14720.0,165
1597988487119025920,1597988487435000064,2020-08-21 13:41:27.435000,14745.0,14985.0,14720.0,14780.0,nan,14841.918025,109850,8151923475.0,114912,14745.0,48,14740.0,334,14750.0,49,14735.0,298,14755.0,50,14730.0,176,14760.0,34,14725.0,246,14765.0,18,14720.0,165
1597988488106697984,1597988488431000064,2020-08-21 13:41:28.431000,14745.0,14985.0,14720.0,14780.0,nan,14841.918025,109850,8151923475.0,114912,14745.0,48,14740.0,334,14750.0,44,14735.0,298,14755.0,50,14730.0,176,14760.0,34,14725.0,246,14765.0,18,14720.0,165
1597988489163833088,1597988489436000000,2020-08-21 13:41:29.436000,14745.0,14985.0,14720.0,14780.0,nan,14841.918025,109850,8151923475.0,114912,14745.0,53,14740.0,334,14750.0,44,14735.0,298,14755.0,50,14730.0,176,14760.0,34,14725.0,246,14765.0,18,14720.0,165
1597988489604610048,1597988489936999936,2020-08-21 13:41:29.937000,14745.0,14985.0,14720.0,14780.0,nan,14841.918025,109850,8151923475.0,114912,14745.0,53,14740.0,334,14750.0,44,14735.0,298,14755.0,43,14730.0,176,14760.0,34,14725.0,246,14765.0,18,14720.0,165
1597988490154766080,1597988490401999872,2020-08-21 13:41:30.402000,14745.0,14985.0,14720.0,14780.0,nan,14841.918025,109850,8151923475.0,114912,14745.0,61,14740.0,334,14750.0,39,14735.0,298,14755.0,43,14730.0,176,14760.0,34,14725.0,246,14765.0,18,14720.0,165
1597988496599389952,1597988496937999872,2020-08-21 13:41:36.938000,14745.0,14985.0,14720.0,14780.0,nan,14841.918025,109850,8151923475.0,114912,14745.0,61,14740.0,335,14750.0,39,14735.0,298,14755.0,43,14730.0,176,14760.0,34,14725.0,246,14765.0,18,14720.0,165
1597988497615456000,1597988497903000064,2020-08-21 13:41:37.903000,14745.0,14985.0,14720.0,14780.0,nan,14841.918025,109850,8151923475.0,114912,14745.0,62,14740.0,335,14750.0,39,14735.0,298,14755.0,43,14730.0,176,14760.0,34,14725.0,246,14765.0,18,14720.0,165
1597988498148954112,1597988498437999872,2020-08-21 13:41:38.438000,14745.0,14985.0,14720.0,14780.0,nan,14841.918025,109850,8151923475.0,114912,14745.0,62,14740.0,335,14750.0,39,14735.0,298,14755.0,43,14730.0,176,14760.0,34,14725.0,246,14765.0,17,14720.0,165
1597988500134033920,1597988500435000064,2020-08-21 13:41:40.435000,14745.0,14985.0,14720.0,14780.0,nan,14841.918025,109850,8151923475.0,114912,14745.0,62,14740.0,335,14750.0,49,14735.0,298,14755.0,43,14730.0,176,14760.0,34,14725.0,246,14765.0,17,14720.0,165
1597988502157312000,1597988502404999936,2020-08-21 13:41:42.405000,14740.0,14985.0,14720.0,14780.0,nan,14841.917097,109851,8151997175.0,114911,14745.0,62,14740.0,335,14750.0,49,14735.0,298,14755.0,43,14730.0,176,14760.0,34,14725.0,246,14765.0,17,14720.0,165
1597988504617466112,1597988504926000128,2020-08-21 13:41:44.926000,14740.0,14985.0,14720.0,14780.0,nan,14841.917097,109851,8151997175.0,114911,14745.0,62,14740.0,338,14750.0,49,14735.0,298,14755.0,43,14730.0,176,14760.0,34,14725.0,246,14765.0,17,14720.0,165
1597988506607139072,1597988506926000128,2020-08-21 13:41:46.926000,14740.0,14985.0,14720.0,14780.0,nan,14841.917097,109851,8151997175.0,114911,14745.0,70,14740.0,338,14750.0,49,14735.0,298,14755.0,43,14730.0,176,14760.0,34,14725.0,246,14765.0,17,14720.0,165
1597988507122937088,1597988507423000064,2020-08-21 13:41:47.423000,14740.0,14985.0,14720.0,14780.0,nan,14841.917097,109851,8151997175.0,114911,14745.0,71,14740.0,338,14750.0,49,14735.0,298,14755.0,43,14730.0,176,14760.0,34,14725.0,246,14765.0,17,14720.0,165
1597988508625833984,1597988508938999808,2020-08-21 13:41:48.939000,14740.0,14985.0,14720.0,14780.0,nan,14841.917097,109851,8151997175.0,114911,14745.0,71,14740.0,438,14750.0,49,14735.0,298,14755.0,43,14730.0,176,14760.0,34,14725.0,246,14765.0,17,14720.0,165
1597988511152678912,1597988511416999936,2020-08-21 13:41:51.417000,14745.0,14985.0,14720.0,14780.0,nan,14841.853616,109923,8157305375.0,114892,14750.0,49,14745.0,28,14755.0,43,14740.0,438,14760.0,34,14735.0,298,14765.0,17,14730.0,176,14770.0,170,14725.0,246
1597988511608037888,1597988511924999936,2020-08-21 13:41:51.925000,14745.0,14985.0,14720.0,14780.0,nan,14841.853616,109923,8157305375.0,114892,14750.0,50,14745.0,32,14755.0,43,14740.0,438,14760.0,34,14735.0,298,14765.0,17,14730.0,176,14770.0,170,14725.0,246
1597988512112816128,1597988512430000128,2020-08-21 13:41:52.430000,14745.0,14985.0,14720.0,14780.0,nan,14841.853616,109923,8157305375.0,114892,14750.0,49,14745.0,32,14755.0,43,14740.0,438,14760.0,34,14735.0,298,14765.0,17,14730.0,176,14770.0,170,14725.0,246
1597988512638189056,1597988513244000000,2020-08-21 13:41:53.244000,14745.0,14985.0,14720.0,14780.0,nan,14841.853616,109923,8157305375.0,114892,14750.0,50,14745.0,34,14755.0,43,14740.0,438,14760.0,34,14735.0,298,14765.0,17,14730.0,176,14770.0,170,14725.0,246
1597988513625409024,1597988513936000000,2020-08-21 13:41:53.936000,14745.0,14985.0,14720.0,14780.0,nan,14841.853616,109923,8157305375.0,114892,14750.0,51,14745.0,34,14755.0,43,14740.0,438,14760.0,34,14735.0,298,14765.0,17,14730.0,176,14770.0,170,14725.0,246
1597988515624304128,1597988515927000064,2020-08-21 13:41:55.927000,14745.0,14985.0,14720.0,14780.0,nan,14841.853616,109923,8157305375.0,114892,14750.0,51,14745.0,37,14755.0,43,14740.0,438,14760.0,34,14735.0,298,14765.0,17,14730.0,176,14770.0,170,14725.0,246
1597988517148628992,1597988517398999808,2020-08-21 13:41:57.399000,14745.0,14985.0,14720.0,14780.0,nan,14841.853616,109923,8157305375.0,114892,14750.0,141,14745.0,37,14755.0,43,14740.0,438,14760.0,34,14735.0,298,14765.0,17,14730.0,176,14770.0,170,14725.0,246
1597988517625167104,1597988517930000128,2020-08-21 13:41:57.930000,14745.0,14985.0,14720.0,14780.0,nan,14841.823667,109957,8159812025.0,114873,14750.0,142,14740.0,438,14755.0,43,14735.0,298,14760.0,34,14730.0,176,14765.0,17,14725.0,246,14770.0,170,14720.0,165
1597988518122529024,1597988518431000064,2020-08-21 13:41:58.431000,14745.0,14985.0,14720.0,14780.0,nan,14841.823667,109957,8159812025.0,114873,14745.0,7,14740.0,439,14750.0,140,14735.0,298,14755.0,43,14730.0,176,14760.0,34,14725.0,246,14765.0,17,14720.0,165
1597988518660440064,1597988518930000128,2020-08-21 13:41:58.930000,14745.0,14985.0,14720.0,14780.0,nan,14841.823667,109957,8159812025.0,114873,14745.0,8,14740.0,439,14750.0,141,14735.0,298,14755.0,43,14730.0,176,14760.0,34,14725.0,246,14765.0,17,14720.0,165
1597988520627685888,1597988520937999872,2020-08-21 13:42:00.938000,14745.0,14985.0,14720.0,14780.0,nan,14841.823667,109957,8159812025.0,114873,14745.0,8,14740.0,440,14750.0,141,14735.0,298,14755.0,43,14730.0,176,14760.0,34,14725.0,246,14765.0,17,14720.0,165
1597988521119631104,1597988521368000000,2020-08-21 13:42:01.368000,14745.0,14985.0,14720.0,14780.0,nan,14841.821026,109960,8160033200.0,114875,14745.0,5,14740.0,440,14750.0,141,14735.0,298,14755.0,43,14730.0,176,14760.0,34,14725.0,246,14765.0,17,14720.0,165
1597988521618681088,1597988521926000128,2020-08-21 13:42:01.926000,14745.0,14985.0,14720.0,14780.0,nan,14841.816623,109965,8160401825.0,114871,14750.0,141,14740.0,440,14755.0,43,14735.0,298,14760.0,34,14730.0,176,14765.0,17,14725.0,246,14770.0,170,14720.0,165
1597988522135207936,1597988522437999872,2020-08-21 13:42:02.438000,14745.0,14985.0,14720.0,14780.0,nan,14841.816623,109965,8160401825.0,114871,14750.0,142,14740.0,441,14755.0,43,14735.0,298,14760.0,34,14730.0,176,14765.0,17,14725.0,246,14770.0,170,14720.0,165
1597988523152089088,1597988523721999872,2020-08-21 13:42:03.722000,14745.0,14985.0,14720.0,14780.0,nan,14841.816623,109965,8160401825.0,114871,14745.0,5,14740.0,441,14750.0,142,14735.0,298,14755.0,43,14730.0,176,14760.0,34,14725.0,246,14765.0,17,14720.0,165
1597988523602224128,1597988523927000064,2020-08-21 13:42:03.927000,14745.0,14985.0,14720.0,14780.0,nan,14841.816623,109965,8160401825.0,114871,14745.0,9,14740.0,441,14750.0,142,14735.0,298,14755.0,43,14730.0,176,14760.0,34,14725.0,246,14765.0,17,14720.0,165
1597988525622597888,1597988525935000064,2020-08-21 13:42:05.935000,14745.0,14985.0,14720.0,14780.0,nan,14841.816623,109965,8160401825.0,114871,14745.0,9,14740.0,341,14750.0,142,14735.0,298,14755.0,43,14730.0,176,14760.0,34,14725.0,246,14765.0,17,14720.0,165
1597988526132084992,1597988526364000000,2020-08-21 13:42:06.364000,14740.0,14985.0,14720.0,14780.0,nan,14841.807365,109975,8161138825.0,114871,14745.0,21,14740.0,331,14750.0,135,14735.0,298,14755.0,43,14730.0,176,14760.0,34,14725.0,246,14765.0,17,14720.0,165
1597988526619270912,1597988526920000000,2020-08-21 13:42:06.920000,14745.0,14985.0,14720.0,14780.0,nan,14841.806485,109976,8161212550.0,114871,14745.0,23,14740.0,331,14750.0,133,14735.0,298,14755.0,43,14730.0,176,14760.0,34,14725.0,246,14765.0,17,14720.0,165
1597988528621016064,1597988528936999936,2020-08-21 13:42:08.937000,14745.0,14985.0,14720.0,14780.0,nan,14841.806485,109976,8161212550.0,114871,14745.0,23,14740.0,331,14750.0,145,14735.0,298,14755.0,43,14730.0,176,14760.0,34,14725.0,246,14765.0,17,14720.0,165
1597988538613051904,1597988538927000064,2020-08-21 13:42:18.927000,14745.0,14985.0,14720.0,14780.0,nan,14841.806485,109976,8161212550.0,114871,14745.0,34,14740.0,331,14750.0,145,14735.0,298,14755.0,43,14730.0,176,14760.0,34,14725.0,246,14765.0,17,14720.0,165
1597988539140357888,1597988539407000064,2020-08-21 13:42:19.407000,14745.0,14985.0,14720.0,14780.0,nan,14841.805605,109977,8161286275.0,114870,14745.0,33,14740.0,331,14750.0,145,14735.0,298,14755.0,43,14730.0,176,14760.0,34,14725.0,246,14765.0,17,14720.0,165
1597988540624753920,1597988540915000064,2020-08-21 13:42:20.915000,14745.0,14985.0,14720.0,14780.0,nan,14841.796803,109987,8162023525.0,114874,14745.0,23,14740.0,331,14750.0,145,14735.0,298,14755.0,43,14730.0,176,14760.0,34,14725.0,246,14765.0,17,14720.0,165
1597988541158618112,1597988541416999936,2020-08-21 13:42:21.417000,14745.0,14985.0,14720.0,14780.0,nan,14841.795043,109989,8162170975.0,114874,14745.0,22,14740.0,331,14750.0,145,14735.0,298,14755.0,43,14730.0,176,14760.0,34,14725.0,246,14765.0,17,14720.0,165
1597988544128953088,1597988544432000000,2020-08-21 13:42:24.432000,14745.0,14985.0,14720.0,14780.0,nan,14841.795043,109989,8162170975.0,114874,14745.0,22,14740.0,332,14750.0,145,14735.0,298,14755.0,43,14730.0,176,14760.0,34,14725.0,246,14765.0,17,14720.0,165
1597988544624552960,1597988544898000128,2020-08-21 13:42:24.898000,14745.0,14985.0,14720.0,14780.0,nan,14841.789763,109995,8162613325.0,114880,14745.0,17,14740.0,332,14750.0,145,14735.0,298,14755.0,43,14730.0,176,14760.0,34,14725.0,246,14765.0,17,14720.0,165
1597988545638699008,1597988545928999936,2020-08-21 13:42:25.929000,14745.0,14985.0,14720.0,14780.0,nan,14841.787123,109998,8162834500.0,114883,14745.0,14,14740.0,329,14750.0,145,14735.0,298,14755.0,43,14730.0,176,14760.0,34,14725.0,246,14765.0,17,14720.0,165
1597988548123564032,1597988548418999808,2020-08-21 13:42:28.419000,14745.0,14985.0,14720.0,14780.0,nan,14841.778325,110008,8163571750.0,114883,14745.0,4,14740.0,329,14750.0,145,14735.0,298,14755.0,43,14730.0,176,14760.0,34,14725.0,246,14765.0,17,14720.0,165
1597988548661185024,1597988548936999936,2020-08-21 13:42:28.937000,14745.0,14985.0,14720.0,14780.0,nan,14841.776566,110010,8163719200.0,114883,14745.0,2,14740.0,329,14750.0,55,14735.0,298,14755.0,43,14730.0,176,14760.0,34,14725.0,246,14765.0,17,14720.0,165
1597988549121121024,1597988549428999936,2020-08-21 13:42:29.429000,14745.0,14985.0,14720.0,14780.0,nan,14841.773927,110013,8163940375.0,114885,14750.0,55,14745.0,17,14755.0,43,14740.0,329,14760.0,34,14735.0,298,14765.0,17,14730.0,176,14770.0,170,14725.0,246
1597988549629624064,1597988549914000128,2020-08-21 13:42:29.914000,14750.0,14985.0,14720.0,14780.0,nan,14841.758141,110031,8165267450.0,114885,14750.0,55,14745.0,14,14755.0,43,14740.0,330,14760.0,34,14735.0,298,14765.0,17,14730.0,176,14770.0,170,14725.0,246
1597988550157208064,1597988550432000000,2020-08-21 13:42:30.432000,14750.0,14985.0,14720.0,14780.0,nan,14841.758141,110031,8165267450.0,114885,14750.0,57,14745.0,19,14755.0,43,14740.0,330,14760.0,34,14735.0,298,14765.0,17,14730.0,176,14770.0,170,14725.0,246
1597988550616713984,1597988550926000128,2020-08-21 13:42:30.926000,14750.0,14985.0,14720.0,14780.0,nan,14841.758141,110031,8165267450.0,114885,14750.0,57,14745.0,25,14755.0,43,14740.0,330,14760.0,34,14735.0,298,14765.0,17,14730.0,176,14770.0,170,14725.0,246
1597988552606733056,1597988552898000128,2020-08-21 13:42:32.898000,14750.0,14985.0,14720.0,14780.0,nan,14841.75291,110037,8165709825.0,114880,14750.0,56,14745.0,20,14755.0,43,14740.0,331,14760.0,34,14735.0,298,14765.0,17,14730.0,176,14770.0,170,14725.0,246
1597988553134448128,1597988553437999872,2020-08-21 13:42:33.438000,14745.0,14985.0,14720.0,14780.0,nan,14841.752031,110038,8165783550.0,114880,14750.0,56,14745.0,22,14755.0,43,14740.0,331,14760.0,34,14735.0,298,14765.0,17,14730.0,176,14770.0,170,14725.0,246
1597988554116188928,1597988554434000128,2020-08-21 13:42:34.434000,14745.0,14985.0,14720.0,14780.0,nan,14841.752031,110038,8165783550.0,114880,14750.0,56,14745.0,26,14755.0,43,14740.0,331,14760.0,34,14735.0,298,14765.0,17,14730.0,176,14770.0,170,14725.0,246
1597988554613464064,1597988554935000064,2020-08-21 13:42:34.935000,14745.0,14985.0,14720.0,14780.0,nan,14841.752031,110038,8165783550.0,114880,14750.0,59,14745.0,28,14755.0,43,14740.0,331,14760.0,34,14735.0,298,14765.0,17,14730.0,176,14770.0,170,14725.0,246
1597988555143211008,1597988555436000000,2020-08-21 13:42:35.436000,14745.0,14985.0,14720.0,14780.0,nan,14841.752031,110038,8165783550.0,114880,14750.0,58,14745.0,29,14755.0,43,14740.0,331,14760.0,34,14735.0,298,14765.0,17,14730.0,176,14770.0,170,14725.0,246
1597988555621587968,1597988555932000000,2020-08-21 13:42:35.932000,14745.0,14985.0,14720.0,14780.0,nan,14841.752031,110038,8165783550.0,114880,14750.0,58,14745.0,30,14755.0,43,14740.0,331,14760.0,35,14735.0,298,14765.0,17,14730.0,176,14770.0,170,14725.0,246
1597988556168643072,1597988556431000064,2020-08-21 13:42:36.431000,14745.0,14985.0,14720.0,14780.0,nan,14841.752031,110038,8165783550.0,114880,14750.0,58,14745.0,30,14755.0,44,14740.0,331,14760.0,35,14735.0,298,14765.0,17,14730.0,176,14770.0,170,14725.0,246
1597988557127378944,1597988557396000000,2020-08-21 13:42:37.396000,14745.0,14985.0,14720.0,14780.0,nan,14841.752031,110038,8165783550.0,114880,14750.0,73,14745.0,30,14755.0,44,14740.0,331,14760.0,35,14735.0,299,14765.0,17,14730.0,176,14770.0,170,14725.0,246
1597988557613974016,1597988557924999936,2020-08-21 13:42:37.925000,14745.0,14985.0,14720.0,14780.0,nan,14841.752031,110038,8165783550.0,114880,14750.0,73,14745.0,30,14755.0,44,14740.0,331,14760.0,36,14735.0,299,14765.0,17,14730.0,176,14770.0,170,14725.0,246
1597988560624285952,1597988560904999936,2020-08-21 13:42:40.905000,14745.0,14985.0,14720.0,14780.0,nan,14841.752031,110038,8165783550.0,114880,14750.0,74,14745.0,30,14755.0,44,14740.0,331,14760.0,36,14735.0,299,14765.0,17,14730.0,176,14770.0,170,14725.0,246
1597988565616708096,1597988565936999936,2020-08-21 13:42:45.937000,14745.0,14985.0,14720.0,14780.0,nan,14841.725661,110068,8167995300.0,114893,14745.0,66,14740.0,331,14750.0,74,14735.0,299,14755.0,44,14730.0,176,14760.0,36,14725.0,246,14765.0,17,14720.0,165
1597988566140615936,1597988566436999936,2020-08-21 13:42:46.437000,14745.0,14985.0,14720.0,14780.0,nan,14841.725661,110068,8167995300.0,114893,14745.0,67,14740.0,329,14750.0,74,14735.0,299,14755.0,44,14730.0,176,14760.0,36,14725.0,246,14765.0,17,14720.0,165
1597988566623636992,1597988566917999872,2020-08-21 13:42:46.918000,14745.0,14985.0,14720.0,14780.0,nan,14841.723903,110070,8168142750.0,114893,14745.0,65,14740.0,329,14750.0,74,14735.0,299,14755.0,44,14730.0,176,14760.0,36,14725.0,246,14765.0,17,14720.0,165
1597988567158618112,1597988567430000128,2020-08-21 13:42:47.430000,14745.0,14985.0,14720.0,14780.0,nan,14841.723903,110070,8168142750.0,114893,14745.0,65,14740.0,330,14750.0,74,14735.0,299,14755.0,44,14730.0,176,14760.0,36,14725.0,246,14765.0,17,14720.0,165
1597988568609588992,1597988568924999936,2020-08-21 13:42:48.925000,14745.0,14985.0,14720.0,14780.0,nan,14841.723903,110070,8168142750.0,114893,14745.0,65,14740.0,330,14750.0,74,14735.0,299,14755.0,46,14730.0,176,14760.0,36,14725.0,246,14765.0,17,14720.0,165
1597988571607245056,1597988571936999936,2020-08-21 13:42:51.937000,14745.0,14985.0,14720.0,14780.0,nan,14841.723903,110070,8168142750.0,114893,14745.0,66,14740.0,330,14750.0,73,14735.0,299,14755.0,46,14730.0,176,14760.0,36,14725.0,246,14765.0,17,14720.0,165
1597988574138435072,1597988574424999936,2020-08-21 13:42:54.425000,14745.0,14985.0,14720.0,14780.0,nan,14841.723903,110070,8168142750.0,114893,14745.0,71,14740.0,330,14750.0,73,14735.0,299,14755.0,46,14730.0,176,14760.0,36,14725.0,246,14765.0,17,14720.0,165
1597988575615622912,1597988575937999872,2020-08-21 13:42:55.938000,14740.0,14985.0,14720.0,14780.0,nan,14841.720206,110074,8168437550.0,114893,14745.0,71,14740.0,326,14750.0,73,14735.0,299,14755.0,46,14730.0,176,14760.0,36,14725.0,246,14765.0,17,14720.0,165
1597988576168421120,1597988576433000192,2020-08-21 13:42:56.433000,14740.0,14985.0,14720.0,14780.0,nan,14841.720206,110074,8168437550.0,114893,14745.0,72,14740.0,326,14750.0,73,14735.0,299,14755.0,46,14730.0,176,14760.0,36,14725.0,246,14765.0,17,14720.0,165
1597988576600751104,1597988576927000064,2020-08-21 13:42:56.927000,14740.0,14985.0,14720.0,14780.0,nan,14841.720206,110074,8168437550.0,114893,14745.0,73,14740.0,326,14750.0,73,14735.0,299,14755.0,46,14730.0,176,14760.0,36,14725.0,246,14765.0,17,14720.0,165
1597988577123759104,1597988577428000000,2020-08-21 13:42:57.428000,14740.0,14985.0,14720.0,14780.0,nan,14841.720206,110074,8168437550.0,114893,14745.0,73,14740.0,326,14750.0,73,14735.0,299,14755.0,46,14730.0,176,14760.0,36,14725.0,246,14765.0,27,14720.0,165
1597988578117057024,1597988578438999808,2020-08-21 13:42:58.439000,14745.0,14985.0,14720.0,14780.0,nan,14841.67717,110123,8172050075.0,114942,14745.0,24,14740.0,326,14750.0,73,14735.0,299,14755.0,46,14730.0,176,14760.0,36,14725.0,246,14765.0,27,14720.0,165
1597988578610473984,1597988578933000192,2020-08-21 13:42:58.933000,14745.0,14985.0,14720.0,14780.0,nan,14841.67717,110123,8172050075.0,114942,14745.0,28,14740.0,326,14750.0,73,14735.0,299,14755.0,46,14730.0,176,14760.0,36,14725.0,246,14765.0,27,14720.0,165
1597988579169614080,1597988579436000000,2020-08-21 13:42:59.436000,14745.0,14985.0,14720.0,14780.0,nan,14841.67717,110123,8172050075.0,114942,14745.0,28,14740.0,326,14750.0,73,14735.0,299,14755.0,47,14730.0,176,14760.0,36,14725.0,246,14765.0,27,14720.0,165
1597988580131878912,1597988580437999872,2020-08-21 13:43:00.438000,14745.0,14985.0,14720.0,14780.0,nan,14841.67717,110123,8172050075.0,114942,14745.0,29,14740.0,326,14750.0,73,14735.0,299,14755.0,47,14730.0,176,14760.0,36,14725.0,246,14765.0,27,14720.0,165
1597988580620891904,1597988580936999936,2020-08-21 13:43:00.937000,14745.0,14985.0,14720.0,14780.0,nan,14841.676292,110124,8172123800.0,114943,14745.0,30,14740.0,326,14750.0,73,14735.0,299,14755.0,47,14730.0,176,14760.0,36,14725.0,246,14765.0,27,14720.0,165
1597988581108665088,1597988581411000064,2020-08-21 13:43:01.411000,14745.0,14985.0,14720.0,14780.0,nan,14841.675414,110125,8172197525.0,114944,14745.0,29,14740.0,326,14750.0,73,14735.0,299,14755.0,47,14730.0,176,14760.0,37,14725.0,246,14765.0,27,14720.0,165
1597988581626685952,1597988581927000064,2020-08-21 13:43:01.927000,14745.0,14985.0,14720.0,14780.0,nan,14841.671903,110129,8172492425.0,114948,14745.0,25,14740.0,326,14750.0,73,14735.0,299,14755.0,47,14730.0,176,14760.0,37,14725.0,246,14765.0,27,14720.0,165
1597988582106287104,1597988582438999808,2020-08-21 13:43:02.439000,14745.0,14985.0,14720.0,14780.0,nan,14841.671903,110129,8172492425.0,114948,14745.0,28,14740.0,326,14750.0,74,14735.0,299,14755.0,47,14730.0,176,14760.0,37,14725.0,246,14765.0,27,14720.0,165
1597988582620187904,1597988582932000000,2020-08-21 13:43:02.932000,14745.0,14985.0,14720.0,14780.0,nan,14841.671903,110129,8172492425.0,114948,14745.0,29,14740.0,326,14750.0,74,14735.0,299,14755.0,47,14730.0,176,14760.0,37,14725.0,246,14765.0,27,14720.0,165
1597988583185029120,1597988583432000000,2020-08-21 13:43:03.432000,14740.0,14985.0,14720.0,14780.0,nan,14841.668256,110133,8172787250.0,114946,14745.0,28,14740.0,323,14750.0,74,14735.0,299,14755.0,47,14730.0,176,14760.0,37,14725.0,246,14765.0,27,14720.0,165
1597988583620685056,1597988583936000000,2020-08-21 13:43:03.936000,14740.0,14985.0,14720.0,14780.0,nan,14841.668256,110133,8172787250.0,114946,14745.0,30,14740.0,323,14750.0,74,14735.0,299,14755.0,47,14730.0,176,14760.0,37,14725.0,246,14765.0,27,14720.0,165
1597988584120355072,1597988584437999872,2020-08-21 13:43:04.438000,14740.0,14985.0,14720.0,14780.0,nan,14841.668256,110133,8172787250.0,114946,14745.0,32,14740.0,323,14750.0,74,14735.0,299,14755.0,47,14730.0,176,14760.0,37,14725.0,246,14765.0,27,14720.0,165
1597988584626732032,1597988584900000000,2020-08-21 13:43:04.900000,14740.0,14985.0,14720.0,14780.0,nan,14841.668256,110133,8172787250.0,114946,14745.0,33,14740.0,323,14750.0,74,14735.0,299,14755.0,47,14730.0,176,14760.0,37,14725.0,246,14765.0,27,14720.0,165
1597988585635791872,1597988585908000000,2020-08-21 13:43:05.908000,14740.0,14985.0,14720.0,14780.0,nan,14841.668256,110133,8172787250.0,114946,14745.0,34,14740.0,323,14750.0,74,14735.0,299,14755.0,47,14730.0,176,14760.0,37,14725.0,246,14765.0,27,14720.0,165
1597988586128524032,1597988586426000128,2020-08-21 13:43:06.426000,14740.0,14985.0,14720.0,14780.0,nan,14841.668256,110133,8172787250.0,114946,14745.0,47,14740.0,323,14750.0,74,14735.0,299,14755.0,47,14730.0,176,14760.0,37,14725.0,246,14765.0,27,14720.0,165
1597988587610827008,1597988587937999872,2020-08-21 13:43:07.938000,14740.0,14985.0,14720.0,14780.0,nan,14841.668256,110133,8172787250.0,114946,14745.0,47,14740.0,323,14750.0,75,14735.0,299,14755.0,47,14730.0,176,14760.0,37,14725.0,246,14765.0,27,14720.0,165
1597988588135919104,1597988588329999872,2020-08-21 13:43:08.330000,14740.0,14985.0,14720.0,14780.0,nan,14841.668256,110133,8172787250.0,114946,14745.0,48,14740.0,323,14750.0,75,14735.0,299,14755.0,47,14730.0,176,14760.0,37,14725.0,246,14765.0,27,14720.0,165
1597988588678552064,1597988588916000000,2020-08-21 13:43:08.916000,14740.0,14985.0,14720.0,14780.0,nan,14841.667333,110134,8172860950.0,114946,14745.0,49,14740.0,322,14750.0,75,14735.0,299,14755.0,47,14730.0,176,14760.0,37,14725.0,246,14765.0,27,14720.0,165
1597988592175208960,1597988592433000192,2020-08-21 13:43:12.433000,14745.0,14985.0,14720.0,14780.0,nan,14841.666455,110135,8172934675.0,114947,14745.0,48,14740.0,322,14750.0,75,14735.0,299,14755.0,47,14730.0,176,14760.0,37,14725.0,246,14765.0,27,14720.0,165
1597988594610621952,1597988595000000000,2020-08-21 13:43:15.000000,14740.0,14985.0,14720.0,14780.0,nan,14841.662763,110139,8173229475.0,114943,14745.0,48,14740.0,318,14750.0,75,14735.0,299,14755.0,47,14730.0,176,14760.0,37,14725.0,246,14765.0,27,14720.0,165
1597988595127072000,1597988595428000000,2020-08-21 13:43:15.428000,14740.0,14985.0,14720.0,14780.0,nan,14841.662763,110139,8173229475.0,114943,14745.0,48,14740.0,322,14750.0,75,14735.0,299,14755.0,47,14730.0,176,14760.0,37,14725.0,246,14765.0,27,14720.0,165
1597988595617096960,1597988596000000000,2020-08-21 13:43:16.000000,14745.0,14985.0,14720.0,14780.0,nan,14841.655742,110147,8173819275.0,114947,14745.0,40,14740.0,323,14750.0,75,14735.0,299,14755.0,47,14730.0,176,14760.0,37,14725.0,246,14765.0,27,14720.0,165
1597988596622416896,1597988596928999936,2020-08-21 13:43:16.929000,14740.0,14985.0,14720.0,14780.0,nan,14841.637514,110167,8175293400.0,114939,14745.0,36,14740.0,308,14750.0,75,14735.0,299,14755.0,47,14730.0,176,14760.0,37,14725.0,246,14765.0,27,14720.0,165
1597988598616727040,1597988598928000000,2020-08-21 13:43:18.928000,14745.0,14985.0,14720.0,14780.0,nan,14841.636637,110168,8175367125.0,114939,14745.0,35,14740.0,308,14750.0,75,14735.0,299,14755.0,47,14730.0,176,14760.0,37,14725.0,246,14765.0,27,14720.0,165
1597988599604328960,1597988599933000192,2020-08-21 13:43:19.933000,14745.0,14985.0,14720.0,14780.0,nan,14841.636637,110168,8175367125.0,114939,14745.0,33,14740.0,308,14750.0,75,14735.0,299,14755.0,47,14730.0,176,14760.0,37,14725.0,246,14765.0,27,14720.0,165
1597988600601244928,1597988600936999936,2020-08-21 13:43:20.937000,14740.0,14985.0,14720.0,14780.0,nan,14841.635714,110169,8175440825.0,114939,14745.0,33,14740.0,307,14750.0,75,14735.0,299,14755.0,47,14730.0,176,14760.0,37,14725.0,246,14765.0,27,14720.0,165
1597988601150311936,1597988601432000000,2020-08-21 13:43:21.432000,14740.0,14985.0,14720.0,14780.0,nan,14841.635714,110169,8175440825.0,114939,14745.0,34,14740.0,309,14750.0,75,14735.0,299,14755.0,47,14730.0,176,14760.0,37,14725.0,246,14765.0,27,14720.0,165
1597988604131415040,1597988604427000064,2020-08-21 13:43:24.427000,14745.0,14985.0,14720.0,14780.0,nan,14841.634837,110170,8175514550.0,114938,14745.0,33,14740.0,310,14750.0,75,14735.0,299,14755.0,47,14730.0,176,14760.0,37,14725.0,246,14765.0,27,14720.0,165
1597988604615397888,1597988604928999936,2020-08-21 13:43:24.929000,14745.0,14985.0,14720.0,14780.0,nan,14841.634837,110170,8175514550.0,114938,14745.0,33,14740.0,311,14750.0,75,14735.0,299,14755.0,47,14730.0,176,14760.0,37,14725.0,246,14765.0,27,14720.0,165
1597988615620468992,1597988616000000000,2020-08-21 13:43:36.000000,14745.0,14985.0,14720.0,14780.0,nan,14841.634837,110170,8175514550.0,114938,14745.0,29,14740.0,311,14750.0,75,14735.0,299,14755.0,47,14730.0,176,14760.0,37,14725.0,246,14765.0,27,14720.0,165
1597988616131251968,1597988616423000064,2020-08-21 13:43:36.423000,14745.0,14985.0,14720.0,14780.0,nan,14841.628697,110177,8176030625.0,114940,14745.0,23,14740.0,311,14750.0,75,14735.0,299,14755.0,47,14730.0,176,14760.0,37,14725.0,246,14765.0,27,14720.0,165
1597988616623239936,1597988617000000000,2020-08-21 13:43:37.000000,14745.0,14985.0,14720.0,14780.0,nan,14841.626066,110180,8176251800.0,114939,14745.0,19,14740.0,312,14750.0,75,14735.0,299,14755.0,47,14730.0,176,14760.0,37,14725.0,246,14765.0,27,14720.0,165
1597988617125696000,1597988617436999936,2020-08-21 13:43:37.437000,14745.0,14985.0,14720.0,14780.0,nan,14841.609407,110199,8177652575.0,114958,14750.0,75,14740.0,312,14755.0,47,14735.0,299,14760.0,37,14730.0,176,14765.0,27,14725.0,246,14770.0,170,14720.0,165
1597988617627736064,1597988617926000128,2020-08-21 13:43:37.926000,14745.0,14985.0,14720.0,14780.0,nan,14841.607653,110201,8177800025.0,114960,14750.0,75,14745.0,1,14755.0,47,14740.0,312,14760.0,37,14735.0,299,14765.0,27,14730.0,176,14770.0,170,14725.0,246
1597988618171484928,1597988618381999872,2020-08-21 13:43:38.382000,14745.0,14985.0,14720.0,14780.0,nan,14841.606777,110202,8177873750.0,114961,14750.0,77,14745.0,7,14755.0,47,14740.0,319,14760.0,37,14735.0,299,14765.0,27,14730.0,176,14770.0,170,14725.0,246
1597988618615936000,1597988618912000000,2020-08-21 13:43:38.912000,14745.0,14985.0,14720.0,14780.0,nan,14841.606777,110202,8177873750.0,114961,14750.0,77,14745.0,10,14755.0,47,14740.0,319,14760.0,37,14735.0,299,14765.0,27,14730.0,176,14770.0,170,14725.0,246
1597988620112998912,1597988620438999808,2020-08-21 13:43:40.439000,14745.0,14985.0,14720.0,14780.0,nan,14841.606777,110202,8177873750.0,114961,14750.0,82,14745.0,10,14755.0,47,14740.0,319,14760.0,37,14735.0,299,14765.0,27,14730.0,176,14770.0,170,14725.0,246
1597988620603353088,1597988621000000000,2020-08-21 13:43:41.000000,14745.0,14985.0,14720.0,14780.0,nan,14841.606777,110202,8177873750.0,114961,14750.0,83,14745.0,10,14755.0,47,14740.0,319,14760.0,37,14735.0,299,14765.0,27,14730.0,176,14770.0,170,14725.0,246
1597988621136729088,1597988621431000064,2020-08-21 13:43:41.431000,14745.0,14985.0,14720.0,14780.0,nan,14841.602394,110207,8178242375.0,114964,14750.0,83,14745.0,5,14755.0,47,14740.0,319,14760.0,37,14735.0,299,14765.0,27,14730.0,176,14770.0,170,14725.0,246
1597988621607388928,1597988621904999936,2020-08-21 13:43:41.905000,14745.0,14985.0,14720.0,14780.0,nan,14841.598011,110212,8178611000.0,114962,14745.0,7,14740.0,319,14750.0,83,14735.0,299,14755.0,47,14730.0,176,14760.0,37,14725.0,246,14765.0,27,14720.0,165
1597988622150891008,1597988622424999936,2020-08-21 13:43:42.425000,14745.0,14985.0,14720.0,14780.0,nan,14841.598011,110212,8178611000.0,114962,14745.0,11,14740.0,319,14750.0,83,14735.0,299,14755.0,47,14730.0,176,14760.0,37,14725.0,246,14765.0,27,14720.0,165
1597988622608194048,1597988623000000000,2020-08-21 13:43:43.000000,14745.0,14985.0,14720.0,14780.0,nan,14841.598011,110212,8178611000.0,114962,14745.0,12,14740.0,318,14750.0,83,14735.0,299,14755.0,47,14730.0,176,14760.0,37,14725.0,246,14765.0,27,14720.0,165
1597988623128795904,1597988623404999936,2020-08-21 13:43:43.405000,14745.0,14985.0,14720.0,14780.0,nan,14841.598011,110212,8178611000.0,114962,14745.0,18,14740.0,318,14750.0,83,14735.0,299,14755.0,47,14730.0,176,14760.0,37,14725.0,246,14765.0,27,14720.0,165
1597988623611164928,1597988624000000000,2020-08-21 13:43:44.000000,14740.0,14985.0,14720.0,14780.0,nan,14841.515113,110302,8185244000.0,114974,14745.0,19,14740.0,228,14750.0,83,14735.0,299,14755.0,47,14730.0,176,14760.0,37,14725.0,246,14765.0,27,14720.0,165
1597988624131695104,1597988624427000064,2020-08-21 13:43:44.427000,14740.0,14985.0,14720.0,14780.0,nan,14841.515113,110302,8185244000.0,114974,14745.0,41,14740.0,227,14750.0,83,14735.0,299,14755.0,47,14730.0,176,14760.0,35,14725.0,246,14765.0,27,14720.0,165
1597988624618149888,1597988625000000000,2020-08-21 13:43:45.000000,14745.0,14985.0,14720.0,14780.0,nan,14841.514238,110303,8185317725.0,114974,14745.0,42,14740.0,227,14750.0,83,14735.0,299,14755.0,47,14730.0,176,14760.0,35,14725.0,246,14765.0,27,14720.0,165
1597988625133168896,1597988625427000064,2020-08-21 13:43:45.427000,14745.0,14985.0,14720.0,14780.0,nan,14841.513363,110304,8185391450.0,114974,14745.0,41,14740.0,227,14750.0,83,14735.0,299,14755.0,47,14730.0,176,14760.0,35,14725.0,246,14765.0,27,14720.0,165
1597988629608773120,1597988630000000000,2020-08-21 13:43:50.000000,14740.0,14985.0,14720.0,14780.0,nan,14841.501401,110317,8186349550.0,114961,14745.0,41,14740.0,214,14750.0,83,14735.0,299,14755.0,47,14730.0,176,14760.0,35,14725.0,246,14765.0,27,14720.0,165
1597988630150152960,1597988630428000000,2020-08-21 13:43:50.428000,14740.0,14985.0,14720.0,14780.0,nan,14841.501401,110317,8186349550.0,114961,14745.0,41,14740.0,216,14750.0,83,14735.0,299,14755.0,47,14730.0,176,14760.0,35,14725.0,246,14765.0,27,14720.0,165
1597988630623350016,1597988631000000000,2020-08-21 13:43:51.000000,14740.0,14985.0,14720.0,14780.0,nan,14841.501401,110317,8186349550.0,114961,14745.0,46,14740.0,216,14750.0,83,14735.0,299,14755.0,47,14730.0,176,14760.0,35,14725.0,246,14765.0,27,14720.0,165
1597988631614608896,1597988632000000000,2020-08-21 13:43:52.000000,14745.0,14985.0,14720.0,14780.0,nan,14841.500526,110318,8186423275.0,114962,14745.0,45,14740.0,216,14750.0,83,14735.0,299,14755.0,47,14730.0,176,14760.0,35,14725.0,246,14765.0,27,14720.0,165
1597988635121257984,1597988635391000064,2020-08-21 13:43:55.391000,14745.0,14985.0,14720.0,14780.0,nan,14841.461178,110363,8189740900.0,114995,14750.0,83,14745.0,5,14755.0,47,14740.0,216,14760.0,35,14735.0,299,14765.0,27,14730.0,176,14770.0,170,14725.0,246
1597988635599709952,1597988636000000000,2020-08-21 13:43:56.000000,14745.0,14985.0,14720.0,14780.0,nan,14841.461178,110363,8189740900.0,114995,14750.0,100,14745.0,6,14755.0,47,14740.0,219,14760.0,35,14735.0,299,14765.0,27,14730.0,176,14770.0,170,14725.0,246
1597988636132816896,1597988636432000000,2020-08-21 13:43:56.432000,14745.0,14985.0,14720.0,14780.0,nan,14841.455934,110369,8190183250.0,114994,14750.0,100,14740.0,218,14755.0,47,14735.0,299,14760.0,35,14730.0,176,14765.0,27,14725.0,246,14770.0,170,14720.0,165
1597988636613671936,1597988637000000000,2020-08-21 13:43:57.000000,14745.0,14985.0,14720.0,14780.0,nan,14841.455934,110369,8190183250.0,114994,14750.0,100,14740.0,219,14755.0,47,14735.0,299,14760.0,35,14730.0,176,14765.0,27,14725.0,246,14770.0,170,14720.0,165
1597988640640062976,1597988641000000000,2020-08-21 13:44:01.000000,14745.0,14985.0,14720.0,14780.0,nan,14841.455934,110369,8190183250.0,114994,14750.0,100,14740.0,220,14755.0,47,14735.0,299,14760.0,35,14730.0,176,14765.0,27,14725.0,246,14770.0,170,14720.0,165
1597988641628113920,1597988642000000000,2020-08-21 13:44:02.000000,14745.0,14985.0,14720.0,14780.0,nan,14841.455934,110369,8190183250.0,114994,14750.0,100,14740.0,370,14755.0,47,14735.0,299,14760.0,35,14730.0,176,14765.0,27,14725.0,246,14770.0,170,14720.0,165
1597988642157576960,1597988642408000000,2020-08-21 13:44:02.408000,14745.0,14985.0,14720.0,14780.0,nan,14841.455934,110369,8190183250.0,114994,14750.0,100,14745.0,1,14755.0,47,14740.0,371,14760.0,35,14735.0,299,14765.0,27,14730.0,176,14770.0,170,14725.0,246
1597988642607729920,1597988643000000000,2020-08-21 13:44:03.000000,14745.0,14985.0,14720.0,14780.0,nan,14841.455934,110369,8190183250.0,114994,14750.0,99,14745.0,8,14755.0,47,14740.0,372,14760.0,35,14735.0,299,14765.0,27,14730.0,176,14770.0,170,14725.0,246
1597988643147112960,1597988643428000000,2020-08-21 13:44:03.428000,14745.0,14985.0,14720.0,14780.0,nan,14841.455934,110369,8190183250.0,114994,14750.0,99,14745.0,13,14755.0,47,14740.0,372,14760.0,35,14735.0,299,14765.0,27,14730.0,176,14770.0,170,14725.0,246
1597988643606795008,1597988644000000000,2020-08-21 13:44:04.000000,14745.0,14985.0,14720.0,14780.0,nan,14841.455934,110369,8190183250.0,114994,14750.0,100,14745.0,15,14755.0,47,14740.0,372,14760.0,35,14735.0,299,14765.0,27,14730.0,176,14770.0,170,14725.0,246
1597988646118599936,1597988646434000128,2020-08-21 13:44:06.434000,14745.0,14985.0,14720.0,14780.0,nan,14841.442827,110384,8191289125.0,115004,14745.0,75,14740.0,372,14750.0,100,14735.0,299,14755.0,47,14730.0,176,14760.0,35,14725.0,246,14765.0,27,14720.0,165
1597988646605298944,1597988647000000000,2020-08-21 13:44:07.000000,14745.0,14985.0,14720.0,14780.0,nan,14841.441079,110386,8191436575.0,115006,14745.0,75,14740.0,371,14750.0,100,14735.0,299,14755.0,47,14730.0,176,14760.0,35,14725.0,246,14765.0,27,14720.0,165
1597988647105766912,1597988647435000064,2020-08-21 13:44:07.435000,14745.0,14985.0,14720.0,14780.0,nan,14841.441079,110386,8191436575.0,115006,14745.0,75,14740.0,370,14750.0,100,14735.0,299,14755.0,47,14730.0,176,14760.0,35,14725.0,246,14765.0,27,14720.0,165
1597988648624018944,1597988649000000000,2020-08-21 13:44:09.000000,14745.0,14985.0,14720.0,14780.0,nan,14841.440206,110387,8191510300.0,115007,14745.0,74,14740.0,370,14750.0,100,14735.0,299,14755.0,47,14730.0,176,14760.0,35,14725.0,246,14765.0,27,14720.0,165
1597988657601251072,1597988658000000000,2020-08-21 13:44:18.000000,14745.0,14985.0,14720.0,14780.0,nan,14841.438459,110389,8191657750.0,115009,14745.0,72,14740.0,370,14750.0,100,14735.0,299,14755.0,47,14730.0,176,14760.0,35,14725.0,246,14765.0,27,14720.0,165
1597988662620785920,1597988663000000000,2020-08-21 13:44:23.000000,14745.0,14985.0,14720.0,14780.0,nan,14841.438459,110389,8191657750.0,115009,14745.0,74,14740.0,370,14750.0,100,14735.0,299,14755.0,47,14730.0,176,14760.0,35,14725.0,246,14765.0,27,14720.0,165
1597988663128300032,1597988663438999808,2020-08-21 13:44:23.439000,14745.0,14985.0,14720.0,14780.0,nan,14841.438459,110389,8191657750.0,115009,14745.0,81,14740.0,370,14750.0,100,14735.0,299,14755.0,47,14730.0,176,14760.0,35,14725.0,246,14765.0,27,14720.0,165
1597988664120421120,1597988664412000000,2020-08-21 13:44:24.412000,14745.0,14985.0,14720.0,14780.0,nan,14841.438459,110389,8191657750.0,115009,14745.0,81,14740.0,369,14750.0,100,14735.0,299,14755.0,47,14730.0,176,14760.0,35,14725.0,246,14765.0,27,14720.0,165
1597988670612238080,1597988671000000000,2020-08-21 13:44:31.000000,14745.0,14985.0,14720.0,14780.0,nan,14841.438459,110389,8191657750.0,115009,14745.0,81,14740.0,369,14750.0,99,14735.0,299,14755.0,47,14730.0,176,14760.0,35,14725.0,246,14765.0,27,14720.0,165
1597988673619636992,1597988674000000000,2020-08-21 13:44:34.000000,14745.0,14985.0,14720.0,14780.0,nan,14841.438459,110389,8191657750.0,115009,14745.0,81,14740.0,369,14750.0,94,14735.0,299,14755.0,47,14730.0,176,14760.0,35,14725.0,246,14765.0,27,14720.0,165
1597988674125990912,1597988674438999808,2020-08-21 13:44:34.439000,14745.0,14985.0,14720.0,14780.0,nan,14841.438459,110389,8191657750.0,115009,14745.0,81,14740.0,369,14750.0,91,14735.0,299,14755.0,47,14730.0,176,14760.0,35,14725.0,246,14765.0,27,14720.0,165
1597988674638451968,1597988675000000000,2020-08-21 13:44:35.000000,14745.0,14985.0,14720.0,14780.0,nan,14841.438459,110389,8191657750.0,115009,14745.0,84,14740.0,369,14750.0,91,14735.0,299,14755.0,47,14730.0,176,14760.0,35,14725.0,246,14765.0,27,14720.0,165
1597988682616891904,1597988683000000000,2020-08-21 13:44:43.000000,14745.0,14985.0,14720.0,14780.0,nan,14841.438459,110389,8191657750.0,115009,14745.0,85,14740.0,369,14750.0,91,14735.0,299,14755.0,47,14730.0,176,14760.0,35,14725.0,246,14765.0,27,14720.0,165
1597988683125145088,1597988683413000192,2020-08-21 13:44:43.413000,14745.0,14985.0,14720.0,14780.0,nan,14841.438459,110389,8191657750.0,115009,14745.0,89,14740.0,369,14750.0,91,14735.0,299,14755.0,47,14730.0,176,14760.0,35,14725.0,246,14765.0,27,14720.0,165
1597988684127536896,1597988684437999872,2020-08-21 13:44:44.438000,14745.0,14985.0,14720.0,14780.0,nan,14841.438459,110389,8191657750.0,115009,14745.0,90,14740.0,369,14750.0,91,14735.0,299,14755.0,47,14730.0,176,14760.0,35,14725.0,246,14765.0,27,14720.0,165
1597988686105597952,1597988686431000064,2020-08-21 13:44:46.431000,14740.0,14985.0,14720.0,14780.0,nan,14841.43754,110390,8191731450.0,115009,14745.0,90,14740.0,368,14750.0,91,14735.0,299,14755.0,47,14730.0,176,14760.0,35,14725.0,246,14765.0,27,14720.0,165
1597988686632025088,1597988687000000000,2020-08-21 13:44:47.000000,14740.0,14985.0,14720.0,14780.0,nan,14841.43754,110390,8191731450.0,115009,14745.0,90,14740.0,368,14750.0,91,14735.0,299,14755.0,47,14730.0,176,14760.0,45,14725.0,246,14765.0,27,14720.0,165
1597988688120372992,1597988688427000064,2020-08-21 13:44:48.427000,14740.0,14985.0,14720.0,14780.0,nan,14841.43754,110390,8191731450.0,115009,14745.0,90,14740.0,369,14750.0,91,14735.0,299,14755.0,47,14730.0,176,14760.0,45,14725.0,246,14765.0,27,14720.0,165
1597988688619826944,1597988689000000000,2020-08-21 13:44:49.000000,14740.0,14985.0,14720.0,14780.0,nan,14841.43754,110390,8191731450.0,115009,14745.0,90,14740.0,369,14750.0,90,14735.0,299,14755.0,47,14730.0,176,14760.0,45,14725.0,246,14765.0,27,14720.0,165
1597988689109242112,1597988689436000000,2020-08-21 13:44:49.436000,14740.0,14985.0,14720.0,14780.0,nan,14841.436621,110391,8191805150.0,115008,14745.0,91,14740.0,368,14750.0,90,14735.0,299,14755.0,47,14730.0,176,14760.0,45,14725.0,246,14765.0,27,14720.0,165
1597988690609722112,1597988691000000000,2020-08-21 13:44:51.000000,14740.0,14985.0,14720.0,14780.0,nan,14841.435702,110392,8191878850.0,115008,14745.0,91,14740.0,367,14750.0,90,14735.0,299,14755.0,47,14730.0,176,14760.0,45,14725.0,246,14765.0,27,14720.0,165
1597988691148423936,1597988691436000000,2020-08-21 13:44:51.436000,14740.0,14985.0,14720.0,14780.0,nan,14841.435702,110392,8191878850.0,115008,14745.0,95,14740.0,367,14750.0,90,14735.0,299,14755.0,47,14730.0,176,14760.0,45,14725.0,246,14765.0,27,14720.0,165
1597988694136172032,1597988694428999936,2020-08-21 13:44:54.429000,14740.0,14985.0,14720.0,14780.0,nan,14841.435702,110392,8191878850.0,115008,14745.0,95,14740.0,368,14750.0,90,14735.0,299,14755.0,47,14730.0,176,14760.0,45,14725.0,246,14765.0,27,14720.0,165
1597988694601775104,1597988695000000000,2020-08-21 13:44:55.000000,14740.0,14985.0,14720.0,14780.0,nan,14841.434783,110393,8191952550.0,115007,14745.0,94,14740.0,367,14750.0,90,14735.0,299,14755.0,47,14730.0,176,14760.0,45,14725.0,246,14765.0,27,14720.0,165
1597988697612633088,1597988698000000000,2020-08-21 13:44:58.000000,14740.0,14985.0,14720.0,14780.0,nan,14841.434783,110393,8191952550.0,115007,14745.0,94,14740.0,367,14750.0,90,14735.0,299,14755.0,45,14730.0,176,14760.0,45,14725.0,246,14765.0,27,14720.0,165
1597988698107663104,1597988698437999872,2020-08-21 13:44:58.438000,14740.0,14985.0,14720.0,14780.0,nan,14841.434783,110393,8191952550.0,115007,14745.0,94,14740.0,367,14750.0,90,14735.0,299,14755.0,45,14730.0,176,14760.0,45,14725.0,245,14765.0,27,14720.0,165
1597988701122946048,1597988701404999936,2020-08-21 13:45:01.405000,14740.0,14985.0,14720.0,14780.0,nan,14841.434783,110393,8191952550.0,115007,14745.0,94,14740.0,367,14750.0,90,14735.0,299,14755.0,45,14730.0,174,14760.0,45,14725.0,245,14765.0,27,14720.0,165
1597988701602873088,1597988702000000000,2020-08-21 13:45:02.000000,14745.0,14985.0,14720.0,14780.0,nan,14841.430415,110398,8192321175.0,115007,14745.0,97,14740.0,367,14750.0,90,14735.0,299,14755.0,45,14730.0,174,14760.0,45,14725.0,245,14765.0,28,14720.0,165
1597988703117740032,1597988703435000064,2020-08-21 13:45:03.435000,14745.0,14985.0,14720.0,14780.0,nan,14841.429542,110399,8192394900.0,115008,14745.0,96,14740.0,367,14750.0,90,14735.0,299,14755.0,45,14730.0,174,14760.0,45,14725.0,245,14765.0,28,14720.0,165
1597988703612900096,1597988704000000000,2020-08-21 13:45:04.000000,14745.0,14985.0,14720.0,14780.0,nan,14841.429542,110399,8192394900.0,115008,14745.0,96,14740.0,367,14750.0,77,14735.0,299,14755.0,45,14730.0,174,14760.0,45,14725.0,245,14765.0,28,14720.0,165
1597988704150884096,1597988704437999872,2020-08-21 13:45:04.438000,14745.0,14985.0,14720.0,14780.0,nan,14841.429542,110399,8192394900.0,115008,14745.0,110,14740.0,367,14750.0,77,14735.0,299,14755.0,45,14730.0,174,14760.0,45,14725.0,245,14765.0,28,14720.0,165
1597988706150832896,1597988706432000000,2020-08-21 13:45:06.432000,14745.0,14985.0,14720.0,14780.0,nan,14841.429542,110399,8192394900.0,115008,14745.0,127,14740.0,368,14750.0,77,14735.0,299,14755.0,45,14730.0,174,14760.0,45,14725.0,245,14765.0,28,14720.0,165
1597988707121936896,1597988707427000064,2020-08-21 13:45:07.427000,14740.0,14985.0,14720.0,14780.0,nan,14841.093476,110766,8219442800.0,115109,14740.0,11,14735.0,299,14745.0,133,14730.0,174,14750.0,77,14725.0,245,14755.0,45,14720.0,165,14760.0,45,14715.0,330
1597988707615742976,1597988708000000000,2020-08-21 13:45:08.000000,14740.0,14985.0,14720.0,14780.0,nan,14841.085263,110775,8220106100.0,115109,14740.0,47,14735.0,300,14745.0,114,14730.0,174,14750.0,73,14725.0,232,14755.0,54,14720.0,165,14760.0,45,14715.0,330
1597988708155703040,1597988708436000000,2020-08-21 13:45:08.436000,14740.0,14985.0,14720.0,14780.0,nan,14841.085263,110775,8220106100.0,115109,14740.0,60,14735.0,300,14745.0,110,14730.0,174,14750.0,72,14725.0,232,14755.0,54,14720.0,165,14760.0,44,14715.0,330
1597988708595059968,1597988709000000000,2020-08-21 13:45:09.000000,14740.0,14985.0,14720.0,14780.0,nan,14841.085263,110775,8220106100.0,115109,14740.0,60,14735.0,300,14745.0,110,14730.0,174,14750.0,73,14725.0,232,14755.0,54,14720.0,165,14760.0,44,14715.0,330
1597988710608265984,1597988711000000000,2020-08-21 13:45:11.000000,14740.0,14985.0,14720.0,14780.0,nan,14841.085263,110775,8220106100.0,115109,14740.0,80,14735.0,300,14745.0,110,14730.0,174,14750.0,73,14725.0,232,14755.0,54,14720.0,165,14760.0,44,14715.0,330
1597988712609236992,1597988713000000000,2020-08-21 13:45:13.000000,14740.0,14985.0,14720.0,14780.0,nan,14841.08435,110776,8220179800.0,115109,14740.0,79,14735.0,300,14745.0,110,14730.0,174,14750.0,73,14725.0,232,14755.0,54,14720.0,165,14760.0,44,14715.0,330
1597988713108782080,1597988713421999872,2020-08-21 13:45:13.422000,14740.0,14985.0,14720.0,14780.0,nan,14841.08435,110776,8220179800.0,115109,14740.0,80,14735.0,300,14745.0,110,14730.0,174,14750.0,73,14725.0,232,14755.0,54,14720.0,165,14760.0,44,14715.0,330
1597988714621550080,1597988715000000000,2020-08-21 13:45:15.000000,14740.0,14985.0,14720.0,14780.0,nan,14841.083438,110777,8220253500.0,115109,14740.0,79,14735.0,300,14745.0,110,14730.0,174,14750.0,73,14725.0,232,14755.0,54,14720.0,165,14760.0,44,14715.0,330
1597988715134109952,1597988715431000064,2020-08-21 13:45:15.431000,14740.0,14985.0,14720.0,14780.0,nan,14841.083438,110777,8220253500.0,115109,14740.0,80,14735.0,300,14745.0,110,14730.0,174,14750.0,73,14725.0,232,14755.0,54,14720.0,165,14760.0,44,14715.0,330
1597988716604844032,1597988717000000000,2020-08-21 13:45:17.000000,14740.0,14985.0,14720.0,14780.0,nan,14841.079788,110781,8220548300.0,115109,14740.0,76,14735.0,300,14745.0,110,14730.0,174,14750.0,73,14725.0,232,14755.0,54,14720.0,165,14760.0,44,14715.0,330
1597988717154580992,1597988717433000192,2020-08-21 13:45:17.433000,14740.0,14985.0,14720.0,14780.0,nan,14841.010491,110857,8226149500.0,115090,14740.0,3,14735.0,301,14745.0,110,14730.0,174,14750.0,73,14725.0,232,14755.0,54,14720.0,165,14760.0,44,14715.0,330
1597988717619568896,1597988718000000000,2020-08-21 13:45:18.000000,14745.0,14985.0,14720.0,14780.0,nan,14841.005069,110863,8226591725.0,115091,14745.0,108,14735.0,303,14750.0,73,14730.0,174,14755.0,54,14725.0,232,14760.0,44,14720.0,165,14765.0,27,14715.0,330
1597988718158290944,1597988718428999936,2020-08-21 13:45:18.429000,14745.0,14985.0,14720.0,14780.0,nan,14841.004203,110864,8226665450.0,115091,14745.0,107,14740.0,4,14750.0,73,14735.0,304,14755.0,53,14730.0,174,14760.0,45,14725.0,232,14765.0,27,14720.0,165
1597988718615557120,1597988719000000000,2020-08-21 13:45:19.000000,14745.0,14985.0,14720.0,14780.0,nan,14841.004203,110864,8226665450.0,115091,14745.0,107,14740.0,26,14750.0,73,14735.0,305,14755.0,53,14730.0,174,14760.0,45,14725.0,232,14765.0,27,14720.0,165
1597988719098132992,1597988719417999872,2020-08-21 13:45:19.418000,14745.0,14985.0,14720.0,14780.0,nan,14841.004203,110864,8226665450.0,115091,14745.0,107,14740.0,27,14750.0,73,14735.0,306,14755.0,53,14730.0,174,14760.0,45,14725.0,232,14765.0,27,14720.0,165
1597988719613869056,1597988720000000000,2020-08-21 13:45:20.000000,14745.0,14985.0,14720.0,14780.0,nan,14841.004203,110864,8226665450.0,115091,14745.0,107,14740.0,31,14750.0,73,14735.0,306,14755.0,53,14730.0,174,14760.0,45,14725.0,232,14765.0,27,14720.0,165
1597988720153231872,1597988720438999808,2020-08-21 13:45:20.439000,14745.0,14985.0,14720.0,14780.0,nan,14841.004203,110864,8226665450.0,115091,14745.0,107,14740.0,33,14750.0,73,14735.0,307,14755.0,53,14730.0,174,14760.0,45,14725.0,232,14765.0,27,14720.0,165
1597988720615772928,1597988721000000000,2020-08-21 13:45:21.000000,14745.0,14985.0,14720.0,14780.0,nan,14841.004203,110864,8226665450.0,115091,14745.0,107,14740.0,33,14750.0,73,14735.0,309,14755.0,53,14730.0,174,14760.0,45,14725.0,232,14765.0,27,14720.0,165
1597988722624762112,1597988723000000000,2020-08-21 13:45:23.000000,14745.0,14985.0,14720.0,14780.0,nan,14841.004203,110864,8226665450.0,115091,14745.0,108,14740.0,33,14750.0,73,14735.0,309,14755.0,53,14730.0,174,14760.0,45,14725.0,232,14765.0,27,14720.0,165
1597988723125690880,1597988723434000128,2020-08-21 13:45:23.434000,14745.0,14985.0,14720.0,14780.0,nan,14841.004203,110864,8226665450.0,115091,14745.0,108,14740.0,34,14750.0,73,14735.0,309,14755.0,53,14730.0,174,14760.0,45,14725.0,232,14765.0,27,14720.0,165
1597988726154299904,1597988726433000192,2020-08-21 13:45:26.433000,14745.0,14985.0,14720.0,14780.0,nan,14841.004203,110864,8226665450.0,115091,14745.0,108,14740.0,36,14750.0,73,14735.0,309,14755.0,53,14730.0,174,14760.0,45,14725.0,232,14765.0,27,14720.0,165
1597988726617421056,1597988727000000000,2020-08-21 13:45:27.000000,14745.0,14985.0,14720.0,14780.0,nan,14841.004203,110864,8226665450.0,115091,14745.0,108,14740.0,40,14750.0,73,14735.0,309,14755.0,53,14730.0,174,14760.0,45,14725.0,232,14765.0,27,14720.0,165
1597988727122146048,1597988727437999872,2020-08-21 13:45:27.438000,14740.0,14985.0,14720.0,14780.0,nan,14841.003292,110865,8226739150.0,115091,14745.0,108,14740.0,40,14750.0,72,14735.0,309,14755.0,53,14730.0,174,14760.0,45,14725.0,232,14765.0,27,14720.0,165
1597988727613483008,1597988728000000000,2020-08-21 13:45:28.000000,14740.0,14985.0,14720.0,14780.0,nan,14841.003292,110865,8226739150.0,115091,14745.0,109,14740.0,46,14750.0,72,14735.0,307,14755.0,53,14730.0,174,14760.0,46,14725.0,232,14765.0,27,14720.0,165
