local_nano_time,quote_nano_time,datetime,last_price,highest,lowest,open,close,average,volume,amount,open_interest,ask_price1,ask_volume1,bid_price1,bid_volume1,ask_price2,ask_volume2,bid_price2,bid_volume2,ask_price3,ask_volume3,bid_price3,bid_volume3,ask_price4,ask_volume4,bid_price4,bid_volume4,ask_price5,ask_volume5,bid_price5,bid_volume5
1597988226226292992,1597988226000001024,2020-08-21 13:37:06.000001,9565.0,9715.0,9520.0,9660.0,nan,9595.0,13992,671266200.0,11655,9565.0,29,9560.0,38,nan,0,nan,0,nan,0,nan,0,nan,0,nan,0,nan,0,nan,0
1597988226684359936,1597988227000000000,2020-08-21 13:37:07.000000,9565.0,9715.0,9520.0,9660.0,nan,9595.0,13992,671266200.0,11655,9565.0,30,9560.0,38,nan,0,nan,0,nan,0,nan,0,nan,0,nan,0,nan,0,nan,0
1597988228687363072,1597988229000000000,2020-08-21 13:37:09.000000,9560.0,9715.0,9520.0,9660.0,nan,9595.0,13995,671410125.0,11658,9565.0,30,9560.0,35,nan,0,nan,0,nan,0,nan,0,nan,0,nan,0,nan,0,nan,0
1597988229693384960,1597988230000000000,2020-08-21 13:37:10.000000,9560.0,9715.0,9520.0,9660.0,nan,9595.0,13996,671458100.0,11658,9565.0,30,9560.0,34,nan,0,nan,0,nan,0,nan,0,nan,0,nan,0,nan,0,nan,0
1597988232199975936,1597988232000001024,2020-08-21 13:37:12.000001,9560.0,9715.0,9520.0,9660.0,nan,9595.0,13996,671458100.0,11658,9565.0,30,9560.0,33,nan,0,nan,0,nan,0,nan,0,nan,0,nan,0,nan,0,nan,0
1597988232689917952,1597988233000000000,2020-08-21 13:37:13.000000,9560.0,9715.0,9520.0,9660.0,nan,9595.0,14020,672609500.0,11663,9565.0,32,9560.0,10,nan,0,nan,0,nan,0,nan,0,nan,0,nan,0,nan,0,nan,0
1597988233189381120,1597988233000001024,2020-08-21 13:37:13.000001,9560.0,9715.0,9520.0,9660.0,nan,9595.0,14031,673137225.0,11669,9560.0,3,9555.0,33,nan,0,nan,0,nan,0,nan,0,nan,0,nan,0,nan,0,nan,0
1597988233696259072,1597988234000000000,2020-08-21 13:37:14.000000,9560.0,9715.0,9520.0,9660.0,nan,9595.0,14031,673137225.0,11669,9560.0,4,9555.0,33,nan,0,nan,0,nan,0,nan,0,nan,0,nan,0,nan,0,nan,0
1597988234696235008,1597988235000000000,2020-08-21 13:37:15.000000,9560.0,9715.0,9520.0,9660.0,nan,9595.0,14031,673137225.0,11669,9560.0,5,9555.0,33,nan,0,nan,0,nan,0,nan,0,nan,0,nan,0,nan,0,nan,0
1597988235847298048,1597988236000000000,2020-08-21 13:37:16.000000,9560.0,9715.0,9520.0,9660.0,nan,9595.0,14031,673137225.0,11669,9560.0,6,9555.0,33,nan,0,nan,0,nan,0,nan,0,nan,0,nan,0,nan,0,nan,0
1597988236211741952,1597988236000001024,2020-08-21 13:37:16.000001,9560.0,9715.0,9520.0,9660.0,nan,9595.0,14031,673137225.0,11669,9560.0,8,9555.0,33,nan,0,nan,0,nan,0,nan,0,nan,0,nan,0,nan,0,nan,0
1597988238207409920,1597988238000001024,2020-08-21 13:37:18.000001,9560.0,9715.0,9520.0,9660.0,nan,9595.0,14031,673137225.0,11669,9560.0,10,9555.0,33,nan,0,nan,0,nan,0,nan,0,nan,0,nan,0,nan,0,nan,0
1597988240199879936,1597988240000001024,2020-08-21 13:37:20.000001,9560.0,9715.0,9520.0,9660.0,nan,9595.0,14031,673137225.0,11669,9560.0,11,9555.0,33,nan,0,nan,0,nan,0,nan,0,nan,0,nan,0,nan,0,nan,0
1597988240694409984,1597988241000000000,2020-08-21 13:37:21.000000,9560.0,9715.0,9520.0,9660.0,nan,9595.0,14036,673377100.0,11670,9560.0,6,9555.0,33,nan,0,nan,0,nan,0,nan,0,nan,0,nan,0,nan,0,nan,0
1597988241191603968,1597988241000001024,2020-08-21 13:37:21.000001,9560.0,9715.0,9520.0,9660.0,nan,9595.0,14038,673473050.0,11670,9560.0,4,9555.0,33,nan,0,nan,0,nan,0,nan,0,nan,0,nan,0,nan,0,nan,0
1597988243191823872,1597988243000001024,2020-08-21 13:37:23.000001,9560.0,9715.0,9520.0,9660.0,nan,9595.0,14038,673473050.0,11670,9560.0,5,9555.0,33,nan,0,nan,0,nan,0,nan,0,nan,0,nan,0,nan,0,nan,0
1597988244697739008,1597988245000000000,2020-08-21 13:37:25.000000,9555.0,9715.0,9520.0,9660.0,nan,9595.0,14040,673569000.0,11670,9560.0,5,9555.0,32,nan,0,nan,0,nan,0,nan,0,nan,0,nan,0,nan,0,nan,0
1597988245202621952,1597988245000001024,2020-08-21 13:37:25.000001,9560.0,9715.0,9520.0,9660.0,nan,9595.0,14041,673616975.0,11671,9560.0,4,9555.0,32,nan,0,nan,0,nan,0,nan,0,nan,0,nan,0,nan,0,nan,0
1597988246712103936,1597988247000000000,2020-08-21 13:37:27.000000,9560.0,9715.0,9520.0,9660.0,nan,9595.0,14041,673616975.0,11671,9560.0,5,9555.0,32,nan,0,nan,0,nan,0,nan,0,nan,0,nan,0,nan,0,nan,0
1597988248238566912,1597988248000001024,2020-08-21 13:37:28.000001,9560.0,9715.0,9520.0,9660.0,nan,9595.0,14046,673856850.0,11670,9565.0,25,9560.0,5,nan,0,nan,0,nan,0,nan,0,nan,0,nan,0,nan,0,nan,0
1597988250212803072,1597988250000001024,2020-08-21 13:37:30.000001,9560.0,9715.0,9520.0,9660.0,nan,9595.0,14049,674000775.0,11672,9565.0,23,9560.0,4,nan,0,nan,0,nan,0,nan,0,nan,0,nan,0,nan,0,nan,0
1597988250710012928,1597988251000000000,2020-08-21 13:37:31.000000,9560.0,9715.0,9520.0,9660.0,nan,9595.0,14049,674000775.0,11672,9565.0,25,9560.0,4,nan,0,nan,0,nan,0,nan,0,nan,0,nan,0,nan,0,nan,0
1597988255703277056,1597988256000000000,2020-08-21 13:37:36.000000,9560.0,9715.0,9520.0,9660.0,nan,9595.0,14049,674000775.0,11672,9565.0,26,9560.0,4,nan,0,nan,0,nan,0,nan,0,nan,0,nan,0,nan,0,nan,0
1597988256210523904,1597988256000001024,2020-08-21 13:37:36.000001,9560.0,9715.0,9520.0,9660.0,nan,9595.0,14049,674000775.0,11672,9565.0,28,9560.0,4,nan,0,nan,0,nan,0,nan,0,nan,0,nan,0,nan,0,nan,0
1597988258204643072,1597988258000001024,2020-08-21 13:37:38.000001,9560.0,9715.0,9520.0,9660.0,nan,9595.0,14049,674000775.0,11672,9565.0,31,9560.0,4,nan,0,nan,0,nan,0,nan,0,nan,0,nan,0,nan,0,nan,0
1597988258708669952,1597988259000000000,2020-08-21 13:37:39.000000,9560.0,9715.0,9520.0,9660.0,nan,9595.0,14050,674048750.0,11672,9565.0,41,9560.0,3,nan,0,nan,0,nan,0,nan,0,nan,0,nan,0,nan,0,nan,0
1597988259204769024,1597988259000001024,2020-08-21 13:37:39.000001,9560.0,9715.0,9520.0,9660.0,nan,9595.0,14054,674240650.0,11671,9560.0,8,9555.0,34,nan,0,nan,0,nan,0,nan,0,nan,0,nan,0,nan,0,nan,0
1597988261197016064,1597988261000001024,2020-08-21 13:37:41.000001,9560.0,9715.0,9520.0,9660.0,nan,9595.0,14054,674240650.0,11671,9560.0,9,9555.0,34,nan,0,nan,0,nan,0,nan,0,nan,0,nan,0,nan,0,nan,0
1597988261699084032,1597988262000000000,2020-08-21 13:37:42.000000,9560.0,9715.0,9520.0,9660.0,nan,9595.0,14054,674240650.0,11671,9560.0,12,9555.0,34,nan,0,nan,0,nan,0,nan,0,nan,0,nan,0,nan,0,nan,0
1597988262704877056,1597988263000000000,2020-08-21 13:37:43.000000,9560.0,9715.0,9520.0,9660.0,nan,9595.0,14056,674336600.0,11669,9560.0,11,9555.0,34,nan,0,nan,0,nan,0,nan,0,nan,0,nan,0,nan,0,nan,0
1597988263200023040,1597988263000001024,2020-08-21 13:37:43.000001,9560.0,9715.0,9520.0,9660.0,nan,9595.0,14056,674336600.0,11669,9560.0,13,9555.0,34,nan,0,nan,0,nan,0,nan,0,nan,0,nan,0,nan,0,nan,0
1597988269204592128,1597988269000001024,2020-08-21 13:37:49.000001,9560.0,9715.0,9520.0,9660.0,nan,9595.0,14065,674768375.0,11674,9560.0,4,9555.0,34,nan,0,nan,0,nan,0,nan,0,nan,0,nan,0,nan,0,nan,0
1597988269722544896,1597988270000000000,2020-08-21 13:37:50.000000,9560.0,9715.0,9520.0,9660.0,nan,9595.0,14070,675008250.0,11673,9565.0,35,9560.0,4,nan,0,nan,0,nan,0,nan,0,nan,0,nan,0,nan,0,nan,0
1597988270710046976,1597988271000000000,2020-08-21 13:37:51.000000,9560.0,9715.0,9520.0,9660.0,nan,9595.0,14070,675008250.0,11673,9565.0,35,9560.0,6,nan,0,nan,0,nan,0,nan,0,nan,0,nan,0,nan,0,nan,0
1597988271206946048,1597988271000001024,2020-08-21 13:37:51.000001,9560.0,9715.0,9520.0,9660.0,nan,9595.0,14075,675248125.0,11673,9565.0,36,9560.0,1,nan,0,nan,0,nan,0,nan,0,nan,0,nan,0,nan,0,nan,0
1597988271708753920,1597988272000000000,2020-08-21 13:37:52.000000,9560.0,9715.0,9520.0,9660.0,nan,9595.0,14075,675248125.0,11673,9560.0,1,9555.0,34,nan,0,nan,0,nan,0,nan,0,nan,0,nan,0,nan,0,nan,0
1597988272205604096,1597988272000001024,2020-08-21 13:37:52.000001,9560.0,9715.0,9520.0,9660.0,nan,9595.0,14076,675296100.0,11674,9565.0,31,9555.0,34,nan,0,nan,0,nan,0,nan,0,nan,0,nan,0,nan,0,nan,0
1597988272723784960,1597988273000000000,2020-08-21 13:37:53.000000,9560.0,9715.0,9520.0,9660.0,nan,9595.0,14076,675296100.0,11674,9560.0,5,9555.0,34,nan,0,nan,0,nan,0,nan,0,nan,0,nan,0,nan,0,nan,0
1597988274708736000,1597988275000000000,2020-08-21 13:37:55.000000,9560.0,9715.0,9520.0,9660.0,nan,9595.0,14077,675344075.0,11675,9560.0,4,9555.0,34,nan,0,nan,0,nan,0,nan,0,nan,0,nan,0,nan,0,nan,0
1597988275214851072,1597988275000001024,2020-08-21 13:37:55.000001,9560.0,9715.0,9520.0,9660.0,nan,9595.0,14077,675344075.0,11675,9560.0,5,9555.0,34,nan,0,nan,0,nan,0,nan,0,nan,0,nan,0,nan,0,nan,0
1597988276804515072,1597988277000000000,2020-08-21 13:37:57.000000,9560.0,9715.0,9520.0,9660.0,nan,9595.0,14077,675344075.0,11675,9560.0,5,9555.0,33,nan,0,nan,0,nan,0,nan,0,nan,0,nan,0,nan,0,nan,0
1597988278215800064,1597988278000001024,2020-08-21 13:37:58.000001,9560.0,9715.0,9520.0,9660.0,nan,9595.0,14077,675344075.0,11675,9560.0,7,9555.0,33,nan,0,nan,0,nan,0,nan,0,nan,0,nan,0,nan,0,nan,0
1597988278717018880,1597988279000000000,2020-08-21 13:37:59.000000,9560.0,9715.0,9520.0,9660.0,nan,9595.0,14080,675488000.0,11675,9560.0,4,9555.0,33,nan,0,nan,0,nan,0,nan,0,nan,0,nan,0,nan,0,nan,0
1597988279714065920,1597988280000000000,2020-08-21 13:38:00.000000,9560.0,9715.0,9520.0,9660.0,nan,9595.0,14080,675488000.0,11675,9560.0,5,9555.0,33,nan,0,nan,0,nan,0,nan,0,nan,0,nan,0,nan,0,nan,0
1597988281715037952,1597988282000000000,2020-08-21 13:38:02.000000,9560.0,9715.0,9520.0,9660.0,nan,9595.0,14080,675488000.0,11675,9560.0,9,9555.0,33,nan,0,nan,0,nan,0,nan,0,nan,0,nan,0,nan,0,nan,0
1597988282213924096,1597988282000001024,2020-08-21 13:38:02.000001,9560.0,9715.0,9520.0,9660.0,nan,9595.0,14080,675488000.0,11675,9560.0,17,9555.0,33,nan,0,nan,0,nan,0,nan,0,nan,0,nan,0,nan,0,nan,0
1597988282715006976,1597988283000000000,2020-08-21 13:38:03.000000,9560.0,9715.0,9520.0,9660.0,nan,9595.0,14080,675488000.0,11675,9560.0,18,9555.0,33,nan,0,nan,0,nan,0,nan,0,nan,0,nan,0,nan,0,nan,0
1597988284713340928,1597988285000000000,2020-08-21 13:38:05.000000,9560.0,9715.0,9520.0,9660.0,nan,9595.0,14080,675488000.0,11675,9560.0,19,9555.0,33,nan,0,nan,0,nan,0,nan,0,nan,0,nan,0,nan,0,nan,0
1597988286709937920,1597988287000000000,2020-08-21 13:38:07.000000,9560.0,9715.0,9520.0,9660.0,nan,9595.0,14080,675488000.0,11675,9560.0,20,9555.0,33,nan,0,nan,0,nan,0,nan,0,nan,0,nan,0,nan,0,nan,0
1597988290715471104,1597988291000000000,2020-08-21 13:38:11.000000,9560.0,9715.0,9520.0,9660.0,nan,9595.0,14080,675488000.0,11675,9560.0,20,9555.0,43,nan,0,nan,0,nan,0,nan,0,nan,0,nan,0,nan,0,nan,0
1597988291213988096,1597988291000001024,2020-08-21 13:38:11.000001,9555.0,9715.0,9520.0,9660.0,nan,9595.0,14083,675631925.0,11674,9560.0,20,9555.0,50,nan,0,nan,0,nan,0,nan,0,nan,0,nan,0,nan,0,nan,0
1597988291719171072,1597988291000001792,2020-08-21 13:38:11.000002,9555.0,9715.0,9520.0,9660.0,nan,9595.0,14083,675631925.0,11674,9560.0,20,9555.0,51,nan,0,nan,0,nan,0,nan,0,nan,0,nan,0,nan,0,nan,0
1597988294721833984,1597988295000000000,2020-08-21 13:38:15.000000,9555.0,9715.0,9520.0,9660.0,nan,9595.0,14083,675631925.0,11674,9560.0,20,9555.0,52,nan,0,nan,0,nan,0,nan,0,nan,0,nan,0,nan,0,nan,0
1597988295221060096,1597988295000001024,2020-08-21 13:38:15.000001,9555.0,9715.0,9520.0,9660.0,nan,9595.0,14083,675631925.0,11674,9560.0,22,9555.0,52,nan,0,nan,0,nan,0,nan,0,nan,0,nan,0,nan,0,nan,0
1597988296218963968,1597988296000001024,2020-08-21 13:38:16.000001,9555.0,9715.0,9520.0,9660.0,nan,9595.0,14083,675631925.0,11674,9560.0,24,9555.0,52,nan,0,nan,0,nan,0,nan,0,nan,0,nan,0,nan,0,nan,0
1597988301529383936,1597988301000001024,2020-08-21 13:38:21.000001,9555.0,9715.0,9520.0,9660.0,nan,9595.0,14083,675631925.0,11674,9560.0,25,9555.0,52,nan,0,nan,0,nan,0,nan,0,nan,0,nan,0,nan,0,nan,0
1597988306220900096,1597988306000001024,2020-08-21 13:38:26.000001,9555.0,9715.0,9520.0,9660.0,nan,9595.0,14084,675679900.0,11673,9560.0,25,9555.0,51,nan,0,nan,0,nan,0,nan,0,nan,0,nan,0,nan,0,nan,0
1597988307222694912,1597988307000001024,2020-08-21 13:38:27.000001,9555.0,9715.0,9520.0,9660.0,nan,9595.0,14092,676063700.0,11673,9560.0,25,9555.0,43,nan,0,nan,0,nan,0,nan,0,nan,0,nan,0,nan,0,nan,0
1597988312726411008,1597988313000000000,2020-08-21 13:38:33.000000,9560.0,9715.0,9520.0,9660.0,nan,9595.0,14093,676111675.0,11674,9560.0,24,9555.0,42,nan,0,nan,0,nan,0,nan,0,nan,0,nan,0,nan,0,nan,0
1597988318229758976,1597988318000001024,2020-08-21 13:38:38.000001,9560.0,9715.0,9520.0,9660.0,nan,9595.0,14093,676111675.0,11674,9560.0,25,9555.0,42,nan,0,nan,0,nan,0,nan,0,nan,0,nan,0,nan,0,nan,0
1597988318731032064,1597988319000000000,2020-08-21 13:38:39.000000,9560.0,9715.0,9520.0,9660.0,nan,9595.0,14093,676111675.0,11674,9560.0,26,9555.0,42,nan,0,nan,0,nan,0,nan,0,nan,0,nan,0,nan,0,nan,0
1597988326293262080,1597988326000001024,2020-08-21 13:38:46.000001,9555.0,9715.0,9520.0,9660.0,nan,9595.0,14098,676351550.0,11679,9560.0,26,9555.0,37,nan,0,nan,0,nan,0,nan,0,nan,0,nan,0,nan,0,nan,0
1597988327734441984,1597988328000000000,2020-08-21 13:38:48.000000,9555.0,9715.0,9520.0,9660.0,nan,9595.0,14099,676399525.0,11680,9560.0,25,9555.0,39,nan,0,nan,0,nan,0,nan,0,nan,0,nan,0,nan,0,nan,0
1597988330235315968,1597988330000001024,2020-08-21 13:38:50.000001,9555.0,9715.0,9520.0,9660.0,nan,9595.0,14103,676591425.0,11684,9560.0,25,9555.0,35,nan,0,nan,0,nan,0,nan,0,nan,0,nan,0,nan,0,nan,0
1597988333267170048,1597988333000001024,2020-08-21 13:38:53.000001,9555.0,9715.0,9520.0,9660.0,nan,9595.0,14112,677023200.0,11680,9560.0,25,9555.0,26,nan,0,nan,0,nan,0,nan,0,nan,0,nan,0,nan,0,nan,0
1597988333818944000,1597988334000000000,2020-08-21 13:38:54.000000,9555.0,9715.0,9520.0,9660.0,nan,9595.0,14112,677023200.0,11680,9560.0,26,9555.0,26,nan,0,nan,0,nan,0,nan,0,nan,0,nan,0,nan,0,nan,0
1597988334251112960,1597988334000001024,2020-08-21 13:38:54.000001,9555.0,9715.0,9520.0,9660.0,nan,9595.0,14112,677023200.0,11680,9560.0,27,9555.0,26,nan,0,nan,0,nan,0,nan,0,nan,0,nan,0,nan,0,nan,0
1597988334751586048,1597988335000000000,2020-08-21 13:38:55.000000,9555.0,9715.0,9520.0,9660.0,nan,9595.0,14112,677023200.0,11680,9560.0,30,9555.0,26,nan,0,nan,0,nan,0,nan,0,nan,0,nan,0,nan,0,nan,0
1597988335240780032,1597988335000001024,2020-08-21 13:38:55.000001,9555.0,9715.0,9520.0,9660.0,nan,9595.0,14113,677071175.0,11681,9560.0,30,9555.0,25,nan,0,nan,0,nan,0,nan,0,nan,0,nan,0,nan,0,nan,0
1597988337875748096,1597988338000000000,2020-08-21 13:38:58.000000,9555.0,9715.0,9520.0,9660.0,nan,9595.0,14118,677311050.0,11681,9560.0,30,9555.0,20,nan,0,nan,0,nan,0,nan,0,nan,0,nan,0,nan,0,nan,0
1597988338237583872,1597988338000001024,2020-08-21 13:38:58.000001,9555.0,9715.0,9520.0,9660.0,nan,9595.0,14118,677311050.0,11681,9560.0,31,9555.0,20,nan,0,nan,0,nan,0,nan,0,nan,0,nan,0,nan,0,nan,0
1597988339748239872,1597988340000000000,2020-08-21 13:39:00.000000,9560.0,9715.0,9520.0,9660.0,nan,9595.0,14138,678270550.0,11701,9560.0,11,9555.0,20,nan,0,nan,0,nan,0,nan,0,nan,0,nan,0,nan,0,nan,0
1597988340244747008,1597988340000001024,2020-08-21 13:39:00.000001,9560.0,9715.0,9520.0,9660.0,nan,9595.0,14138,678270550.0,11701,9560.0,18,9555.0,20,nan,0,nan,0,nan,0,nan,0,nan,0,nan,0,nan,0,nan,0
1597988341784922112,1597988342000000000,2020-08-21 13:39:02.000000,9555.0,9715.0,9520.0,9660.0,nan,9595.0,14140,678366500.0,11701,9560.0,18,9555.0,18,nan,0,nan,0,nan,0,nan,0,nan,0,nan,0,nan,0,nan,0
1597988342746598912,1597988343000000000,2020-08-21 13:39:03.000000,9555.0,9715.0,9520.0,9660.0,nan,9595.0,14141,678414475.0,11701,9560.0,18,9555.0,17,nan,0,nan,0,nan,0,nan,0,nan,0,nan,0,nan,0,nan,0
1597988344748224000,1597988345000000000,2020-08-21 13:39:05.000000,9555.0,9715.0,9520.0,9660.0,nan,9595.0,14141,678414475.0,11701,9560.0,24,9555.0,17,nan,0,nan,0,nan,0,nan,0,nan,0,nan,0,nan,0,nan,0
1597988345757446912,1597988346000000000,2020-08-21 13:39:06.000000,9555.0,9715.0,9520.0,9660.0,nan,9595.0,14141,678414475.0,11701,9560.0,24,9555.0,21,nan,0,nan,0,nan,0,nan,0,nan,0,nan,0,nan,0,nan,0
1597988346257517056,1597988346000001024,2020-08-21 13:39:06.000001,9555.0,9715.0,9520.0,9660.0,nan,9595.0,14141,678414475.0,11701,9560.0,25,9555.0,21,nan,0,nan,0,nan,0,nan,0,nan,0,nan,0,nan,0,nan,0
1597988347742885888,1597988348000000000,2020-08-21 13:39:08.000000,9560.0,9715.0,9520.0,9660.0,nan,9595.0,14143,678510425.0,11701,9560.0,23,9555.0,21,nan,0,nan,0,nan,0,nan,0,nan,0,nan,0,nan,0,nan,0
1597988350252969984,1597988350000001024,2020-08-21 13:39:10.000001,9555.0,9715.0,9520.0,9660.0,nan,9595.0,14149,678798275.0,11701,9560.0,23,9555.0,15,nan,0,nan,0,nan,0,nan,0,nan,0,nan,0,nan,0,nan,0
1597988350880260096,1597988351000000000,2020-08-21 13:39:11.000000,9555.0,9715.0,9520.0,9660.0,nan,9595.0,14155,679086125.0,11707,9560.0,26,9555.0,9,nan,0,nan,0,nan,0,nan,0,nan,0,nan,0,nan,0,nan,0
1597988351245882112,1597988351000001024,2020-08-21 13:39:11.000001,9555.0,9715.0,9520.0,9660.0,nan,9595.0,14155,679086125.0,11707,9560.0,23,9555.0,9,nan,0,nan,0,nan,0,nan,0,nan,0,nan,0,nan,0,nan,0
1597988354740226048,1597988355000000000,2020-08-21 13:39:15.000000,9555.0,9715.0,9520.0,9660.0,nan,9595.0,14162,679421950.0,11714,9560.0,23,9555.0,2,nan,0,nan,0,nan,0,nan,0,nan,0,nan,0,nan,0,nan,0
1597988355243042048,1597988355000001024,2020-08-21 13:39:15.000001,9555.0,9715.0,9520.0,9660.0,nan,9595.0,14164,679517900.0,11716,9555.0,2,9550.0,41,nan,0,nan,0,nan,0,nan,0,nan,0,nan,0,nan,0,nan,0
1597988355740428032,1597988356000000000,2020-08-21 13:39:16.000000,9555.0,9715.0,9520.0,9660.0,nan,9595.0,14164,679517900.0,11716,9555.0,3,9550.0,41,nan,0,nan,0,nan,0,nan,0,nan,0,nan,0,nan,0,nan,0
1597988356240496896,1597988356000001024,2020-08-21 13:39:16.000001,9555.0,9715.0,9520.0,9660.0,nan,9595.0,14165,679565875.0,11716,9555.0,2,9550.0,41,nan,0,nan,0,nan,0,nan,0,nan,0,nan,0,nan,0,nan,0
1597988358244027904,1597988358000001024,2020-08-21 13:39:18.000001,9555.0,9715.0,9520.0,9660.0,nan,9595.0,14165,679565875.0,11716,9555.0,3,9550.0,42,nan,0,nan,0,nan,0,nan,0,nan,0,nan,0,nan,0,nan,0
1597988366248875008,1597988366000001024,2020-08-21 13:39:26.000001,9555.0,9715.0,9520.0,9660.0,nan,9595.0,14165,679565875.0,11716,9555.0,5,9550.0,42,nan,0,nan,0,nan,0,nan,0,nan,0,nan,0,nan,0,nan,0
1597988368261038080,1597988368000001024,2020-08-21 13:39:28.000001,9555.0,9715.0,9520.0,9660.0,nan,9595.0,14165,679565875.0,11716,9555.0,6,9550.0,42,nan,0,nan,0,nan,0,nan,0,nan,0,nan,0,nan,0,nan,0
1597988371256370944,1597988371000001024,2020-08-21 13:39:31.000001,9555.0,9715.0,9520.0,9660.0,nan,9595.0,14166,679613850.0,11716,9555.0,5,9550.0,42,nan,0,nan,0,nan,0,nan,0,nan,0,nan,0,nan,0,nan,0
1597988372252570112,1597988372000001024,2020-08-21 13:39:32.000001,9555.0,9715.0,9520.0,9660.0,nan,9595.0,14171,679853725.0,11716,9560.0,30,9550.0,47,nan,0,nan,0,nan,0,nan,0,nan,0,nan,0,nan,0,nan,0
1597988372773945088,1597988373000000000,2020-08-21 13:39:33.000000,9555.0,9715.0,9520.0,9660.0,nan,9595.0,14171,679853725.0,11716,9560.0,30,9550.0,47,nan,0,nan,0,nan,0,nan,0,nan,0,nan,0,nan,0,nan,0
1597988373251461120,1597988373000001024,2020-08-21 13:39:33.000001,9555.0,9715.0,9520.0,9660.0,nan,9595.0,14171,679853725.0,11716,9560.0,30,9550.0,48,nan,0,nan,0,nan,0,nan,0,nan,0,nan,0,nan,0,nan,0
1597988377764017920,1597988378000000000,2020-08-21 13:39:38.000000,9560.0,9715.0,9520.0,9660.0,nan,9595.0,14191,680813225.0,11705,9560.0,13,9555.0,3,nan,0,nan,0,nan,0,nan,0,nan,0,nan,0,nan,0,nan,0
1597988378369114880,1597988378000001024,2020-08-21 13:39:38.000001,9555.0,9715.0,9520.0,9660.0,nan,9595.0,14192,680861200.0,11704,9560.0,13,9555.0,6,nan,0,nan,0,nan,0,nan,0,nan,0,nan,0,nan,0,nan,0
1597988379748976896,1597988380000000000,2020-08-21 13:39:40.000000,9555.0,9715.0,9520.0,9660.0,nan,9595.0,14192,680861200.0,11704,9560.0,13,9555.0,10,nan,0,nan,0,nan,0,nan,0,nan,0,nan,0,nan,0,nan,0
1597988380254083072,1597988380000001024,2020-08-21 13:39:40.000001,9555.0,9715.0,9520.0,9660.0,nan,9595.0,14192,680861200.0,11704,9560.0,10,9555.0,10,nan,0,nan,0,nan,0,nan,0,nan,0,nan,0,nan,0,nan,0
1597988382754617088,1597988383000000000,2020-08-21 13:39:43.000000,9555.0,9715.0,9520.0,9660.0,nan,9595.0,14194,680957150.0,11704,9560.0,10,9555.0,8,nan,0,nan,0,nan,0,nan,0,nan,0,nan,0,nan,0,nan,0
1597988384754072064,1597988385000000000,2020-08-21 13:39:45.000000,9555.0,9715.0,9520.0,9660.0,nan,9595.0,14195,681005125.0,11705,9560.0,10,9555.0,8,nan,0,nan,0,nan,0,nan,0,nan,0,nan,0,nan,0,nan,0
1597988385258361088,1597988385000001024,2020-08-21 13:39:45.000001,9555.0,9715.0,9520.0,9660.0,nan,9595.0,14195,681005125.0,11705,9560.0,11,9555.0,9,nan,0,nan,0,nan,0,nan,0,nan,0,nan,0,nan,0,nan,0
1597988386257178880,1597988386000001024,2020-08-21 13:39:46.000001,9555.0,9715.0,9520.0,9660.0,nan,9595.0,14196,681053100.0,11705,9560.0,11,9555.0,8,nan,0,nan,0,nan,0,nan,0,nan,0,nan,0,nan,0,nan,0
1597988386755056896,1597988387000000000,2020-08-21 13:39:47.000000,9555.0,9715.0,9520.0,9660.0,nan,9595.0,14196,681053100.0,11705,9560.0,11,9555.0,9,nan,0,nan,0,nan,0,nan,0,nan,0,nan,0,nan,0,nan,0
1597988391257453056,1597988391000001024,2020-08-21 13:39:51.000001,9555.0,9715.0,9520.0,9660.0,nan,9595.0,14203,681388925.0,11712,9560.0,16,9550.0,49,nan,0,nan,0,nan,0,nan,0,nan,0,nan,0,nan,0,nan,0
1597988393258817024,1597988393000001024,2020-08-21 13:39:53.000001,9555.0,9715.0,9520.0,9660.0,nan,9595.0,14203,681388925.0,11712,9560.0,18,9550.0,49,nan,0,nan,0,nan,0,nan,0,nan,0,nan,0,nan,0,nan,0
1597988396266393088,1597988396000001024,2020-08-21 13:39:56.000001,9555.0,9715.0,9520.0,9660.0,nan,9595.0,14203,681388925.0,11712,9560.0,19,9550.0,49,nan,0,nan,0,nan,0,nan,0,nan,0,nan,0,nan,0,nan,0
1597988400767459072,1597988401000000000,2020-08-21 13:40:01.000000,9555.0,9715.0,9520.0,9660.0,nan,9595.0,14203,681388925.0,11712,9560.0,20,9550.0,49,nan,0,nan,0,nan,0,nan,0,nan,0,nan,0,nan,0,nan,0
1597988401771120128,1597988402000000000,2020-08-21 13:40:02.000000,9555.0,9715.0,9520.0,9660.0,nan,9595.0,14203,681388925.0,11712,9560.0,14,9555.0,5,nan,0,nan,0,nan,0,nan,0,nan,0,nan,0,nan,0,nan,0
1597988402272712960,1597988402000001024,2020-08-21 13:40:02.000001,9555.0,9715.0,9520.0,9660.0,nan,9595.0,14203,681388925.0,11712,9560.0,14,9555.0,9,nan,0,nan,0,nan,0,nan,0,nan,0,nan,0,nan,0,nan,0
1597988404267432960,1597988404000001024,2020-08-21 13:40:04.000001,9560.0,9715.0,9520.0,9660.0,nan,9595.0,14213,681868675.0,11722,9560.0,4,9555.0,9,nan,0,nan,0,nan,0,nan,0,nan,0,nan,0,nan,0,nan,0
1597988406770174976,1597988407000000000,2020-08-21 13:40:07.000000,9560.0,9715.0,9520.0,9660.0,nan,9595.0,14213,681868675.0,11722,9560.0,8,9555.0,9,nan,0,nan,0,nan,0,nan,0,nan,0,nan,0,nan,0,nan,0
1597988407318288896,1597988407000001024,2020-08-21 13:40:07.000001,9560.0,9715.0,9520.0,9660.0,nan,9595.0,14214,681916650.0,11723,9560.0,3,9555.0,9,nan,0,nan,0,nan,0,nan,0,nan,0,nan,0,nan,0,nan,0
1597988408268306944,1597988408000001024,2020-08-21 13:40:08.000001,9560.0,9715.0,9520.0,9660.0,nan,9595.0,14217,682060575.0,11724,9565.0,15,9560.0,2,nan,0,nan,0,nan,0,nan,0,nan,0,nan,0,nan,0,nan,0
1597988413766838016,1597988414000000000,2020-08-21 13:40:14.000000,9560.0,9715.0,9520.0,9660.0,nan,9595.0,14218,682108550.0,11725,9565.0,15,9560.0,1,nan,0,nan,0,nan,0,nan,0,nan,0,nan,0,nan,0,nan,0
1597988414779796992,1597988415000000000,2020-08-21 13:40:15.000000,9560.0,9715.0,9520.0,9660.0,nan,9595.0,14218,682108550.0,11725,9565.0,15,9560.0,2,nan,0,nan,0,nan,0,nan,0,nan,0,nan,0,nan,0,nan,0
1597988416271269120,1597988416000001024,2020-08-21 13:40:16.000001,9560.0,9715.0,9520.0,9660.0,nan,9595.0,14220,682204500.0,11727,9565.0,15,9555.0,10,nan,0,nan,0,nan,0,nan,0,nan,0,nan,0,nan,0,nan,0
1597988416770998016,1597988417000000000,2020-08-21 13:40:17.000000,9560.0,9715.0,9520.0,9660.0,nan,9595.0,14220,682204500.0,11727,9560.0,1,9555.0,10,nan,0,nan,0,nan,0,nan,0,nan,0,nan,0,nan,0,nan,0
1597988417271792128,1597988417000001024,2020-08-21 13:40:17.000001,9560.0,9715.0,9520.0,9660.0,nan,9595.0,14221,682252475.0,11727,9560.0,6,9555.0,10,nan,0,nan,0,nan,0,nan,0,nan,0,nan,0,nan,0,nan,0
1597988418779642112,1597988419000000000,2020-08-21 13:40:19.000000,9560.0,9715.0,9520.0,9660.0,nan,9595.0,14223,682348425.0,11727,9560.0,4,9555.0,10,nan,0,nan,0,nan,0,nan,0,nan,0,nan,0,nan,0,nan,0
1597988419276514048,1597988419000001024,2020-08-21 13:40:19.000001,9560.0,9715.0,9520.0,9660.0,nan,9595.0,14223,682348425.0,11727,9565.0,15,9555.0,10,nan,0,nan,0,nan,0,nan,0,nan,0,nan,0,nan,0,nan,0
1597988420273204992,1597988420000001024,2020-08-21 13:40:20.000001,9560.0,9715.0,9520.0,9660.0,nan,9595.0,14223,682348425.0,11727,9565.0,15,9560.0,21,nan,0,nan,0,nan,0,nan,0,nan,0,nan,0,nan,0,nan,0
1597988420770017024,1597988421000000000,2020-08-21 13:40:21.000000,9560.0,9715.0,9520.0,9660.0,nan,9595.0,14223,682348425.0,11727,9565.0,13,9560.0,25,nan,0,nan,0,nan,0,nan,0,nan,0,nan,0,nan,0,nan,0
1597988422268945920,1597988422000001024,2020-08-21 13:40:22.000001,9560.0,9715.0,9520.0,9660.0,nan,9595.0,14223,682348425.0,11727,9565.0,15,9560.0,21,nan,0,nan,0,nan,0,nan,0,nan,0,nan,0,nan,0,nan,0
1597988423277971968,1597988423000001024,2020-08-21 13:40:23.000001,9560.0,9715.0,9520.0,9660.0,nan,9595.0,14228,682588300.0,11731,9565.0,10,9560.0,20,nan,0,nan,0,nan,0,nan,0,nan,0,nan,0,nan,0,nan,0
1597988426286757120,1597988426000001024,2020-08-21 13:40:26.000001,9565.0,9715.0,9520.0,9660.0,nan,9595.0,14229,682636275.0,11732,9565.0,9,9560.0,20,nan,0,nan,0,nan,0,nan,0,nan,0,nan,0,nan,0,nan,0
1597988427274829056,1597988427000001024,2020-08-21 13:40:27.000001,9565.0,9715.0,9520.0,9660.0,nan,9595.0,14229,682636275.0,11732,9565.0,9,9560.0,21,nan,0,nan,0,nan,0,nan,0,nan,0,nan,0,nan,0,nan,0
1597988427784958976,1597988428000000000,2020-08-21 13:40:28.000000,9560.0,9715.0,9520.0,9660.0,nan,9595.0,14230,682684250.0,11733,9565.0,9,9560.0,20,nan,0,nan,0,nan,0,nan,0,nan,0,nan,0,nan,0,nan,0
1597988431303065088,1597988431000001024,2020-08-21 13:40:31.000001,9565.0,9715.0,9520.0,9660.0,nan,9595.0,14232,682780200.0,11733,9565.0,7,9560.0,20,nan,0,nan,0,nan,0,nan,0,nan,0,nan,0,nan,0,nan,0
1597988433281198080,1597988433000001024,2020-08-21 13:40:33.000001,9565.0,9715.0,9520.0,9660.0,nan,9595.0,14239,683116025.0,11731,9570.0,19,9565.0,1,nan,0,nan,0,nan,0,nan,0,nan,0,nan,0,nan,0,nan,0
1597988433836677888,1597988434000000000,2020-08-21 13:40:34.000000,9565.0,9715.0,9520.0,9660.0,nan,9595.0,14240,683164000.0,11731,9570.0,23,9560.0,20,nan,0,nan,0,nan,0,nan,0,nan,0,nan,0,nan,0,nan,0
1597988434283863040,1597988434000001024,2020-08-21 13:40:34.000001,9565.0,9715.0,9520.0,9660.0,nan,9595.0,14240,683164000.0,11731,9565.0,1,9560.0,20,nan,0,nan,0,nan,0,nan,0,nan,0,nan,0,nan,0,nan,0
1597988434786361088,1597988435000000000,2020-08-21 13:40:35.000000,9565.0,9715.0,9520.0,9660.0,nan,9595.0,14241,683211975.0,11731,9570.0,19,9565.0,5,nan,0,nan,0,nan,0,nan,0,nan,0,nan,0,nan,0,nan,0
1597988435279849984,1597988435000001024,2020-08-21 13:40:35.000001,9565.0,9715.0,9520.0,9660.0,nan,9595.0,14242,683259950.0,11731,9570.0,19,9565.0,4,nan,0,nan,0,nan,0,nan,0,nan,0,nan,0,nan,0,nan,0
1597988436782117888,1597988437000000000,2020-08-21 13:40:37.000000,9565.0,9715.0,9520.0,9660.0,nan,9595.0,14253,683787675.0,11735,9565.0,3,9560.0,20,nan,0,nan,0,nan,0,nan,0,nan,0,nan,0,nan,0,nan,0
1597988437779841024,1597988438000000000,2020-08-21 13:40:38.000000,9565.0,9715.0,9520.0,9660.0,nan,9595.0,14256,683931600.0,11735,9570.0,21,9565.0,3,nan,0,nan,0,nan,0,nan,0,nan,0,nan,0,nan,0,nan,0
1597988438288908032,1597988438000001024,2020-08-21 13:40:38.000001,9570.0,9715.0,9520.0,9660.0,nan,9595.0,14259,684075525.0,11735,9570.0,20,9565.0,1,nan,0,nan,0,nan,0,nan,0,nan,0,nan,0,nan,0,nan,0
1597988438781536000,1597988439000000000,2020-08-21 13:40:39.000000,9570.0,9715.0,9520.0,9660.0,nan,9595.0,14261,684171475.0,11733,9570.0,18,9565.0,4,nan,0,nan,0,nan,0,nan,0,nan,0,nan,0,nan,0,nan,0
1597988439282504960,1597988439000001024,2020-08-21 13:40:39.000001,9570.0,9715.0,9520.0,9660.0,nan,9595.0,14262,684219450.0,11732,9570.0,17,9565.0,6,nan,0,nan,0,nan,0,nan,0,nan,0,nan,0,nan,0,nan,0
1597988440285363968,1597988440000001024,2020-08-21 13:40:40.000001,9570.0,9715.0,9520.0,9660.0,nan,9595.0,14262,684219450.0,11732,9570.0,17,9565.0,11,nan,0,nan,0,nan,0,nan,0,nan,0,nan,0,nan,0,nan,0
1597988440783942912,1597988441000000000,2020-08-21 13:40:41.000000,9570.0,9715.0,9520.0,9660.0,nan,9595.0,14262,684219450.0,11732,9570.0,17,9565.0,12,nan,0,nan,0,nan,0,nan,0,nan,0,nan,0,nan,0,nan,0
1597988442301174016,1597988442000001024,2020-08-21 13:40:42.000001,9570.0,9715.0,9520.0,9660.0,nan,9595.0,14262,684219450.0,11732,9570.0,18,9565.0,12,nan,0,nan,0,nan,0,nan,0,nan,0,nan,0,nan,0,nan,0
1597988444315794944,1597988444000001024,2020-08-21 13:40:44.000001,9565.0,9715.0,9520.0,9660.0,nan,9595.0,14263,684267425.0,11731,9570.0,18,9565.0,11,nan,0,nan,0,nan,0,nan,0,nan,0,nan,0,nan,0,nan,0
1597988444783251968,1597988445000000000,2020-08-21 13:40:45.000000,9565.0,9715.0,9520.0,9660.0,nan,9595.0,14263,684267425.0,11731,9570.0,17,9565.0,11,nan,0,nan,0,nan,0,nan,0,nan,0,nan,0,nan,0,nan,0
1597988445282138112,1597988445000001024,2020-08-21 13:40:45.000001,9565.0,9715.0,9520.0,9660.0,nan,9595.0,14263,684267425.0,11731,9570.0,17,9565.0,12,nan,0,nan,0,nan,0,nan,0,nan,0,nan,0,nan,0,nan,0
1597988446276276992,1597988446000001024,2020-08-21 13:40:46.000001,9565.0,9715.0,9520.0,9660.0,nan,9595.0,14263,684267425.0,11731,9570.0,17,9565.0,7,nan,0,nan,0,nan,0,nan,0,nan,0,nan,0,nan,0,nan,0
1597988452788265984,1597988453000000000,2020-08-21 13:40:53.000000,9565.0,9715.0,9520.0,9660.0,nan,9595.0,14263,684267425.0,11731,9570.0,18,9565.0,7,nan,0,nan,0,nan,0,nan,0,nan,0,nan,0,nan,0,nan,0
1597988453277019904,1597988453000001024,2020-08-21 13:40:53.000001,9570.0,9715.0,9520.0,9660.0,nan,9595.0,14265,684363375.0,11733,9570.0,16,9565.0,7,nan,0,nan,0,nan,0,nan,0,nan,0,nan,0,nan,0,nan,0
1597988453778960896,1597988454000000000,2020-08-21 13:40:54.000000,9565.0,9715.0,9520.0,9660.0,nan,9595.0,14272,684699200.0,11738,9565.0,1,9560.0,22,nan,0,nan,0,nan,0,nan,0,nan,0,nan,0,nan,0,nan,0
1597988454283749888,1597988454000001024,2020-08-21 13:40:54.000001,9570.0,9715.0,9520.0,9660.0,nan,9595.0,14274,684795150.0,11740,9570.0,22,9560.0,22,nan,0,nan,0,nan,0,nan,0,nan,0,nan,0,nan,0,nan,0
1597988455280549888,1597988455000001024,2020-08-21 13:40:55.000001,9570.0,9715.0,9520.0,9660.0,nan,9595.0,14274,684795150.0,11740,9570.0,22,9565.0,1,nan,0,nan,0,nan,0,nan,0,nan,0,nan,0,nan,0,nan,0
1597988456287613952,1597988456000001024,2020-08-21 13:40:56.000001,9565.0,9715.0,9520.0,9660.0,nan,9595.0,14276,684891100.0,11742,9570.0,22,9560.0,22,nan,0,nan,0,nan,0,nan,0,nan,0,nan,0,nan,0,nan,0
1597988459284293120,1597988459000000000,2020-08-21 13:40:59.000000,9570.0,9715.0,9520.0,9660.0,nan,9595.0,14279,685035025.0,11744,9570.0,20,9565.0,2,nan,0,nan,0,nan,0,nan,0,nan,0,nan,0,nan,0,nan,0
1597988460787441920,1597988461000000000,2020-08-21 13:41:01.000000,9570.0,9715.0,9520.0,9660.0,nan,9595.0,14279,685035025.0,11744,9570.0,22,9565.0,2,nan,0,nan,0,nan,0,nan,0,nan,0,nan,0,nan,0,nan,0
1597988461385899008,1597988461000001024,2020-08-21 13:41:01.000001,9565.0,9715.0,9520.0,9660.0,nan,9595.0,14281,685130975.0,11743,9570.0,22,9560.0,22,nan,0,nan,0,nan,0,nan,0,nan,0,nan,0,nan,0,nan,0
1597988463294209024,1597988463000001024,2020-08-21 13:41:03.000001,9565.0,9715.0,9520.0,9660.0,nan,9595.0,14281,685130975.0,11743,9570.0,20,9560.0,22,nan,0,nan,0,nan,0,nan,0,nan,0,nan,0,nan,0,nan,0
1597988463799312896,1597988464000000000,2020-08-21 13:41:04.000000,9565.0,9715.0,9520.0,9660.0,nan,9595.0,14281,685130975.0,11743,9570.0,20,9560.0,27,nan,0,nan,0,nan,0,nan,0,nan,0,nan,0,nan,0,nan,0
1597988464289382912,1597988464000001024,2020-08-21 13:41:04.000001,9565.0,9715.0,9520.0,9660.0,nan,9595.0,14281,685130975.0,11743,9570.0,20,9565.0,1,nan,0,nan,0,nan,0,nan,0,nan,0,nan,0,nan,0,nan,0
1597988464795279872,1597988465000000000,2020-08-21 13:41:05.000000,9565.0,9715.0,9520.0,9660.0,nan,9595.0,14281,685130975.0,11743,9570.0,22,9565.0,1,nan,0,nan,0,nan,0,nan,0,nan,0,nan,0,nan,0,nan,0
1597988465288482048,1597988465000001024,2020-08-21 13:41:05.000001,9565.0,9715.0,9520.0,9660.0,nan,9595.0,14281,685130975.0,11743,9570.0,22,9565.0,2,nan,0,nan,0,nan,0,nan,0,nan,0,nan,0,nan,0,nan,0
1597988466297300992,1597988466000001024,2020-08-21 13:41:06.000001,9565.0,9715.0,9520.0,9660.0,nan,9595.0,14281,685130975.0,11743,9570.0,25,9565.0,2,nan,0,nan,0,nan,0,nan,0,nan,0,nan,0,nan,0,nan,0
1597988467792103936,1597988468000000000,2020-08-21 13:41:08.000000,9565.0,9715.0,9520.0,9660.0,nan,9595.0,14281,685130975.0,11743,9570.0,27,9565.0,2,nan,0,nan,0,nan,0,nan,0,nan,0,nan,0,nan,0,nan,0
1597988468293048064,1597988468000001024,2020-08-21 13:41:08.000001,9565.0,9715.0,9520.0,9660.0,nan,9595.0,14281,685130975.0,11743,9570.0,26,9565.0,2,nan,0,nan,0,nan,0,nan,0,nan,0,nan,0,nan,0,nan,0
1597988468799531008,1597988469000000000,2020-08-21 13:41:09.000000,9565.0,9715.0,9520.0,9660.0,nan,9595.0,14281,685130975.0,11743,9570.0,27,9565.0,2,nan,0,nan,0,nan,0,nan,0,nan,0,nan,0,nan,0,nan,0
1597988469294351104,1597988469000001024,2020-08-21 13:41:09.000001,9565.0,9715.0,9520.0,9660.0,nan,9595.0,14281,685130975.0,11743,9570.0,24,9565.0,2,nan,0,nan,0,nan,0,nan,0,nan,0,nan,0,nan,0,nan,0
1597988471797719040,1597988472000000000,2020-08-21 13:41:12.000000,9570.0,9715.0,9520.0,9660.0,nan,9595.0,14285,685322875.0,11743,9570.0,20,9565.0,2,nan,0,nan,0,nan,0,nan,0,nan,0,nan,0,nan,0,nan,0
1597988472302085888,1597988472000001024,2020-08-21 13:41:12.000001,9570.0,9715.0,9520.0,9660.0,nan,9595.0,14285,685322875.0,11743,9570.0,19,9565.0,2,nan,0,nan,0,nan,0,nan,0,nan,0,nan,0,nan,0,nan,0
1597988473298266112,1597988473000001024,2020-08-21 13:41:13.000001,9570.0,9715.0,9520.0,9660.0,nan,9595.0,14288,685466800.0,11744,9570.0,16,9565.0,2,nan,0,nan,0,nan,0,nan,0,nan,0,nan,0,nan,0,nan,0
1597988473795707904,1597988474000000000,2020-08-21 13:41:14.000000,9570.0,9715.0,9520.0,9660.0,nan,9595.0,14288,685466800.0,11744,9570.0,16,9565.0,4,nan,0,nan,0,nan,0,nan,0,nan,0,nan,0,nan,0,nan,0
1597988475304809984,1597988475000001024,2020-08-21 13:41:15.000001,9570.0,9715.0,9520.0,9660.0,nan,9595.0,14290,685562750.0,11744,9570.0,14,9565.0,4,nan,0,nan,0,nan,0,nan,0,nan,0,nan,0,nan,0,nan,0
1597988478316364032,1597988478000001024,2020-08-21 13:41:18.000001,9570.0,9715.0,9520.0,9660.0,nan,9595.0,14290,685562750.0,11744,9570.0,14,9565.0,5,nan,0,nan,0,nan,0,nan,0,nan,0,nan,0,nan,0,nan,0
1597988481297062912,1597988481000001024,2020-08-21 13:41:21.000001,9570.0,9715.0,9520.0,9660.0,nan,9595.0,14292,685658700.0,11743,9570.0,12,9565.0,5,nan,0,nan,0,nan,0,nan,0,nan,0,nan,0,nan,0,nan,0
1597988486303949056,1597988486000001024,2020-08-21 13:41:26.000001,9570.0,9715.0,9520.0,9660.0,nan,9595.0,14293,685706675.0,11742,9570.0,11,9565.0,5,nan,0,nan,0,nan,0,nan,0,nan,0,nan,0,nan,0,nan,0
1597988486800241920,1597988487000000000,2020-08-21 13:41:27.000000,9570.0,9715.0,9520.0,9660.0,nan,9595.0,14294,685754650.0,11742,9570.0,10,9565.0,5,nan,0,nan,0,nan,0,nan,0,nan,0,nan,0,nan,0,nan,0
1597988487304122880,1597988487000001024,2020-08-21 13:41:27.000001,9570.0,9715.0,9520.0,9660.0,nan,9595.0,14295,685802625.0,11742,9570.0,9,9565.0,5,nan,0,nan,0,nan,0,nan,0,nan,0,nan,0,nan,0,nan,0
1597988488300346880,1597988488000001024,2020-08-21 13:41:28.000001,9570.0,9715.0,9520.0,9660.0,nan,9595.0,14295,685802625.0,11742,9570.0,9,9565.0,6,nan,0,nan,0,nan,0,nan,0,nan,0,nan,0,nan,0,nan,0
1597988491307080960,1597988491000001024,2020-08-21 13:41:31.000001,9570.0,9715.0,9520.0,9660.0,nan,9595.0,14295,685802625.0,11742,9570.0,12,9565.0,6,nan,0,nan,0,nan,0,nan,0,nan,0,nan,0,nan,0,nan,0
1597988492315120128,1597988492000001024,2020-08-21 13:41:32.000001,9570.0,9715.0,9520.0,9660.0,nan,9595.0,14295,685802625.0,11742,9570.0,14,9565.0,6,nan,0,nan,0,nan,0,nan,0,nan,0,nan,0,nan,0,nan,0
1597988499804997888,1597988500000000000,2020-08-21 13:41:40.000000,9570.0,9715.0,9520.0,9660.0,nan,9595.0,14295,685802625.0,11742,9570.0,15,9565.0,6,nan,0,nan,0,nan,0,nan,0,nan,0,nan,0,nan,0,nan,0
1597988508312014080,1597988508000001024,2020-08-21 13:41:48.000001,9565.0,9715.0,9520.0,9660.0,nan,9595.0,14296,685850600.0,11741,9570.0,15,9565.0,5,nan,0,nan,0,nan,0,nan,0,nan,0,nan,0,nan,0,nan,0
1597988508810895872,1597988509000000000,2020-08-21 13:41:49.000000,9565.0,9715.0,9520.0,9660.0,nan,9595.0,14296,685850600.0,11741,9570.0,18,9565.0,3,nan,0,nan,0,nan,0,nan,0,nan,0,nan,0,nan,0,nan,0
1597988513817643008,1597988514000000000,2020-08-21 13:41:54.000000,9565.0,9715.0,9520.0,9660.0,nan,9595.0,14296,685850600.0,11741,9570.0,18,9565.0,4,nan,0,nan,0,nan,0,nan,0,nan,0,nan,0,nan,0,nan,0
1597988519318046976,1597988519000001024,2020-08-21 13:41:59.000001,9565.0,9715.0,9520.0,9660.0,nan,9595.0,14296,685850600.0,11741,9570.0,20,9565.0,4,nan,0,nan,0,nan,0,nan,0,nan,0,nan,0,nan,0,nan,0
1597988519816727040,1597988520000000000,2020-08-21 13:42:00.000000,9565.0,9715.0,9520.0,9660.0,nan,9595.0,14296,685850600.0,11741,9570.0,20,9565.0,6,nan,0,nan,0,nan,0,nan,0,nan,0,nan,0,nan,0,nan,0
1597988520324528896,1597988520000001024,2020-08-21 13:42:00.000001,9565.0,9715.0,9520.0,9660.0,nan,9595.0,14296,685850600.0,11741,9570.0,17,9565.0,6,nan,0,nan,0,nan,0,nan,0,nan,0,nan,0,nan,0,nan,0
1597988520828506112,1597988521000000000,2020-08-21 13:42:01.000000,9565.0,9715.0,9520.0,9660.0,nan,9595.0,14296,685850600.0,11741,9570.0,18,9565.0,6,nan,0,nan,0,nan,0,nan,0,nan,0,nan,0,nan,0,nan,0
1597988524812026112,1597988525000000000,2020-08-21 13:42:05.000000,9565.0,9715.0,9520.0,9660.0,nan,9595.0,14297,685898575.0,11741,9570.0,18,9565.0,5,nan,0,nan,0,nan,0,nan,0,nan,0,nan,0,nan,0,nan,0
1597988525815066880,1597988526000000000,2020-08-21 13:42:06.000000,9565.0,9715.0,9520.0,9660.0,nan,9595.0,14297,685898575.0,11741,9570.0,18,9565.0,6,nan,0,nan,0,nan,0,nan,0,nan,0,nan,0,nan,0,nan,0
1597988526828141056,1597988527000000000,2020-08-21 13:42:07.000000,9565.0,9715.0,9520.0,9660.0,nan,9595.0,14304,686234400.0,11743,9565.0,25,9560.0,29,nan,0,nan,0,nan,0,nan,0,nan,0,nan,0,nan,0,nan,0
1597988527323608064,1597988527000001024,2020-08-21 13:42:07.000001,9565.0,9715.0,9520.0,9660.0,nan,9595.0,14304,686234400.0,11743,9565.0,26,9560.0,29,nan,0,nan,0,nan,0,nan,0,nan,0,nan,0,nan,0,nan,0
1597988528815574016,1597988529000000000,2020-08-21 13:42:09.000000,9565.0,9715.0,9520.0,9660.0,nan,9595.0,14304,686234400.0,11743,9565.0,26,9560.0,28,nan,0,nan,0,nan,0,nan,0,nan,0,nan,0,nan,0,nan,0
1597988531318939904,1597988531000001024,2020-08-21 13:42:11.000001,9565.0,9715.0,9520.0,9660.0,nan,9595.0,14304,686234400.0,11743,9565.0,27,9560.0,28,nan,0,nan,0,nan,0,nan,0,nan,0,nan,0,nan,0,nan,0
1597988532316312064,1597988532000001024,2020-08-21 13:42:12.000001,9560.0,9715.0,9520.0,9660.0,nan,9595.0,14305,686282375.0,11743,9565.0,27,9560.0,27,nan,0,nan,0,nan,0,nan,0,nan,0,nan,0,nan,0,nan,0
1597988533860947968,1597988534000000000,2020-08-21 13:42:14.000000,9560.0,9715.0,9520.0,9660.0,nan,9595.0,14305,686282375.0,11743,9565.0,29,9560.0,27,nan,0,nan,0,nan,0,nan,0,nan,0,nan,0,nan,0,nan,0
1597988536823717888,1597988537000000000,2020-08-21 13:42:17.000000,9560.0,9715.0,9520.0,9660.0,nan,9595.0,14305,686282375.0,11743,9565.0,29,9560.0,28,nan,0,nan,0,nan,0,nan,0,nan,0,nan,0,nan,0,nan,0
1597988537327673088,1597988537000001024,2020-08-21 13:42:17.000001,9560.0,9715.0,9520.0,9660.0,nan,9595.0,14305,686282375.0,11743,9565.0,29,9560.0,29,nan,0,nan,0,nan,0,nan,0,nan,0,nan,0,nan,0,nan,0
1597988539829211904,1597988540000000000,2020-08-21 13:42:20.000000,9565.0,9715.0,9520.0,9660.0,nan,9595.0,14306,686330350.0,11744,9565.0,28,9560.0,29,nan,0,nan,0,nan,0,nan,0,nan,0,nan,0,nan,0,nan,0
1597988557829854976,1597988558000000000,2020-08-21 13:42:38.000000,9565.0,9715.0,9520.0,9660.0,nan,9595.0,14307,686378325.0,11745,9565.0,27,9560.0,29,nan,0,nan,0,nan,0,nan,0,nan,0,nan,0,nan,0,nan,0
1597988559836196096,1597988560000000000,2020-08-21 13:42:40.000000,9565.0,9715.0,9520.0,9660.0,nan,9595.0,14307,686378325.0,11745,9565.0,28,9560.0,29,nan,0,nan,0,nan,0,nan,0,nan,0,nan,0,nan,0,nan,0
1597988564847207936,1597988565000000000,2020-08-21 13:42:45.000000,9565.0,9715.0,9520.0,9660.0,nan,9595.0,14308,686426300.0,11746,9565.0,27,9560.0,29,nan,0,nan,0,nan,0,nan,0,nan,0,nan,0,nan,0,nan,0
1597988565333062912,1597988565000001024,2020-08-21 13:42:45.000001,9565.0,9715.0,9520.0,9660.0,nan,9595.0,14308,686426300.0,11746,9565.0,27,9560.0,30,nan,0,nan,0,nan,0,nan,0,nan,0,nan,0,nan,0,nan,0
1597988567832093952,1597988568000000000,2020-08-21 13:42:48.000000,9560.0,9715.0,9520.0,9660.0,nan,9595.0,14309,686474275.0,11747,9565.0,27,9560.0,29,nan,0,nan,0,nan,0,nan,0,nan,0,nan,0,nan,0,nan,0
1597988572847750912,1597988573000000000,2020-08-21 13:42:53.000000,9560.0,9715.0,9520.0,9660.0,nan,9595.0,14310,686522250.0,11747,9565.0,27,9560.0,28,nan,0,nan,0,nan,0,nan,0,nan,0,nan,0,nan,0,nan,0
1597988575847659008,1597988576000000000,2020-08-21 13:42:56.000000,9560.0,9715.0,9520.0,9660.0,nan,9595.0,14320,687002000.0,11757,9565.0,27,9560.0,18,nan,0,nan,0,nan,0,nan,0,nan,0,nan,0,nan,0,nan,0
1597988576345661952,1597988576000001024,2020-08-21 13:42:56.000001,9560.0,9715.0,9520.0,9660.0,nan,9595.0,14327,687337825.0,11761,9565.0,28,9560.0,13,nan,0,nan,0,nan,0,nan,0,nan,0,nan,0,nan,0,nan,0
1597988577849486080,1597988578000000000,2020-08-21 13:42:58.000000,9560.0,9715.0,9520.0,9660.0,nan,9595.0,14327,687337825.0,11761,9565.0,10,9560.0,13,nan,0,nan,0,nan,0,nan,0,nan,0,nan,0,nan,0,nan,0
1597988584841292032,1597988585000000000,2020-08-21 13:43:05.000000,9560.0,9715.0,9520.0,9660.0,nan,9595.0,14327,687337825.0,11761,9565.0,11,9560.0,13,nan,0,nan,0,nan,0,nan,0,nan,0,nan,0,nan,0,nan,0
1597988587341785088,1597988587000001024,2020-08-21 13:43:07.000001,9560.0,9715.0,9520.0,9660.0,nan,9595.0,14327,687337825.0,11761,9565.0,12,9560.0,13,nan,0,nan,0,nan,0,nan,0,nan,0,nan,0,nan,0,nan,0
1597988590841085952,1597988591000000000,2020-08-21 13:43:11.000000,9560.0,9715.0,9520.0,9660.0,nan,9595.0,14327,687337825.0,11761,9565.0,12,9560.0,14,nan,0,nan,0,nan,0,nan,0,nan,0,nan,0,nan,0,nan,0
1597988591350508032,1597988591000001024,2020-08-21 13:43:11.000001,9560.0,9715.0,9520.0,9660.0,nan,9595.0,14327,687337825.0,11761,9565.0,13,9560.0,14,nan,0,nan,0,nan,0,nan,0,nan,0,nan,0,nan,0,nan,0
1597988591855660032,1597988592000000000,2020-08-21 13:43:12.000000,9560.0,9715.0,9520.0,9660.0,nan,9595.0,14327,687337825.0,11761,9565.0,14,9560.0,14,nan,0,nan,0,nan,0,nan,0,nan,0,nan,0,nan,0,nan,0
1597988607357481984,1597988607000001024,2020-08-21 13:43:27.000001,9565.0,9715.0,9520.0,9660.0,nan,9595.0,14328,687385800.0,11762,9565.0,13,9560.0,14,nan,0,nan,0,nan,0,nan,0,nan,0,nan,0,nan,0,nan,0
1597988608842736896,1597988609000000000,2020-08-21 13:43:29.000000,9565.0,9715.0,9520.0,9660.0,nan,9595.0,14329,687433775.0,11762,9565.0,12,9560.0,14,nan,0,nan,0,nan,0,nan,0,nan,0,nan,0,nan,0,nan,0
1597988610361808896,1597988611000000000,2020-08-21 13:43:31.000000,9565.0,9715.0,9520.0,9660.0,nan,9595.0,14329,687433775.0,11762,9565.0,13,9560.0,14,nan,0,nan,0,nan,0,nan,0,nan,0,nan,0,nan,0,nan,0
1597988610843734016,1597988611000001024,2020-08-21 13:43:31.000001,9565.0,9715.0,9520.0,9660.0,nan,9595.0,14330,687481750.0,11763,9565.0,12,9560.0,14,nan,0,nan,0,nan,0,nan,0,nan,0,nan,0,nan,0,nan,0
1597988611358466048,1597988611000001792,2020-08-21 13:43:31.000002,9565.0,9715.0,9520.0,9660.0,nan,9595.0,14336,687769600.0,11759,9565.0,7,9560.0,14,nan,0,nan,0,nan,0,nan,0,nan,0,nan,0,nan,0,nan,0
1597988615853319936,1597988616000001024,2020-08-21 13:43:36.000001,9565.0,9715.0,9520.0,9660.0,nan,9595.0,14336,687769600.0,11759,9565.0,6,9560.0,14,nan,0,nan,0,nan,0,nan,0,nan,0,nan,0,nan,0,nan,0
1597988623357498112,1597988624000000000,2020-08-21 13:43:44.000000,9565.0,9715.0,9520.0,9660.0,nan,9595.0,14342,688057450.0,11761,9565.0,1,9560.0,13,nan,0,nan,0,nan,0,nan,0,nan,0,nan,0,nan,0,nan,0
1597988623858396928,1597988624000001024,2020-08-21 13:43:44.000001,9565.0,9715.0,9520.0,9660.0,nan,9595.0,14343,688105425.0,11761,9570.0,22,9560.0,13,nan,0,nan,0,nan,0,nan,0,nan,0,nan,0,nan,0,nan,0
1597988624367119872,1597988625000000000,2020-08-21 13:43:45.000000,9565.0,9715.0,9520.0,9660.0,nan,9595.0,14343,688105425.0,11761,9570.0,22,9560.0,17,nan,0,nan,0,nan,0,nan,0,nan,0,nan,0,nan,0,nan,0
1597988626366490880,1597988627000000000,2020-08-21 13:43:47.000000,9570.0,9715.0,9520.0,9660.0,nan,9595.0,14346,688249350.0,11761,9570.0,19,9560.0,17,nan,0,nan,0,nan,0,nan,0,nan,0,nan,0,nan,0,nan,0
1597988628868751104,1597988629000001024,2020-08-21 13:43:49.000001,9570.0,9715.0,9520.0,9660.0,nan,9595.0,14346,688249350.0,11761,9570.0,19,9565.0,1,nan,0,nan,0,nan,0,nan,0,nan,0,nan,0,nan,0,nan,0
1597988629367258112,1597988629000001792,2020-08-21 13:43:49.000002,9570.0,9715.0,9520.0,9660.0,nan,9595.0,14346,688249350.0,11761,9570.0,19,9565.0,3,nan,0,nan,0,nan,0,nan,0,nan,0,nan,0,nan,0,nan,0
1597988631351564032,1597988631000001024,2020-08-21 13:43:51.000001,9565.0,9715.0,9520.0,9660.0,nan,9595.0,14347,688297325.0,11762,9570.0,19,9565.0,2,nan,0,nan,0,nan,0,nan,0,nan,0,nan,0,nan,0,nan,0
1597988633360612096,1597988633000001792,2020-08-21 13:43:53.000002,9565.0,9715.0,9520.0,9660.0,nan,9595.0,14347,688297325.0,11762,9570.0,20,9565.0,2,nan,0,nan,0,nan,0,nan,0,nan,0,nan,0,nan,0,nan,0
1597988633876473088,1597988634000000000,2020-08-21 13:43:54.000000,9565.0,9715.0,9520.0,9660.0,nan,9595.0,14347,688297325.0,11762,9570.0,20,9560.0,17,nan,0,nan,0,nan,0,nan,0,nan,0,nan,0,nan,0,nan,0
1597988635354959872,1597988636000000000,2020-08-21 13:43:56.000000,9565.0,9715.0,9520.0,9660.0,nan,9595.0,14347,688297325.0,11762,9570.0,20,9560.0,23,nan,0,nan,0,nan,0,nan,0,nan,0,nan,0,nan,0,nan,0
1597988639366736896,1597988639000001024,2020-08-21 13:43:59.000001,9565.0,9715.0,9520.0,9660.0,nan,9595.0,14347,688297325.0,11762,9570.0,20,9560.0,19,nan,0,nan,0,nan,0,nan,0,nan,0,nan,0,nan,0,nan,0
1597988642864123904,1597988643000000000,2020-08-21 13:44:03.000000,9565.0,9715.0,9520.0,9660.0,nan,9595.0,14347,688297325.0,11762,9565.0,3,9560.0,19,nan,0,nan,0,nan,0,nan,0,nan,0,nan,0,nan,0,nan,0
1597988643365966080,1597988643000001024,2020-08-21 13:44:03.000001,9565.0,9715.0,9520.0,9660.0,nan,9595.0,14347,688297325.0,11762,9565.0,3,9560.0,20,nan,0,nan,0,nan,0,nan,0,nan,0,nan,0,nan,0,nan,0
1597988653374863872,1597988654000000000,2020-08-21 13:44:14.000000,9565.0,9715.0,9520.0,9660.0,nan,9595.0,14347,688297325.0,11762,9565.0,3,9560.0,23,nan,0,nan,0,nan,0,nan,0,nan,0,nan,0,nan,0,nan,0
1597988653875102976,1597988654000001024,2020-08-21 13:44:14.000001,9565.0,9715.0,9520.0,9660.0,nan,9595.0,14347,688297325.0,11762,9565.0,4,9560.0,23,nan,0,nan,0,nan,0,nan,0,nan,0,nan,0,nan,0,nan,0
1597988655362091008,1597988655000001024,2020-08-21 13:44:15.000001,9560.0,9715.0,9520.0,9660.0,nan,9595.0,14355,688681125.0,11770,9565.0,13,9560.0,15,nan,0,nan,0,nan,0,nan,0,nan,0,nan,0,nan,0,nan,0
1597988659872589056,1597988660000001024,2020-08-21 13:44:20.000001,9560.0,9715.0,9520.0,9660.0,nan,9595.0,14355,688681125.0,11770,9565.0,13,9560.0,9,nan,0,nan,0,nan,0,nan,0,nan,0,nan,0,nan,0,nan,0
1597988660368934912,1597988660000001792,2020-08-21 13:44:20.000002,9565.0,9715.0,9520.0,9660.0,nan,9595.0,14356,688729100.0,11770,9565.0,12,9560.0,9,nan,0,nan,0,nan,0,nan,0,nan,0,nan,0,nan,0,nan,0
1597988664378277888,1597988665000000000,2020-08-21 13:44:25.000000,9560.0,9715.0,9520.0,9660.0,nan,9595.0,14357,688777075.0,11769,9565.0,12,9560.0,8,nan,0,nan,0,nan,0,nan,0,nan,0,nan,0,nan,0,nan,0
1597988665880864000,1597988666000000000,2020-08-21 13:44:26.000000,9570.0,9715.0,9520.0,9660.0,nan,9595.0,14377,689736575.0,11772,9570.0,13,9560.0,11,nan,0,nan,0,nan,0,nan,0,nan,0,nan,0,nan,0,nan,0
1597988666374660096,1597988666000001024,2020-08-21 13:44:26.000001,9570.0,9715.0,9520.0,9660.0,nan,9595.0,14377,689736575.0,11772,9570.0,13,9560.0,15,nan,0,nan,0,nan,0,nan,0,nan,0,nan,0,nan,0,nan,0
1597988666882982912,1597988667000000000,2020-08-21 13:44:27.000000,9565.0,9715.0,9520.0,9660.0,nan,9595.0,14378,689784550.0,11771,9570.0,13,9560.0,15,nan,0,nan,0,nan,0,nan,0,nan,0,nan,0,nan,0,nan,0
1597988669879311872,1597988670000000000,2020-08-21 13:44:30.000000,9565.0,9715.0,9520.0,9660.0,nan,9595.0,14378,689784550.0,11771,9565.0,9,9560.0,11,nan,0,nan,0,nan,0,nan,0,nan,0,nan,0,nan,0,nan,0
1597988673376655104,1597988673000001024,2020-08-21 13:44:33.000001,9565.0,9715.0,9520.0,9660.0,nan,9595.0,14378,689784550.0,11771,9565.0,10,9560.0,11,nan,0,nan,0,nan,0,nan,0,nan,0,nan,0,nan,0,nan,0
1597988673870809088,1597988674000000000,2020-08-21 13:44:34.000000,9565.0,9715.0,9520.0,9660.0,nan,9595.0,14378,689784550.0,11771,9565.0,11,9560.0,11,nan,0,nan,0,nan,0,nan,0,nan,0,nan,0,nan,0,nan,0
1597988674371831040,1597988674000001024,2020-08-21 13:44:34.000001,9565.0,9715.0,9520.0,9660.0,nan,9595.0,14378,689784550.0,11771,9565.0,11,9560.0,12,nan,0,nan,0,nan,0,nan,0,nan,0,nan,0,nan,0,nan,0
1597988678381044992,1597988678000001024,2020-08-21 13:44:38.000001,9565.0,9715.0,9520.0,9660.0,nan,9595.0,14380,689880500.0,11769,9565.0,9,9560.0,12,nan,0,nan,0,nan,0,nan,0,nan,0,nan,0,nan,0,nan,0
1597988680879908096,1597988681000000000,2020-08-21 13:44:41.000000,9565.0,9715.0,9520.0,9660.0,nan,9595.0,14389,690312275.0,11773,9570.0,10,9565.0,41,nan,0,nan,0,nan,0,nan,0,nan,0,nan,0,nan,0,nan,0
1597988685881271040,1597988686000000000,2020-08-21 13:44:46.000000,9565.0,9715.0,9520.0,9660.0,nan,9595.0,14399,690792025.0,11773,9570.0,10,9565.0,31,nan,0,nan,0,nan,0,nan,0,nan,0,nan,0,nan,0,nan,0
1597988692378594048,1597988693000000000,2020-08-21 13:44:53.000000,9570.0,9715.0,9520.0,9660.0,nan,9595.0,14409,691271775.0,11763,9575.0,28,9565.0,31,nan,0,nan,0,nan,0,nan,0,nan,0,nan,0,nan,0,nan,0
1597988692884290048,1597988693000001024,2020-08-21 13:44:53.000001,9570.0,9715.0,9520.0,9660.0,nan,9595.0,14409,691271775.0,11763,9575.0,31,9565.0,31,nan,0,nan,0,nan,0,nan,0,nan,0,nan,0,nan,0,nan,0
1597988693882821120,1597988694000000000,2020-08-21 13:44:54.000000,9570.0,9715.0,9520.0,9660.0,nan,9595.0,14409,691271775.0,11763,9575.0,28,9570.0,7,nan,0,nan,0,nan,0,nan,0,nan,0,nan,0,nan,0,nan,0
1597988697384992000,1597988697000001024,2020-08-21 13:44:57.000001,9570.0,9715.0,9520.0,9660.0,nan,9595.0,14409,691271775.0,11763,9575.0,29,9570.0,7,nan,0,nan,0,nan,0,nan,0,nan,0,nan,0,nan,0,nan,0
1597988698884986880,1597988699000000000,2020-08-21 13:44:59.000000,9570.0,9715.0,9520.0,9660.0,nan,9595.0,14410,691319750.0,11763,9575.0,29,9570.0,6,nan,0,nan,0,nan,0,nan,0,nan,0,nan,0,nan,0,nan,0
1597988700887011072,1597988701000001024,2020-08-21 13:45:01.000001,9570.0,9715.0,9520.0,9660.0,nan,9595.0,14411,691367725.0,11764,9575.0,29,9570.0,5,nan,0,nan,0,nan,0,nan,0,nan,0,nan,0,nan,0,nan,0
1597988701390776064,1597988702000000000,2020-08-21 13:45:02.000000,9575.0,9715.0,9520.0,9660.0,nan,9595.0,14442,692854950.0,11769,9580.0,103,9570.0,20,nan,0,nan,0,nan,0,nan,0,nan,0,nan,0,nan,0,nan,0
1597988701888794112,1597988702000001024,2020-08-21 13:45:02.000001,9575.0,9715.0,9520.0,9660.0,nan,9595.0,14448,693142800.0,11766,9580.0,103,9570.0,20,nan,0,nan,0,nan,0,nan,0,nan,0,nan,0,nan,0,nan,0
1597988703389921024,1597988704000000000,2020-08-21 13:45:04.000000,9575.0,9715.0,9520.0,9660.0,nan,9595.0,14448,693142800.0,11766,9580.0,104,9570.0,20,nan,0,nan,0,nan,0,nan,0,nan,0,nan,0,nan,0,nan,0
1597988703897584896,1597988704000001024,2020-08-21 13:45:04.000001,9575.0,9715.0,9520.0,9660.0,nan,9595.0,14448,693142800.0,11766,9580.0,104,9570.0,22,nan,0,nan,0,nan,0,nan,0,nan,0,nan,0,nan,0,nan,0
1597988704890718976,1597988705000001024,2020-08-21 13:45:05.000001,9575.0,9715.0,9520.0,9660.0,nan,9595.0,14448,693142800.0,11766,9580.0,104,9575.0,1,nan,0,nan,0,nan,0,nan,0,nan,0,nan,0,nan,0,nan,0
1597988705395800064,1597988706000000000,2020-08-21 13:45:06.000000,9575.0,9715.0,9520.0,9660.0,nan,9595.0,14450,693238750.0,11766,9580.0,104,9570.0,20,nan,0,nan,0,nan,0,nan,0,nan,0,nan,0,nan,0,nan,0
1597988705891004928,1597988706000001024,2020-08-21 13:45:06.000001,9575.0,9715.0,9520.0,9660.0,nan,9595.0,14452,693334700.0,11768,9580.0,104,9570.0,20,nan,0,nan,0,nan,0,nan,0,nan,0,nan,0,nan,0,nan,0
1597988706400702976,1597988706000001792,2020-08-21 13:45:06.000002,9575.0,9715.0,9520.0,9660.0,nan,9595.0,14452,693334700.0,11768,9575.0,7,9570.0,20,nan,0,nan,0,nan,0,nan,0,nan,0,nan,0,nan,0,nan,0
1597988706890065920,1597988707000000000,2020-08-21 13:45:07.000000,9575.0,9715.0,9520.0,9660.0,nan,9595.0,14460,693718500.0,11763,9580.0,104,9570.0,16,nan,0,nan,0,nan,0,nan,0,nan,0,nan,0,nan,0,nan,0
1597988707399136000,1597988707000001024,2020-08-21 13:45:07.000001,9575.0,9715.0,9520.0,9660.0,nan,9595.0,14460,693718500.0,11763,9580.0,104,9570.0,17,nan,0,nan,0,nan,0,nan,0,nan,0,nan,0,nan,0,nan,0
1597988707889327104,1597988708000000000,2020-08-21 13:45:08.000000,9570.0,9715.0,9520.0,9660.0,nan,9595.0,14461,693766475.0,11763,9580.0,104,9570.0,14,nan,0,nan,0,nan,0,nan,0,nan,0,nan,0,nan,0,nan,0
1597988708386656000,1597988708000001024,2020-08-21 13:45:08.000001,9575.0,9715.0,9520.0,9660.0,nan,9595.0,14462,693814450.0,11764,9580.0,104,9570.0,13,nan,0,nan,0,nan,0,nan,0,nan,0,nan,0,nan,0,nan,0
1597988708888151040,1597988709000000000,2020-08-21 13:45:09.000000,9575.0,9715.0,9520.0,9660.0,nan,9595.0,14462,693814450.0,11764,9575.0,1,9570.0,13,nan,0,nan,0,nan,0,nan,0,nan,0,nan,0,nan,0,nan,0
1597988709888861952,1597988710000000000,2020-08-21 13:45:10.000000,9570.0,9715.0,9520.0,9660.0,nan,9595.0,14464,693910400.0,11766,9575.0,3,9570.0,11,nan,0,nan,0,nan,0,nan,0,nan,0,nan,0,nan,0,nan,0
1597988710394236928,1597988710000001024,2020-08-21 13:45:10.000001,9575.0,9715.0,9520.0,9660.0,nan,9595.0,14466,694006350.0,11766,9575.0,1,9570.0,11,nan,0,nan,0,nan,0,nan,0,nan,0,nan,0,nan,0,nan,0
1597988710896934912,1597988711000000000,2020-08-21 13:45:11.000000,9575.0,9715.0,9520.0,9660.0,nan,9595.0,14466,694006350.0,11766,9575.0,3,9570.0,11,nan,0,nan,0,nan,0,nan,0,nan,0,nan,0,nan,0,nan,0
1597988711389060096,1597988712000000000,2020-08-21 13:45:12.000000,9575.0,9715.0,9520.0,9660.0,nan,9595.0,14467,694054325.0,11765,9575.0,2,9570.0,11,nan,0,nan,0,nan,0,nan,0,nan,0,nan,0,nan,0,nan,0
1597988711894534912,1597988712000001024,2020-08-21 13:45:12.000001,9575.0,9715.0,9520.0,9660.0,nan,9595.0,14467,694054325.0,11765,9575.0,2,9570.0,15,nan,0,nan,0,nan,0,nan,0,nan,0,nan,0,nan,0,nan,0
1597988712889187072,1597988713000001024,2020-08-21 13:45:13.000001,9575.0,9715.0,9520.0,9660.0,nan,9595.0,14467,694054325.0,11765,9575.0,3,9570.0,15,nan,0,nan,0,nan,0,nan,0,nan,0,nan,0,nan,0,nan,0
1597988713391403008,1597988714000000000,2020-08-21 13:45:14.000000,9575.0,9715.0,9520.0,9660.0,nan,9595.0,14467,694054325.0,11765,9575.0,5,9570.0,11,nan,0,nan,0,nan,0,nan,0,nan,0,nan,0,nan,0,nan,0
1597988713893261056,1597988714000001024,2020-08-21 13:45:14.000001,9575.0,9715.0,9520.0,9660.0,nan,9595.0,14467,694054325.0,11765,9575.0,6,9570.0,11,nan,0,nan,0,nan,0,nan,0,nan,0,nan,0,nan,0,nan,0
1597988715891527936,1597988716000001024,2020-08-21 13:45:16.000001,9575.0,9715.0,9520.0,9660.0,nan,9595.0,14468,694102300.0,11765,9575.0,5,9570.0,11,nan,0,nan,0,nan,0,nan,0,nan,0,nan,0,nan,0,nan,0
1597988716391998976,1597988717000000000,2020-08-21 13:45:17.000000,9575.0,9715.0,9520.0,9660.0,nan,9595.0,14469,694150275.0,11765,9575.0,5,9570.0,11,nan,0,nan,0,nan,0,nan,0,nan,0,nan,0,nan,0,nan,0
1597988718399102976,1597988719000000000,2020-08-21 13:45:19.000000,9575.0,9715.0,9520.0,9660.0,nan,9595.0,14470,694198250.0,11764,9575.0,4,9570.0,15,nan,0,nan,0,nan,0,nan,0,nan,0,nan,0,nan,0,nan,0
1597988718899833088,1597988719000001024,2020-08-21 13:45:19.000001,9575.0,9715.0,9520.0,9660.0,nan,9595.0,14471,694246225.0,11763,9575.0,3,9570.0,15,nan,0,nan,0,nan,0,nan,0,nan,0,nan,0,nan,0,nan,0
1597988719400134912,1597988720000000000,2020-08-21 13:45:20.000000,9575.0,9715.0,9520.0,9660.0,nan,9595.0,14471,694246225.0,11763,9575.0,3,9570.0,16,nan,0,nan,0,nan,0,nan,0,nan,0,nan,0,nan,0,nan,0
1597988720400435968,1597988721000000000,2020-08-21 13:45:21.000000,9575.0,9715.0,9520.0,9660.0,nan,9595.0,14471,694246225.0,11763,9575.0,4,9570.0,16,nan,0,nan,0,nan,0,nan,0,nan,0,nan,0,nan,0,nan,0
1597988720894401024,1597988721000001024,2020-08-21 13:45:21.000001,9575.0,9715.0,9520.0,9660.0,nan,9595.0,14471,694246225.0,11763,9575.0,4,9570.0,12,nan,0,nan,0,nan,0,nan,0,nan,0,nan,0,nan,0,nan,0
1597988722399778048,1597988723000000000,2020-08-21 13:45:23.000000,9575.0,9715.0,9520.0,9660.0,nan,9595.0,14471,694246225.0,11763,9575.0,7,9570.0,12,nan,0,nan,0,nan,0,nan,0,nan,0,nan,0,nan,0,nan,0
1597988725930923008,1597988726000001024,2020-08-21 13:45:26.000001,9575.0,9715.0,9520.0,9660.0,nan,9595.0,14471,694246225.0,11763,9575.0,8,9570.0,12,nan,0,nan,0,nan,0,nan,0,nan,0,nan,0,nan,0,nan,0
1597988726402917120,1597988727000000000,2020-08-21 13:45:27.000000,9575.0,9715.0,9520.0,9660.0,nan,9595.0,14471,694246225.0,11763,9575.0,8,9570.0,11,nan,0,nan,0,nan,0,nan,0,nan,0,nan,0,nan,0,nan,0
1597988726900183040,1597988727000001024,2020-08-21 13:45:27.000001,9570.0,9715.0,9520.0,9660.0,nan,9595.0,14472,694294200.0,11763,9575.0,8,9570.0,6,nan,0,nan,0,nan,0,nan,0,nan,0,nan,0,nan,0,nan,0
1597988727410291968,1597988728000000000,2020-08-21 13:45:28.000000,9570.0,9715.0,9520.0,9660.0,nan,9595.0,14472,694294200.0,11763,9575.0,9,9570.0,6,nan,0,nan,0,nan,0,nan,0,nan,0,nan,0,nan,0,nan,0
1597988728404175872,1597988728000001792,2020-08-21 13:45:28.000002,9575.0,9715.0,9520.0,9660.0,nan,9595.0,14473,694342175.0,11764,9575.0,8,9570.0,6,nan,0,nan,0,nan,0,nan,0,nan,0,nan,0,nan,0,nan,0
1597988728903032064,1597988729000000000,2020-08-21 13:45:29.000000,9570.0,9715.0,9520.0,9660.0,nan,9595.0,14474,694390150.0,11764,9575.0,8,9570.0,5,nan,0,nan,0,nan,0,nan,0,nan,0,nan,0,nan,0,nan,0
1597988729905832960,1597988730000001024,2020-08-21 13:45:30.000001,9570.0,9715.0,9520.0,9660.0,nan,9595.0,14474,694390150.0,11764,9575.0,9,9570.0,5,nan,0,nan,0,nan,0,nan,0,nan,0,nan,0,nan,0,nan,0
1597988731905587968,1597988732000000000,2020-08-21 13:45:32.000000,9570.0,9715.0,9520.0,9660.0,nan,9595.0,14475,694438125.0,11764,9575.0,9,9570.0,2,nan,0,nan,0,nan,0,nan,0,nan,0,nan,0,nan,0,nan,0
1597988732411130112,1597988733000000000,2020-08-21 13:45:33.000000,9570.0,9715.0,9520.0,9660.0,nan,9595.0,14475,694438125.0,11764,9575.0,9,9570.0,3,nan,0,nan,0,nan,0,nan,0,nan,0,nan,0,nan,0,nan,0
1597988733897755904,1597988734000000000,2020-08-21 13:45:34.000000,9575.0,9715.0,9520.0,9660.0,nan,9595.0,14476,694486100.0,11764,9575.0,8,9570.0,3,nan,0,nan,0,nan,0,nan,0,nan,0,nan,0,nan,0,nan,0
1597988735399664896,1597988735000001024,2020-08-21 13:45:35.000001,9570.0,9715.0,9520.0,9660.0,nan,9595.0,14478,694582050.0,11762,9575.0,8,9570.0,2,nan,0,nan,0,nan,0,nan,0,nan,0,nan,0,nan,0,nan,0
1597988736400122880,1597988737000000000,2020-08-21 13:45:37.000000,9575.0,9715.0,9520.0,9660.0,nan,9595.0,14487,695013825.0,11754,9575.0,1,9570.0,2,nan,0,nan,0,nan,0,nan,0,nan,0,nan,0,nan,0,nan,0
1597988736905401088,1597988737000001024,2020-08-21 13:45:37.000001,9575.0,9715.0,9520.0,9660.0,nan,9595.0,14487,695013825.0,11754,9575.0,1,9570.0,9,nan,0,nan,0,nan,0,nan,0,nan,0,nan,0,nan,0,nan,0
1597988737400801024,1597988737000001792,2020-08-21 13:45:37.000002,9575.0,9715.0,9520.0,9660.0,nan,9595.0,14488,695061800.0,11754,9580.0,107,9570.0,11,nan,0,nan,0,nan,0,nan,0,nan,0,nan,0,nan,0,nan,0
1597988737904590080,1597988738000000000,2020-08-21 13:45:38.000000,9575.0,9715.0,9520.0,9660.0,nan,9595.0,14488,695061800.0,11754,9575.0,1,9570.0,11,nan,0,nan,0,nan,0,nan,0,nan,0,nan,0,nan,0,nan,0
1597988738389794048,1597988739000000000,2020-08-21 13:45:39.000000,9575.0,9715.0,9520.0,9660.0,nan,9595.0,14488,695061800.0,11754,9575.0,1,9570.0,14,nan,0,nan,0,nan,0,nan,0,nan,0,nan,0,nan,0,nan,0
1597988739396751872,1597988740000000000,2020-08-21 13:45:40.000000,9575.0,9715.0,9520.0,9660.0,nan,9595.0,14488,695061800.0,11754,9575.0,4,9570.0,15,nan,0,nan,0,nan,0,nan,0,nan,0,nan,0,nan,0,nan,0
1597988740903132928,1597988741000001024,2020-08-21 13:45:41.000001,9575.0,9715.0,9520.0,9660.0,nan,9595.0,14489,695109775.0,11755,9575.0,3,9570.0,15,nan,0,nan,0,nan,0,nan,0,nan,0,nan,0,nan,0,nan,0
1597988742404559104,1597988743000000000,2020-08-21 13:45:43.000000,9575.0,9715.0,9520.0,9660.0,nan,9595.0,14492,695253700.0,11754,9580.0,107,9570.0,15,nan,0,nan,0,nan,0,nan,0,nan,0,nan,0,nan,0,nan,0
1597988742904997120,1597988743000001024,2020-08-21 13:45:43.000001,9575.0,9715.0,9520.0,9660.0,nan,9595.0,14492,695253700.0,11754,9575.0,1,9570.0,17,nan,0,nan,0,nan,0,nan,0,nan,0,nan,0,nan,0,nan,0
1597988744468551936,1597988745000000000,2020-08-21 13:45:45.000000,9575.0,9715.0,9520.0,9660.0,nan,9595.0,14494,695349650.0,11752,9580.0,108,9575.0,18,nan,0,nan,0,nan,0,nan,0,nan,0,nan,0,nan,0,nan,0
1597988745912696064,1597988746000000000,2020-08-21 13:45:46.000000,9580.0,9715.0,9520.0,9660.0,nan,9595.0,14505,695877375.0,11742,9580.0,97,9575.0,18,nan,0,nan,0,nan,0,nan,0,nan,0,nan,0,nan,0,nan,0
1597988746402187008,1597988746000001024,2020-08-21 13:45:46.000001,9580.0,9715.0,9520.0,9660.0,nan,9595.0,14522,696692950.0,11725,9580.0,80,9575.0,18,nan,0,nan,0,nan,0,nan,0,nan,0,nan,0,nan,0,nan,0
1597988746907184896,1597988747000000000,2020-08-21 13:45:47.000000,9580.0,9715.0,9520.0,9660.0,nan,9595.0,14522,696692950.0,11725,9580.0,80,9575.0,21,nan,0,nan,0,nan,0,nan,0,nan,0,nan,0,nan,0,nan,0
1597988747404293120,1597988748000000000,2020-08-21 13:45:48.000000,9580.0,9715.0,9520.0,9660.0,nan,9595.0,14523,696740925.0,11724,9580.0,79,9575.0,21,nan,0,nan,0,nan,0,nan,0,nan,0,nan,0,nan,0,nan,0
1597988747907176960,1597988748000001024,2020-08-21 13:45:48.000001,9580.0,9715.0,9520.0,9660.0,nan,9595.0,14599,700387025.0,11693,9580.0,3,9575.0,21,nan,0,nan,0,nan,0,nan,0,nan,0,nan,0,nan,0,nan,0
1597988748403986944,1597988749000000000,2020-08-21 13:45:49.000000,9580.0,9715.0,9520.0,9660.0,nan,9595.0,14602,700530950.0,11693,9585.0,48,9580.0,7,nan,0,nan,0,nan,0,nan,0,nan,0,nan,0,nan,0,nan,0
1597988748908124928,1597988749000001024,2020-08-21 13:45:49.000001,9580.0,9715.0,9520.0,9660.0,nan,9595.0,14602,700530950.0,11693,9585.0,48,9580.0,10,nan,0,nan,0,nan,0,nan,0,nan,0,nan,0,nan,0,nan,0
1597988750406686976,1597988751000000000,2020-08-21 13:45:51.000000,9585.0,9715.0,9520.0,9660.0,nan,9595.0,14608,700818800.0,11692,9585.0,42,9580.0,10,nan,0,nan,0,nan,0,nan,0,nan,0,nan,0,nan,0,nan,0
1597988750909613056,1597988751000001024,2020-08-21 13:45:51.000001,9585.0,9715.0,9520.0,9660.0,nan,9595.0,14613,701058675.0,11692,9585.0,37,9580.0,10,nan,0,nan,0,nan,0,nan,0,nan,0,nan,0,nan,0,nan,0
1597988751409038080,1597988752000000000,2020-08-21 13:45:52.000000,9585.0,9715.0,9520.0,9660.0,nan,9595.0,14630,701874250.0,11688,9585.0,21,9580.0,9,nan,0,nan,0,nan,0,nan,0,nan,0,nan,0,nan,0,nan,0
1597988752416248064,1597988753000000000,2020-08-21 13:45:53.000000,9580.0,9715.0,9520.0,9660.0,nan,9595.0,14631,701922225.0,11688,9585.0,21,9580.0,8,nan,0,nan,0,nan,0,nan,0,nan,0,nan,0,nan,0,nan,0
1597988753411363072,1597988753000001792,2020-08-21 13:45:53.000002,9585.0,9715.0,9520.0,9660.0,nan,9595.0,14635,702114125.0,11684,9585.0,17,9580.0,8,nan,0,nan,0,nan,0,nan,0,nan,0,nan,0,nan,0,nan,0
1597988754911912960,1597988755000001024,2020-08-21 13:45:55.000001,9580.0,9715.0,9520.0,9660.0,nan,9595.0,14636,702162100.0,11684,9585.0,17,9580.0,7,nan,0,nan,0,nan,0,nan,0,nan,0,nan,0,nan,0,nan,0
1597988755411110912,1597988755000001792,2020-08-21 13:45:55.000002,9580.0,9715.0,9520.0,9660.0,nan,9595.0,14636,702162100.0,11684,9585.0,18,9580.0,7,nan,0,nan,0,nan,0,nan,0,nan,0,nan,0,nan,0,nan,0
1597988757417726976,1597988758000000000,2020-08-21 13:45:58.000000,9580.0,9715.0,9520.0,9660.0,nan,9595.0,14636,702162100.0,11684,9585.0,19,9580.0,8,nan,0,nan,0,nan,0,nan,0,nan,0,nan,0,nan,0,nan,0
1597988758406889984,1597988759000000000,2020-08-21 13:45:59.000000,9580.0,9715.0,9520.0,9660.0,nan,9595.0,14637,702210075.0,11683,9585.0,19,9580.0,7,nan,0,nan,0,nan,0,nan,0,nan,0,nan,0,nan,0,nan,0
1597988760405927936,1597988761000000000,2020-08-21 13:46:01.000000,9585.0,9715.0,9520.0,9660.0,nan,9595.0,14639,702306025.0,11683,9585.0,18,9580.0,8,nan,0,nan,0,nan,0,nan,0,nan,0,nan,0,nan,0,nan,0
1597988760911984896,1597988761000001024,2020-08-21 13:46:01.000001,9580.0,9715.0,9520.0,9660.0,nan,9595.0,14640,702354000.0,11684,9585.0,18,9580.0,7,nan,0,nan,0,nan,0,nan,0,nan,0,nan,0,nan,0,nan,0
1597988761412765952,1597988762000000000,2020-08-21 13:46:02.000000,9585.0,9715.0,9520.0,9660.0,nan,9595.0,14648,702737800.0,11676,9585.0,10,9580.0,7,nan,0,nan,0,nan,0,nan,0,nan,0,nan,0,nan,0,nan,0
1597988762908829952,1597988763000001024,2020-08-21 13:46:03.000001,9585.0,9715.0,9520.0,9660.0,nan,9595.0,14650,702833750.0,11675,9585.0,8,9580.0,7,nan,0,nan,0,nan,0,nan,0,nan,0,nan,0,nan,0,nan,0
1597988763411751936,1597988764000000000,2020-08-21 13:46:04.000000,9585.0,9715.0,9520.0,9660.0,nan,9595.0,14650,702833750.0,11675,9585.0,9,9580.0,7,nan,0,nan,0,nan,0,nan,0,nan,0,nan,0,nan,0,nan,0
1597988763909648896,1597988764000001024,2020-08-21 13:46:04.000001,9585.0,9715.0,9520.0,9660.0,nan,9595.0,14650,702833750.0,11675,9585.0,9,9580.0,8,nan,0,nan,0,nan,0,nan,0,nan,0,nan,0,nan,0,nan,0
1597988764408620032,1597988765000000000,2020-08-21 13:46:05.000000,9585.0,9715.0,9520.0,9660.0,nan,9595.0,14662,703409450.0,11678,9585.0,1,9580.0,8,nan,0,nan,0,nan,0,nan,0,nan,0,nan,0,nan,0,nan,0
1597988764913017088,1597988765000001024,2020-08-21 13:46:05.000001,9585.0,9715.0,9520.0,9660.0,nan,9595.0,14662,703409450.0,11678,9585.0,3,9580.0,9,nan,0,nan,0,nan,0,nan,0,nan,0,nan,0,nan,0,nan,0
1597988765415186944,1597988766000000000,2020-08-21 13:46:06.000000,9585.0,9715.0,9520.0,9660.0,nan,9595.0,14665,703553375.0,11675,9585.0,5,9580.0,12,nan,0,nan,0,nan,0,nan,0,nan,0,nan,0,nan,0,nan,0
1597988766411006976,1597988767000000000,2020-08-21 13:46:07.000000,9580.0,9715.0,9520.0,9660.0,nan,9595.0,14671,703841225.0,11672,9585.0,5,9580.0,4,nan,0,nan,0,nan,0,nan,0,nan,0,nan,0,nan,0,nan,0
1597988767413299968,1597988768000000000,2020-08-21 13:46:08.000000,9580.0,9715.0,9520.0,9660.0,nan,9595.0,14671,703841225.0,11672,9585.0,5,9580.0,5,nan,0,nan,0,nan,0,nan,0,nan,0,nan,0,nan,0,nan,0
1597988767913128960,1597988768000001024,2020-08-21 13:46:08.000001,9580.0,9715.0,9520.0,9660.0,nan,9595.0,14671,703841225.0,11672,9585.0,7,9580.0,5,nan,0,nan,0,nan,0,nan,0,nan,0,nan,0,nan,0,nan,0
1597988769418299904,1597988770000000000,2020-08-21 13:46:10.000000,9580.0,9715.0,9520.0,9660.0,nan,9595.0,14671,703841225.0,11672,9585.0,9,9580.0,5,nan,0,nan,0,nan,0,nan,0,nan,0,nan,0,nan,0,nan,0
1597988769916756992,1597988770000001024,2020-08-21 13:46:10.000001,9580.0,9715.0,9520.0,9660.0,nan,9595.0,14671,703841225.0,11672,9585.0,11,9580.0,5,nan,0,nan,0,nan,0,nan,0,nan,0,nan,0,nan,0,nan,0
1597988770412716032,1597988771000000000,2020-08-21 13:46:11.000000,9580.0,9715.0,9520.0,9660.0,nan,9595.0,14676,704081100.0,11671,9580.0,4,9575.0,9,nan,0,nan,0,nan,0,nan,0,nan,0,nan,0,nan,0,nan,0
1597988770913629952,1597988771000001024,2020-08-21 13:46:11.000001,9580.0,9715.0,9520.0,9660.0,nan,9595.0,14677,704129075.0,11672,9580.0,3,9575.0,7,nan,0,nan,0,nan,0,nan,0,nan,0,nan,0,nan,0,nan,0
1597988771420047104,1597988772000000000,2020-08-21 13:46:12.000000,9580.0,9715.0,9520.0,9660.0,nan,9595.0,14678,704177050.0,11673,9580.0,4,9575.0,7,nan,0,nan,0,nan,0,nan,0,nan,0,nan,0,nan,0,nan,0
1597988772918010112,1597988773000001024,2020-08-21 13:46:13.000001,9580.0,9715.0,9520.0,9660.0,nan,9595.0,14678,704177050.0,11673,9580.0,5,9575.0,7,nan,0,nan,0,nan,0,nan,0,nan,0,nan,0,nan,0,nan,0
1597988774908720128,1597988775000001024,2020-08-21 13:46:15.000001,9580.0,9715.0,9520.0,9660.0,nan,9595.0,14678,704177050.0,11673,9580.0,5,9575.0,8,nan,0,nan,0,nan,0,nan,0,nan,0,nan,0,nan,0,nan,0
1597988775910360064,1597988776000001024,2020-08-21 13:46:16.000001,9580.0,9715.0,9520.0,9660.0,nan,9595.0,14679,704225025.0,11674,9580.0,4,9575.0,8,nan,0,nan,0,nan,0,nan,0,nan,0,nan,0,nan,0,nan,0
1597988779422223104,1597988779000001792,2020-08-21 13:46:19.000002,9580.0,9715.0,9520.0,9660.0,nan,9595.0,14680,704273000.0,11675,9580.0,3,9575.0,8,nan,0,nan,0,nan,0,nan,0,nan,0,nan,0,nan,0,nan,0
1597988780416399104,1597988780000001024,2020-08-21 13:46:20.000001,9580.0,9715.0,9520.0,9660.0,nan,9595.0,14680,704273000.0,11675,9580.0,4,9575.0,8,nan,0,nan,0,nan,0,nan,0,nan,0,nan,0,nan,0,nan,0
1597988781419376896,1597988781000001024,2020-08-21 13:46:21.000001,9580.0,9715.0,9520.0,9660.0,nan,9595.0,14680,704273000.0,11675,9580.0,5,9575.0,8,nan,0,nan,0,nan,0,nan,0,nan,0,nan,0,nan,0,nan,0
1597988782419444992,1597988783000000000,2020-08-21 13:46:23.000000,9575.0,9715.0,9520.0,9660.0,nan,9595.0,14681,704320975.0,11674,9580.0,5,9575.0,7,nan,0,nan,0,nan,0,nan,0,nan,0,nan,0,nan,0,nan,0
1597988783416617984,1597988783000001792,2020-08-21 13:46:23.000002,9575.0,9715.0,9520.0,9660.0,nan,9595.0,14682,704368950.0,11673,9580.0,5,9575.0,6,nan,0,nan,0,nan,0,nan,0,nan,0,nan,0,nan,0,nan,0
1597988783926030080,1597988784000000000,2020-08-21 13:46:24.000000,9580.0,9715.0,9520.0,9660.0,nan,9595.0,14689,704704775.0,11675,9585.0,16,9575.0,6,nan,0,nan,0,nan,0,nan,0,nan,0,nan,0,nan,0,nan,0
1597988784423267072,1597988785000000000,2020-08-21 13:46:25.000000,9580.0,9715.0,9520.0,9660.0,nan,9595.0,14689,704704775.0,11675,9585.0,16,9575.0,10,nan,0,nan,0,nan,0,nan,0,nan,0,nan,0,nan,0,nan,0
1597988784922795008,1597988785000001024,2020-08-21 13:46:25.000001,9580.0,9715.0,9520.0,9660.0,nan,9595.0,14689,704704775.0,11675,9585.0,16,9575.0,7,nan,0,nan,0,nan,0,nan,0,nan,0,nan,0,nan,0,nan,0
1597988786924229888,1597988787000001024,2020-08-21 13:46:27.000001,9580.0,9715.0,9520.0,9660.0,nan,9595.0,14689,704704775.0,11675,9580.0,2,9575.0,7,nan,0,nan,0,nan,0,nan,0,nan,0,nan,0,nan,0,nan,0
1597988788420773120,1597988789000000000,2020-08-21 13:46:29.000000,9580.0,9715.0,9520.0,9660.0,nan,9595.0,14689,704704775.0,11675,9580.0,4,9575.0,7,nan,0,nan,0,nan,0,nan,0,nan,0,nan,0,nan,0,nan,0
1597988788927963904,1597988789000001024,2020-08-21 13:46:29.000001,9580.0,9715.0,9520.0,9660.0,nan,9595.0,14689,704704775.0,11675,9580.0,6,9575.0,5,nan,0,nan,0,nan,0,nan,0,nan,0,nan,0,nan,0,nan,0
1597988790420904960,1597988791000000000,2020-08-21 13:46:31.000000,9575.0,9715.0,9520.0,9660.0,nan,9595.0,14696,705040600.0,11673,9575.0,4,9570.0,15,nan,0,nan,0,nan,0,nan,0,nan,0,nan,0,nan,0,nan,0
1597988791424781056,1597988792000000000,2020-08-21 13:46:32.000000,9575.0,9715.0,9520.0,9660.0,nan,9595.0,14699,705184525.0,11670,9580.0,11,9575.0,2,nan,0,nan,0,nan,0,nan,0,nan,0,nan,0,nan,0,nan,0
1597988791929606912,1597988792000001024,2020-08-21 13:46:32.000001,9575.0,9715.0,9520.0,9660.0,nan,9595.0,14699,705184525.0,11670,9580.0,12,9575.0,2,nan,0,nan,0,nan,0,nan,0,nan,0,nan,0,nan,0,nan,0
1597988793430181888,1597988794000000000,2020-08-21 13:46:34.000000,9575.0,9715.0,9520.0,9660.0,nan,9595.0,14699,705184525.0,11670,9580.0,14,9575.0,2,nan,0,nan,0,nan,0,nan,0,nan,0,nan,0,nan,0,nan,0
1597988794417379072,1597988795000000000,2020-08-21 13:46:35.000000,9575.0,9715.0,9520.0,9660.0,nan,9595.0,14701,705280475.0,11668,9580.0,14,9570.0,15,nan,0,nan,0,nan,0,nan,0,nan,0,nan,0,nan,0,nan,0
1597988797423770112,1597988797000001024,2020-08-21 13:46:37.000001,9575.0,9715.0,9520.0,9660.0,nan,9595.0,14701,705280475.0,11668,9580.0,16,9570.0,15,nan,0,nan,0,nan,0,nan,0,nan,0,nan,0,nan,0,nan,0
1597988799448512000,1597988800000000000,2020-08-21 13:46:40.000000,9575.0,9715.0,9520.0,9660.0,nan,9595.0,14701,705280475.0,11668,9580.0,16,9575.0,1,nan,0,nan,0,nan,0,nan,0,nan,0,nan,0,nan,0,nan,0
1597988799924359936,1597988800000001024,2020-08-21 13:46:40.000001,9575.0,9715.0,9520.0,9660.0,nan,9595.0,14702,705328450.0,11669,9580.0,16,9570.0,15,nan,0,nan,0,nan,0,nan,0,nan,0,nan,0,nan,0,nan,0
1597988803927512064,1597988804000001024,2020-08-21 13:46:44.000001,9575.0,9715.0,9520.0,9660.0,nan,9595.0,14702,705328450.0,11669,9575.0,7,9570.0,15,nan,0,nan,0,nan,0,nan,0,nan,0,nan,0,nan,0,nan,0
1597988811925596928,1597988812000001024,2020-08-21 13:46:52.000001,9570.0,9715.0,9520.0,9660.0,nan,9595.0,14703,705376425.0,11669,9575.0,7,9570.0,14,nan,0,nan,0,nan,0,nan,0,nan,0,nan,0,nan,0,nan,0
1597988812424582912,1597988813000000000,2020-08-21 13:46:53.000000,9570.0,9715.0,9520.0,9660.0,nan,9595.0,14703,705376425.0,11669,9575.0,7,9570.0,15,nan,0,nan,0,nan,0,nan,0,nan,0,nan,0,nan,0,nan,0
1597988814432425984,1597988815000000000,2020-08-21 13:46:55.000000,9570.0,9715.0,9520.0,9660.0,nan,9595.0,14703,705376425.0,11669,9575.0,8,9570.0,15,nan,0,nan,0,nan,0,nan,0,nan,0,nan,0,nan,0,nan,0
1597988815430292992,1597988816000000000,2020-08-21 13:46:56.000000,9570.0,9715.0,9520.0,9660.0,nan,9595.0,14703,705376425.0,11669,9575.0,9,9570.0,15,nan,0,nan,0,nan,0,nan,0,nan,0,nan,0,nan,0,nan,0
1597988815927803904,1597988816000001024,2020-08-21 13:46:56.000001,9570.0,9715.0,9520.0,9660.0,nan,9595.0,14703,705376425.0,11669,9575.0,9,9570.0,11,nan,0,nan,0,nan,0,nan,0,nan,0,nan,0,nan,0,nan,0
1597988817946125056,1597988818000001024,2020-08-21 13:46:58.000001,9570.0,9715.0,9520.0,9660.0,nan,9595.0,14703,705376425.0,11669,9575.0,10,9570.0,11,nan,0,nan,0,nan,0,nan,0,nan,0,nan,0,nan,0,nan,0
1597988818430674944,1597988819000000000,2020-08-21 13:46:59.000000,9575.0,9715.0,9520.0,9660.0,nan,9595.0,14705,705472375.0,11669,9575.0,8,9570.0,11,nan,0,nan,0,nan,0,nan,0,nan,0,nan,0,nan,0,nan,0
1597988822436229120,1597988823000000000,2020-08-21 13:47:03.000000,9575.0,9715.0,9520.0,9660.0,nan,9595.0,14705,705472375.0,11669,9575.0,8,9570.0,12,nan,0,nan,0,nan,0,nan,0,nan,0,nan,0,nan,0,nan,0
1597988826430552064,1597988827000000000,2020-08-21 13:47:07.000000,9570.0,9715.0,9520.0,9660.0,nan,9595.0,14707,705568325.0,11667,9575.0,8,9570.0,10,nan,0,nan,0,nan,0,nan,0,nan,0,nan,0,nan,0,nan,0
1597988826930307072,1597988827000001024,2020-08-21 13:47:07.000001,9570.0,9715.0,9520.0,9660.0,nan,9595.0,14707,705568325.0,11667,9575.0,10,9570.0,10,nan,0,nan,0,nan,0,nan,0,nan,0,nan,0,nan,0,nan,0
1597988829437009920,1597988829000001792,2020-08-21 13:47:09.000002,9570.0,9715.0,9520.0,9660.0,nan,9595.0,14707,705568325.0,11667,9575.0,11,9570.0,10,nan,0,nan,0,nan,0,nan,0,nan,0,nan,0,nan,0,nan,0
1597988829934128128,1597988830000000000,2020-08-21 13:47:10.000000,9575.0,9715.0,9520.0,9660.0,nan,9595.0,14709,705664275.0,11667,9575.0,9,9570.0,10,nan,0,nan,0,nan,0,nan,0,nan,0,nan,0,nan,0,nan,0
1597988830939570944,1597988831000001024,2020-08-21 13:47:11.000001,9575.0,9715.0,9520.0,9660.0,nan,9595.0,14709,705664275.0,11667,9575.0,10,9570.0,10,nan,0,nan,0,nan,0,nan,0,nan,0,nan,0,nan,0,nan,0
1597988832435904000,1597988833000000000,2020-08-21 13:47:13.000000,9575.0,9715.0,9520.0,9660.0,nan,9595.0,14709,705664275.0,11667,9575.0,12,9570.0,10,nan,0,nan,0,nan,0,nan,0,nan,0,nan,0,nan,0,nan,0
1597988834938100992,1597988835000001024,2020-08-21 13:47:15.000001,9575.0,9715.0,9520.0,9660.0,nan,9595.0,14709,705664275.0,11667,9575.0,14,9570.0,10,nan,0,nan,0,nan,0,nan,0,nan,0,nan,0,nan,0,nan,0
1597988837442766080,1597988837000001792,2020-08-21 13:47:17.000002,9575.0,9715.0,9520.0,9660.0,nan,9595.0,14710,705712250.0,11666,9575.0,13,9570.0,10,nan,0,nan,0,nan,0,nan,0,nan,0,nan,0,nan,0,nan,0
1597988838441303040,1597988838000001024,2020-08-21 13:47:18.000001,9575.0,9715.0,9520.0,9660.0,nan,9595.0,14710,705712250.0,11666,9575.0,13,9570.0,10,nan,0,nan,0,nan,0,nan,0,nan,0,nan,0,nan,0,nan,0
1597988838938546944,1597988839000000000,2020-08-21 13:47:19.000000,9570.0,9715.0,9520.0,9660.0,nan,9595.0,14711,705760225.0,11667,9575.0,13,9570.0,9,nan,0,nan,0,nan,0,nan,0,nan,0,nan,0,nan,0,nan,0
1597988840942100992,1597988841000000000,2020-08-21 13:47:21.000000,9570.0,9715.0,9520.0,9660.0,nan,9595.0,14720,706192000.0,11669,9575.0,13,9565.0,37,nan,0,nan,0,nan,0,nan,0,nan,0,nan,0,nan,0,nan,0
1597988845453222912,1597988846000000000,2020-08-21 13:47:26.000000,9570.0,9715.0,9520.0,9660.0,nan,9595.0,14721,706239975.0,11669,9570.0,3,9565.0,37,nan,0,nan,0,nan,0,nan,0,nan,0,nan,0,nan,0,nan,0
1597988845937699072,1597988846000001024,2020-08-21 13:47:26.000001,9570.0,9715.0,9520.0,9660.0,nan,9595.0,14724,706383900.0,11669,9575.0,13,9565.0,37,nan,0,nan,0,nan,0,nan,0,nan,0,nan,0,nan,0,nan,0
1597988847445298944,1597988847000001792,2020-08-21 13:47:27.000002,9570.0,9715.0,9520.0,9660.0,nan,9595.0,14724,706383900.0,11669,9570.0,4,9565.0,37,nan,0,nan,0,nan,0,nan,0,nan,0,nan,0,nan,0,nan,0
1597988849942848000,1597988850000000000,2020-08-21 13:47:30.000000,9565.0,9715.0,9520.0,9660.0,nan,9595.0,14725,706431875.0,11669,9570.0,10,9565.0,36,nan,0,nan,0,nan,0,nan,0,nan,0,nan,0,nan,0,nan,0
1597988851449145088,1597988852000000000,2020-08-21 13:47:32.000000,9570.0,9715.0,9520.0,9660.0,nan,9595.0,14726,706479850.0,11670,9570.0,6,9565.0,36,nan,0,nan,0,nan,0,nan,0,nan,0,nan,0,nan,0,nan,0
1597988852943833088,1597988853000001024,2020-08-21 13:47:33.000001,9570.0,9715.0,9520.0,9660.0,nan,9595.0,14726,706479850.0,11670,9570.0,10,9565.0,36,nan,0,nan,0,nan,0,nan,0,nan,0,nan,0,nan,0,nan,0
1597988853450315008,1597988854000000000,2020-08-21 13:47:34.000000,9570.0,9715.0,9520.0,9660.0,nan,9595.0,14728,706575800.0,11672,9570.0,8,9565.0,36,nan,0,nan,0,nan,0,nan,0,nan,0,nan,0,nan,0,nan,0
1597988855963918080,1597988856000000000,2020-08-21 13:47:36.000000,9570.0,9715.0,9520.0,9660.0,nan,9595.0,14728,706575800.0,11672,9570.0,12,9565.0,36,nan,0,nan,0,nan,0,nan,0,nan,0,nan,0,nan,0,nan,0
1597988856955970048,1597988857000001024,2020-08-21 13:47:37.000001,9570.0,9715.0,9520.0,9660.0,nan,9595.0,14728,706575800.0,11672,9570.0,13,9565.0,36,nan,0,nan,0,nan,0,nan,0,nan,0,nan,0,nan,0,nan,0
1597988857447856128,1597988858000000000,2020-08-21 13:47:38.000000,9570.0,9715.0,9520.0,9660.0,nan,9595.0,14728,706575800.0,11672,9570.0,14,9565.0,36,nan,0,nan,0,nan,0,nan,0,nan,0,nan,0,nan,0,nan,0
1597988858954880000,1597988859000001024,2020-08-21 13:47:39.000001,9565.0,9715.0,9520.0,9660.0,nan,9595.0,14729,706623775.0,11672,9570.0,14,9565.0,35,nan,0,nan,0,nan,0,nan,0,nan,0,nan,0,nan,0,nan,0
1597988860442368000,1597988860000001024,2020-08-21 13:47:40.000001,9565.0,9715.0,9520.0,9660.0,nan,9595.0,14729,706623775.0,11672,9570.0,18,9565.0,35,nan,0,nan,0,nan,0,nan,0,nan,0,nan,0,nan,0,nan,0
1597988861542030080,1597988862000000000,2020-08-21 13:47:42.000000,9565.0,9715.0,9520.0,9660.0,nan,9595.0,14729,706623775.0,11672,9570.0,16,9565.0,35,nan,0,nan,0,nan,0,nan,0,nan,0,nan,0,nan,0,nan,0
1597988862453806080,1597988863000000000,2020-08-21 13:47:43.000000,9565.0,9715.0,9520.0,9660.0,nan,9595.0,14729,706623775.0,11672,9570.0,12,9565.0,35,nan,0,nan,0,nan,0,nan,0,nan,0,nan,0,nan,0,nan,0
1597988863450007040,1597988864000000000,2020-08-21 13:47:44.000000,9565.0,9715.0,9520.0,9660.0,nan,9595.0,14741,707199475.0,11679,9570.0,12,9565.0,23,nan,0,nan,0,nan,0,nan,0,nan,0,nan,0,nan,0,nan,0
1597988863950240000,1597988864000001024,2020-08-21 13:47:44.000001,9565.0,9715.0,9520.0,9660.0,nan,9595.0,14764,708302900.0,11689,9565.0,6,9560.0,35,nan,0,nan,0,nan,0,nan,0,nan,0,nan,0,nan,0,nan,0
1597988864446089984,1597988864000001792,2020-08-21 13:47:44.000002,9565.0,9715.0,9520.0,9660.0,nan,9595.0,14764,708302900.0,11689,9565.0,10,9560.0,35,nan,0,nan,0,nan,0,nan,0,nan,0,nan,0,nan,0,nan,0
1597988866954554112,1597988867000001024,2020-08-21 13:47:47.000001,9565.0,9715.0,9520.0,9660.0,nan,9595.0,14764,708302900.0,11689,9565.0,14,9560.0,35,nan,0,nan,0,nan,0,nan,0,nan,0,nan,0,nan,0,nan,0
1597988867453985024,1597988868000000000,2020-08-21 13:47:48.000000,9565.0,9715.0,9520.0,9660.0,nan,9595.0,14766,708398850.0,11689,9565.0,12,9560.0,35,nan,0,nan,0,nan,0,nan,0,nan,0,nan,0,nan,0,nan,0
1597988868456815104,1597988869000000000,2020-08-21 13:47:49.000000,9560.0,9715.0,9520.0,9660.0,nan,9595.0,14769,708542775.0,11692,9565.0,12,9560.0,32,nan,0,nan,0,nan,0,nan,0,nan,0,nan,0,nan,0,nan,0
1597988868954941952,1597988869000001024,2020-08-21 13:47:49.000001,9560.0,9715.0,9520.0,9660.0,nan,9595.0,14769,708542775.0,11692,9565.0,16,9560.0,32,nan,0,nan,0,nan,0,nan,0,nan,0,nan,0,nan,0,nan,0
1597988869457382912,1597988870000000000,2020-08-21 13:47:50.000000,9560.0,9715.0,9520.0,9660.0,nan,9595.0,14782,709166450.0,11700,9565.0,16,9560.0,19,nan,0,nan,0,nan,0,nan,0,nan,0,nan,0,nan,0,nan,0
1597988869964256000,1597988870000001024,2020-08-21 13:47:50.000001,9560.0,9715.0,9520.0,9660.0,nan,9595.0,14782,709166450.0,11700,9565.0,12,9560.0,19,nan,0,nan,0,nan,0,nan,0,nan,0,nan,0,nan,0,nan,0
1597988870951321088,1597988871000001024,2020-08-21 13:47:51.000001,9560.0,9715.0,9520.0,9660.0,nan,9595.0,14783,709214425.0,11701,9565.0,12,9560.0,18,nan,0,nan,0,nan,0,nan,0,nan,0,nan,0,nan,0,nan,0
1597988871451838976,1597988871000001792,2020-08-21 13:47:51.000002,9560.0,9715.0,9520.0,9660.0,nan,9595.0,14787,709406325.0,11705,9565.0,12,9560.0,14,nan,0,nan,0,nan,0,nan,0,nan,0,nan,0,nan,0,nan,0
1597988871959190016,1597988872000000000,2020-08-21 13:47:52.000000,9560.0,9715.0,9520.0,9660.0,nan,9595.0,14801,710077975.0,11714,9565.0,12,9555.0,25,nan,0,nan,0,nan,0,nan,0,nan,0,nan,0,nan,0,nan,0
1597988872458575104,1597988873000000000,2020-08-21 13:47:53.000000,9560.0,9715.0,9520.0,9660.0,nan,9595.0,14802,710125950.0,11715,9565.0,12,9555.0,25,nan,0,nan,0,nan,0,nan,0,nan,0,nan,0,nan,0,nan,0
1597988872957220096,1597988873000001024,2020-08-21 13:47:53.000001,9560.0,9715.0,9520.0,9660.0,nan,9595.0,14802,710125950.0,11715,9565.0,8,9555.0,25,nan,0,nan,0,nan,0,nan,0,nan,0,nan,0,nan,0,nan,0
1597988873458945024,1597988874000000000,2020-08-21 13:47:54.000000,9560.0,9715.0,9520.0,9660.0,nan,9595.0,14802,710125950.0,11715,9565.0,10,9555.0,25,nan,0,nan,0,nan,0,nan,0,nan,0,nan,0,nan,0,nan,0
1597988874459312128,1597988875000000000,2020-08-21 13:47:55.000000,9560.0,9715.0,9520.0,9660.0,nan,9595.0,14806,710317850.0,11716,9565.0,10,9555.0,25,nan,0,nan,0,nan,0,nan,0,nan,0,nan,0,nan,0,nan,0
1597988876965880064,1597988877000000000,2020-08-21 13:47:57.000000,9560.0,9715.0,9520.0,9660.0,nan,9595.0,14806,710317850.0,11716,9560.0,5,9555.0,25,nan,0,nan,0,nan,0,nan,0,nan,0,nan,0,nan,0,nan,0
1597988877456715008,1597988878000000000,2020-08-21 13:47:58.000000,9560.0,9715.0,9520.0,9660.0,nan,9595.0,14813,710653675.0,11715,9565.0,8,9560.0,2,nan,0,nan,0,nan,0,nan,0,nan,0,nan,0,nan,0,nan,0
1597988877966189056,1597988878000001024,2020-08-21 13:47:58.000001,9565.0,9715.0,9520.0,9660.0,nan,9595.0,14814,710701650.0,11715,9565.0,9,9560.0,2,nan,0,nan,0,nan,0,nan,0,nan,0,nan,0,nan,0,nan,0
1597988878960184064,1597988879000001024,2020-08-21 13:47:59.000001,9560.0,9715.0,9520.0,9660.0,nan,9595.0,14815,710749625.0,11714,9565.0,9,9560.0,1,nan,0,nan,0,nan,0,nan,0,nan,0,nan,0,nan,0,nan,0
1597988879958924032,1597988880000001024,2020-08-21 13:48:00.000001,9560.0,9715.0,9520.0,9660.0,nan,9595.0,14815,710749625.0,11714,9565.0,9,9560.0,2,nan,0,nan,0,nan,0,nan,0,nan,0,nan,0,nan,0,nan,0
1597988880467762944,1597988881000000000,2020-08-21 13:48:01.000000,9560.0,9715.0,9520.0,9660.0,nan,9595.0,14819,710941525.0,11715,9565.0,9,9555.0,30,nan,0,nan,0,nan,0,nan,0,nan,0,nan,0,nan,0,nan,0
1597988880963390976,1597988881000001024,2020-08-21 13:48:01.000001,9560.0,9715.0,9520.0,9660.0,nan,9595.0,14821,711037475.0,11715,9565.0,9,9560.0,1,nan,0,nan,0,nan,0,nan,0,nan,0,nan,0,nan,0,nan,0
1597988881468157952,1597988882000000000,2020-08-21 13:48:02.000000,9560.0,9715.0,9520.0,9660.0,nan,9595.0,14822,711085450.0,11715,9565.0,10,9555.0,32,nan,0,nan,0,nan,0,nan,0,nan,0,nan,0,nan,0,nan,0
1597988881952240896,1597988882000001024,2020-08-21 13:48:02.000001,9560.0,9715.0,9520.0,9660.0,nan,9595.0,14822,711085450.0,11715,9565.0,10,9560.0,2,nan,0,nan,0,nan,0,nan,0,nan,0,nan,0,nan,0,nan,0
1597988883455664128,1597988884000000000,2020-08-21 13:48:04.000000,9560.0,9715.0,9520.0,9660.0,nan,9595.0,14829,711421275.0,11715,9565.0,10,9560.0,4,nan,0,nan,0,nan,0,nan,0,nan,0,nan,0,nan,0,nan,0
1597988886456937984,1597988887000000000,2020-08-21 13:48:07.000000,9560.0,9715.0,9520.0,9660.0,nan,9595.0,14833,711613175.0,11717,9565.0,12,9555.0,34,nan,0,nan,0,nan,0,nan,0,nan,0,nan,0,nan,0,nan,0
1597988886960464896,1597988887000001024,2020-08-21 13:48:07.000001,9560.0,9715.0,9520.0,9660.0,nan,9595.0,14833,711613175.0,11717,9565.0,12,9560.0,1,nan,0,nan,0,nan,0,nan,0,nan,0,nan,0,nan,0,nan,0
1597988887959474944,1597988888000001024,2020-08-21 13:48:08.000001,9560.0,9715.0,9520.0,9660.0,nan,9595.0,14833,711613175.0,11717,9565.0,10,9560.0,1,nan,0,nan,0,nan,0,nan,0,nan,0,nan,0,nan,0,nan,0
1597988889465658112,1597988889000001024,2020-08-21 13:48:09.000001,9560.0,9715.0,9520.0,9660.0,nan,9595.0,14834,711661150.0,11718,9560.0,3,9555.0,34,nan,0,nan,0,nan,0,nan,0,nan,0,nan,0,nan,0,nan,0
1597988890962851072,1597988891000000000,2020-08-21 13:48:11.000000,9560.0,9715.0,9520.0,9660.0,nan,9595.0,14837,711805075.0,11718,9565.0,11,9555.0,34,nan,0,nan,0,nan,0,nan,0,nan,0,nan,0,nan,0,nan,0
1597988892469057024,1597988893000000000,2020-08-21 13:48:13.000000,9560.0,9715.0,9520.0,9660.0,nan,9595.0,14837,711805075.0,11718,9560.0,4,9555.0,34,nan,0,nan,0,nan,0,nan,0,nan,0,nan,0,nan,0,nan,0
1597988892967371008,1597988893000001024,2020-08-21 13:48:13.000001,9560.0,9715.0,9520.0,9660.0,nan,9595.0,14837,711805075.0,11718,9560.0,10,9555.0,34,nan,0,nan,0,nan,0,nan,0,nan,0,nan,0,nan,0,nan,0
1597988894466760960,1597988895000000000,2020-08-21 13:48:15.000000,9560.0,9715.0,9520.0,9660.0,nan,9595.0,14839,711901025.0,11720,9560.0,8,9555.0,35,nan,0,nan,0,nan,0,nan,0,nan,0,nan,0,nan,0,nan,0
1597988895472281088,1597988896000000000,2020-08-21 13:48:16.000000,9560.0,9715.0,9520.0,9660.0,nan,9595.0,14839,711901025.0,11720,9560.0,12,9555.0,35,nan,0,nan,0,nan,0,nan,0,nan,0,nan,0,nan,0,nan,0
1597988897961724928,1597988898000001024,2020-08-21 13:48:18.000001,9560.0,9715.0,9520.0,9660.0,nan,9595.0,14839,711901025.0,11720,9560.0,13,9555.0,35,nan,0,nan,0,nan,0,nan,0,nan,0,nan,0,nan,0,nan,0
1597988898958700032,1597988899000001024,2020-08-21 13:48:19.000001,9560.0,9715.0,9520.0,9660.0,nan,9595.0,14839,711901025.0,11720,9560.0,17,9555.0,35,nan,0,nan,0,nan,0,nan,0,nan,0,nan,0,nan,0,nan,0
1597988899957765120,1597988900000000000,2020-08-21 13:48:20.000000,9560.0,9715.0,9520.0,9660.0,nan,9595.0,14844,712140900.0,11725,9560.0,12,9555.0,35,nan,0,nan,0,nan,0,nan,0,nan,0,nan,0,nan,0,nan,0
1597988900461927936,1597988900000001024,2020-08-21 13:48:20.000001,9560.0,9715.0,9520.0,9660.0,nan,9595.0,14844,712140900.0,11725,9560.0,12,9555.0,36,nan,0,nan,0,nan,0,nan,0,nan,0,nan,0,nan,0,nan,0
1597988901468222976,1597988902000000000,2020-08-21 13:48:22.000000,9560.0,9715.0,9520.0,9660.0,nan,9595.0,14844,712140900.0,11725,9560.0,17,9555.0,36,nan,0,nan,0,nan,0,nan,0,nan,0,nan,0,nan,0,nan,0
1597988903963244032,1597988904000001024,2020-08-21 13:48:24.000001,9560.0,9715.0,9520.0,9660.0,nan,9595.0,14845,712188875.0,11726,9560.0,16,9555.0,36,nan,0,nan,0,nan,0,nan,0,nan,0,nan,0,nan,0,nan,0
1597988904473444096,1597988905000000000,2020-08-21 13:48:25.000000,9560.0,9715.0,9520.0,9660.0,nan,9595.0,14845,712188875.0,11726,9560.0,20,9555.0,36,nan,0,nan,0,nan,0,nan,0,nan,0,nan,0,nan,0,nan,0
1597988904970406912,1597988905000001024,2020-08-21 13:48:25.000001,9560.0,9715.0,9520.0,9660.0,nan,9595.0,14845,712188875.0,11726,9560.0,20,9555.0,34,nan,0,nan,0,nan,0,nan,0,nan,0,nan,0,nan,0,nan,0
1597988905474020096,1597988906000000000,2020-08-21 13:48:26.000000,9560.0,9715.0,9520.0,9660.0,nan,9595.0,14845,712188875.0,11726,9560.0,21,9555.0,34,nan,0,nan,0,nan,0,nan,0,nan,0,nan,0,nan,0,nan,0
1597988907467941120,1597988908000000000,2020-08-21 13:48:28.000000,9560.0,9715.0,9520.0,9660.0,nan,9595.0,14845,712188875.0,11726,9560.0,25,9555.0,34,nan,0,nan,0,nan,0,nan,0,nan,0,nan,0,nan,0,nan,0
1597988909473157888,1597988910000000000,2020-08-21 13:48:30.000000,9560.0,9715.0,9520.0,9660.0,nan,9595.0,14845,712188875.0,11726,9560.0,25,9555.0,35,nan,0,nan,0,nan,0,nan,0,nan,0,nan,0,nan,0,nan,0
1597988910473570048,1597988911000000000,2020-08-21 13:48:31.000000,9560.0,9715.0,9520.0,9660.0,nan,9595.0,14845,712188875.0,11726,9560.0,29,9555.0,35,nan,0,nan,0,nan,0,nan,0,nan,0,nan,0,nan,0,nan,0
1597988913497041920,1597988914000000000,2020-08-21 13:48:34.000000,9560.0,9715.0,9520.0,9660.0,nan,9595.0,14845,712188875.0,11726,9560.0,33,9555.0,35,nan,0,nan,0,nan,0,nan,0,nan,0,nan,0,nan,0,nan,0
1597988916475514880,1597988917000000000,2020-08-21 13:48:37.000000,9560.0,9715.0,9520.0,9660.0,nan,9595.0,14845,712188875.0,11726,9560.0,37,9555.0,35,nan,0,nan,0,nan,0,nan,0,nan,0,nan,0,nan,0,nan,0
1597988916975779072,1597988917000001024,2020-08-21 13:48:37.000001,9560.0,9715.0,9520.0,9660.0,nan,9595.0,14845,712188875.0,11726,9560.0,37,9555.0,29,nan,0,nan,0,nan,0,nan,0,nan,0,nan,0,nan,0,nan,0
1597988919468958976,1597988920000000000,2020-08-21 13:48:40.000000,9560.0,9715.0,9520.0,9660.0,nan,9595.0,14845,712188875.0,11726,9560.0,41,9555.0,29,nan,0,nan,0,nan,0,nan,0,nan,0,nan,0,nan,0,nan,0
1597988919970051072,1597988920000001024,2020-08-21 13:48:40.000001,9560.0,9715.0,9520.0,9660.0,nan,9595.0,14845,712188875.0,11726,9560.0,41,9555.0,25,nan,0,nan,0,nan,0,nan,0,nan,0,nan,0,nan,0,nan,0
1597988921498598912,1597988922000000000,2020-08-21 13:48:42.000000,9560.0,9715.0,9520.0,9660.0,nan,9595.0,14845,712188875.0,11726,9560.0,42,9555.0,25,nan,0,nan,0,nan,0,nan,0,nan,0,nan,0,nan,0,nan,0
1597988922969969920,1597988923000001024,2020-08-21 13:48:43.000001,9560.0,9715.0,9520.0,9660.0,nan,9595.0,14845,712188875.0,11726,9560.0,46,9555.0,25,nan,0,nan,0,nan,0,nan,0,nan,0,nan,0,nan,0,nan,0
1597988925975811072,1597988926000000000,2020-08-21 13:48:46.000000,9560.0,9715.0,9520.0,9660.0,nan,9595.0,14845,712188875.0,11726,9560.0,50,9555.0,25,nan,0,nan,0,nan,0,nan,0,nan,0,nan,0,nan,0,nan,0
1597988926472356096,1597988927000000000,2020-08-21 13:48:47.000000,9555.0,9715.0,9520.0,9660.0,nan,9595.0,14870,713388250.0,11750,9555.0,14,9550.0,110,nan,0,nan,0,nan,0,nan,0,nan,0,nan,0,nan,0,nan,0
1597988926976344064,1597988927000001024,2020-08-21 13:48:47.000001,9555.0,9715.0,9520.0,9660.0,nan,9595.0,14873,713532175.0,11753,9555.0,19,9550.0,110,nan,0,nan,0,nan,0,nan,0,nan,0,nan,0,nan,0,nan,0
1597988927476262912,1597988928000000000,2020-08-21 13:48:48.000000,9550.0,9715.0,9520.0,9660.0,nan,9595.0,14874,713580150.0,11753,9555.0,19,9550.0,109,nan,0,nan,0,nan,0,nan,0,nan,0,nan,0,nan,0,nan,0
1597988927980262912,1597988928000001024,2020-08-21 13:48:48.000001,9555.0,9715.0,9520.0,9660.0,nan,9595.0,14878,713772050.0,11753,9555.0,16,9550.0,108,nan,0,nan,0,nan,0,nan,0,nan,0,nan,0,nan,0,nan,0
1597988928488620032,1597988929000000000,2020-08-21 13:48:49.000000,9555.0,9715.0,9520.0,9660.0,nan,9595.0,14880,713868000.0,11755,9555.0,14,9550.0,108,nan,0,nan,0,nan,0,nan,0,nan,0,nan,0,nan,0,nan,0
1597988928976293120,1597988929000001024,2020-08-21 13:48:49.000001,9555.0,9715.0,9520.0,9660.0,nan,9595.0,14880,713868000.0,11755,9555.0,18,9550.0,108,nan,0,nan,0,nan,0,nan,0,nan,0,nan,0,nan,0,nan,0
1597988929474835968,1597988930000000000,2020-08-21 13:48:50.000000,9555.0,9715.0,9520.0,9660.0,nan,9595.0,14880,713868000.0,11755,9555.0,19,9550.0,108,nan,0,nan,0,nan,0,nan,0,nan,0,nan,0,nan,0,nan,0
1597988930476542976,1597988931000000000,2020-08-21 13:48:51.000000,9550.0,9715.0,9520.0,9660.0,nan,9595.0,14886,714155850.0,11758,9555.0,16,9550.0,105,nan,0,nan,0,nan,0,nan,0,nan,0,nan,0,nan,0,nan,0
1597988930978280960,1597988931000001024,2020-08-21 13:48:51.000001,9555.0,9715.0,9520.0,9660.0,nan,9595.0,14892,714443700.0,11761,9555.0,10,9550.0,105,nan,0,nan,0,nan,0,nan,0,nan,0,nan,0,nan,0,nan,0
1597988931481318912,1597988932000000000,2020-08-21 13:48:52.000000,9555.0,9715.0,9520.0,9660.0,nan,9595.0,14903,714971425.0,11760,9560.0,14,9555.0,9,nan,0,nan,0,nan,0,nan,0,nan,0,nan,0,nan,0,nan,0
1597988931977623040,1597988932000001024,2020-08-21 13:48:52.000001,9555.0,9715.0,9520.0,9660.0,nan,9595.0,14903,714971425.0,11760,9560.0,6,9555.0,9,nan,0,nan,0,nan,0,nan,0,nan,0,nan,0,nan,0,nan,0
1597988932480978944,1597988933000000000,2020-08-21 13:48:53.000000,9555.0,9715.0,9520.0,9660.0,nan,9595.0,14903,714971425.0,11760,9560.0,4,9555.0,9,nan,0,nan,0,nan,0,nan,0,nan,0,nan,0,nan,0,nan,0
1597988932979449088,1597988933000001024,2020-08-21 13:48:53.000001,9555.0,9715.0,9520.0,9660.0,nan,9595.0,14907,715163325.0,11764,9560.0,4,9555.0,5,nan,0,nan,0,nan,0,nan,0,nan,0,nan,0,nan,0,nan,0
1597988933488549120,1597988934000000000,2020-08-21 13:48:54.000000,9555.0,9715.0,9520.0,9660.0,nan,9595.0,14907,715163325.0,11764,9560.0,4,9555.0,7,nan,0,nan,0,nan,0,nan,0,nan,0,nan,0,nan,0,nan,0
1597988934491264000,1597988935000000000,2020-08-21 13:48:55.000000,9555.0,9715.0,9520.0,9660.0,nan,9595.0,14907,715163325.0,11764,9560.0,5,9555.0,7,nan,0,nan,0,nan,0,nan,0,nan,0,nan,0,nan,0,nan,0
1597988934987580928,1597988935000001024,2020-08-21 13:48:55.000001,9555.0,9715.0,9520.0,9660.0,nan,9595.0,14911,715355225.0,11768,9560.0,7,9555.0,6,nan,0,nan,0,nan,0,nan,0,nan,0,nan,0,nan,0,nan,0
1597988937476892928,1597988937000001024,2020-08-21 13:48:57.000001,9555.0,9715.0,9520.0,9660.0,nan,9595.0,14911,715355225.0,11768,9560.0,9,9555.0,6,nan,0,nan,0,nan,0,nan,0,nan,0,nan,0,nan,0,nan,0
1597988937978524928,1597988938000000000,2020-08-21 13:48:58.000000,9555.0,9715.0,9520.0,9660.0,nan,9595.0,14915,715547125.0,11770,9560.0,10,9550.0,106,nan,0,nan,0,nan,0,nan,0,nan,0,nan,0,nan,0,nan,0
1597988938475684096,1597988939000000000,2020-08-21 13:48:59.000000,9555.0,9715.0,9520.0,9660.0,nan,9595.0,14918,715691050.0,11769,9555.0,2,9550.0,106,nan,0,nan,0,nan,0,nan,0,nan,0,nan,0,nan,0,nan,0
1597988938974725120,1597988939000001024,2020-08-21 13:48:59.000001,9555.0,9715.0,9520.0,9660.0,nan,9595.0,14920,715787000.0,11767,9560.0,8,9555.0,2,nan,0,nan,0,nan,0,nan,0,nan,0,nan,0,nan,0,nan,0
1597988939483439104,1597988940000000000,2020-08-21 13:49:00.000000,9555.0,9715.0,9520.0,9660.0,nan,9595.0,14920,715787000.0,11767,9560.0,11,9555.0,2,nan,0,nan,0,nan,0,nan,0,nan,0,nan,0,nan,0,nan,0
1597988939980928000,1597988940000001024,2020-08-21 13:49:00.000001,9555.0,9715.0,9520.0,9660.0,nan,9595.0,14920,715787000.0,11767,9560.0,11,9555.0,4,nan,0,nan,0,nan,0,nan,0,nan,0,nan,0,nan,0,nan,0
1597988940980251904,1597988941000000000,2020-08-21 13:49:01.000000,9555.0,9715.0,9520.0,9660.0,nan,9595.0,14924,715978900.0,11769,9560.0,11,9550.0,106,nan,0,nan,0,nan,0,nan,0,nan,0,nan,0,nan,0,nan,0
1597988942980268032,1597988943000001024,2020-08-21 13:49:03.000001,9555.0,9715.0,9520.0,9660.0,nan,9595.0,14924,715978900.0,11769,9560.0,12,9555.0,2,nan,0,nan,0,nan,0,nan,0,nan,0,nan,0,nan,0,nan,0
1597988943482089984,1597988944000000000,2020-08-21 13:49:04.000000,9555.0,9715.0,9520.0,9660.0,nan,9595.0,14924,715978900.0,11769,9560.0,11,9555.0,6,nan,0,nan,0,nan,0,nan,0,nan,0,nan,0,nan,0,nan,0
1597988943984933120,1597988944000001024,2020-08-21 13:49:04.000001,9555.0,9715.0,9520.0,9660.0,nan,9595.0,14928,716170800.0,11773,9560.0,11,9555.0,2,nan,0,nan,0,nan,0,nan,0,nan,0,nan,0,nan,0,nan,0
1597988944484382976,1597988945000000000,2020-08-21 13:49:05.000000,9555.0,9715.0,9520.0,9660.0,nan,9595.0,14928,716170800.0,11773,9560.0,11,9550.0,105,nan,0,nan,0,nan,0,nan,0,nan,0,nan,0,nan,0,nan,0
1597988945985743872,1597988946000001024,2020-08-21 13:49:06.000001,9555.0,9715.0,9520.0,9660.0,nan,9595.0,14928,716170800.0,11773,9560.0,11,9555.0,2,nan,0,nan,0,nan,0,nan,0,nan,0,nan,0,nan,0,nan,0
1597988946482290944,1597988947000000000,2020-08-21 13:49:07.000000,9555.0,9715.0,9520.0,9660.0,nan,9595.0,14928,716170800.0,11773,9560.0,11,9555.0,4,nan,0,nan,0,nan,0,nan,0,nan,0,nan,0,nan,0,nan,0
1597988946986611968,1597988947000001024,2020-08-21 13:49:07.000001,9555.0,9715.0,9520.0,9660.0,nan,9595.0,14932,716362700.0,11777,9560.0,11,9550.0,105,nan,0,nan,0,nan,0,nan,0,nan,0,nan,0,nan,0,nan,0
1597988947485928960,1597988948000000000,2020-08-21 13:49:08.000000,9555.0,9715.0,9520.0,9660.0,nan,9595.0,14935,716506625.0,11777,9555.0,2,9550.0,105,nan,0,nan,0,nan,0,nan,0,nan,0,nan,0,nan,0,nan,0
1597988947994046976,1597988948000001024,2020-08-21 13:49:08.000001,9555.0,9715.0,9520.0,9660.0,nan,9595.0,14937,716602575.0,11779,9560.0,12,9550.0,105,nan,0,nan,0,nan,0,nan,0,nan,0,nan,0,nan,0,nan,0
1597988948987817984,1597988949000001024,2020-08-21 13:49:09.000001,9555.0,9715.0,9520.0,9660.0,nan,9595.0,14937,716602575.0,11779,9560.0,13,9550.0,105,nan,0,nan,0,nan,0,nan,0,nan,0,nan,0,nan,0,nan,0
1597988949494918912,1597988950000000000,2020-08-21 13:49:10.000000,9555.0,9715.0,9520.0,9660.0,nan,9595.0,14937,716602575.0,11779,9555.0,50,9550.0,105,nan,0,nan,0,nan,0,nan,0,nan,0,nan,0,nan,0,nan,0
1597988949984924928,1597988950000001024,2020-08-21 13:49:10.000001,9555.0,9715.0,9520.0,9660.0,nan,9595.0,14937,716602575.0,11779,9555.0,54,9550.0,105,nan,0,nan,0,nan,0,nan,0,nan,0,nan,0,nan,0,nan,0
1597988950488515072,1597988951000000000,2020-08-21 13:49:11.000000,9555.0,9715.0,9520.0,9660.0,nan,9595.0,14938,716650550.0,11780,9555.0,53,9550.0,105,nan,0,nan,0,nan,0,nan,0,nan,0,nan,0,nan,0,nan,0
1597988951488257024,1597988952000000000,2020-08-21 13:49:12.000000,9550.0,9715.0,9520.0,9660.0,nan,9595.0,14939,716698525.0,11780,9555.0,53,9550.0,104,nan,0,nan,0,nan,0,nan,0,nan,0,nan,0,nan,0,nan,0
1597988951979378944,1597988952000001024,2020-08-21 13:49:12.000001,9550.0,9715.0,9520.0,9660.0,nan,9595.0,14939,716698525.0,11780,9555.0,53,9550.0,105,nan,0,nan,0,nan,0,nan,0,nan,0,nan,0,nan,0,nan,0
1597988952980855040,1597988953000001024,2020-08-21 13:49:13.000001,9550.0,9715.0,9520.0,9660.0,nan,9595.0,14943,716890425.0,11784,9555.0,53,9550.0,101,nan,0,nan,0,nan,0,nan,0,nan,0,nan,0,nan,0,nan,0
1597988953985043968,1597988954000001024,2020-08-21 13:49:14.000001,9550.0,9715.0,9520.0,9660.0,nan,9595.0,14943,716890425.0,11784,9555.0,54,9550.0,101,nan,0,nan,0,nan,0,nan,0,nan,0,nan,0,nan,0,nan,0
1597988954988819968,1597988955000000000,2020-08-21 13:49:15.000000,9550.0,9715.0,9520.0,9660.0,nan,9595.0,14943,716890425.0,11784,9555.0,50,9550.0,101,nan,0,nan,0,nan,0,nan,0,nan,0,nan,0,nan,0,nan,0
1597988955989563904,1597988956000001024,2020-08-21 13:49:16.000001,9550.0,9715.0,9520.0,9660.0,nan,9595.0,14947,717082325.0,11788,9555.0,50,9550.0,97,nan,0,nan,0,nan,0,nan,0,nan,0,nan,0,nan,0,nan,0
1597988956484228096,1597988957000000000,2020-08-21 13:49:17.000000,9555.0,9715.0,9520.0,9660.0,nan,9595.0,14952,717322200.0,11790,9555.0,48,9550.0,94,nan,0,nan,0,nan,0,nan,0,nan,0,nan,0,nan,0,nan,0
1597988958989199104,1597988959000001024,2020-08-21 13:49:19.000001,9550.0,9715.0,9520.0,9660.0,nan,9595.0,14953,717370175.0,11791,9555.0,52,9550.0,93,nan,0,nan,0,nan,0,nan,0,nan,0,nan,0,nan,0,nan,0
1597988959485291008,1597988960000000000,2020-08-21 13:49:20.000000,9555.0,9715.0,9520.0,9660.0,nan,9595.0,14954,717418150.0,11792,9555.0,51,9550.0,93,nan,0,nan,0,nan,0,nan,0,nan,0,nan,0,nan,0,nan,0
1597988959992293120,1597988960000001024,2020-08-21 13:49:20.000001,9555.0,9715.0,9520.0,9660.0,nan,9595.0,14956,717514100.0,11794,9555.0,49,9550.0,94,nan,0,nan,0,nan,0,nan,0,nan,0,nan,0,nan,0,nan,0
1597988960494895104,1597988961000000000,2020-08-21 13:49:21.000000,9550.0,9715.0,9520.0,9660.0,nan,9595.0,14957,717562075.0,11795,9555.0,49,9550.0,93,nan,0,nan,0,nan,0,nan,0,nan,0,nan,0,nan,0,nan,0
1597988960987247104,1597988961000001024,2020-08-21 13:49:21.000001,9550.0,9715.0,9520.0,9660.0,nan,9595.0,14957,717562075.0,11795,9555.0,49,9550.0,94,nan,0,nan,0,nan,0,nan,0,nan,0,nan,0,nan,0,nan,0
1597988961993587968,1597988962000001024,2020-08-21 13:49:22.000001,9550.0,9715.0,9520.0,9660.0,nan,9595.0,14962,717801950.0,11799,9555.0,49,9550.0,89,nan,0,nan,0,nan,0,nan,0,nan,0,nan,0,nan,0,nan,0
1597988964022140928,1597988964000001024,2020-08-21 13:49:24.000001,9550.0,9715.0,9520.0,9660.0,nan,9595.0,14962,717801950.0,11799,9555.0,45,9550.0,89,nan,0,nan,0,nan,0,nan,0,nan,0,nan,0,nan,0,nan,0
1597988964494577920,1597988965000000000,2020-08-21 13:49:25.000000,9550.0,9715.0,9520.0,9660.0,nan,9595.0,14963,717849925.0,11800,9555.0,45,9550.0,88,nan,0,nan,0,nan,0,nan,0,nan,0,nan,0,nan,0,nan,0
1597988964991549952,1597988965000001024,2020-08-21 13:49:25.000001,9550.0,9715.0,9520.0,9660.0,nan,9595.0,14975,718425625.0,11812,9555.0,45,9550.0,77,nan,0,nan,0,nan,0,nan,0,nan,0,nan,0,nan,0,nan,0
1597988965996283904,1597988966000001024,2020-08-21 13:49:26.000001,9550.0,9715.0,9520.0,9660.0,nan,9595.0,14978,718569550.0,11815,9555.0,45,9550.0,74,nan,0,nan,0,nan,0,nan,0,nan,0,nan,0,nan,0,nan,0
1597988967487269120,1597988968000000000,2020-08-21 13:49:28.000000,9550.0,9715.0,9520.0,9660.0,nan,9595.0,14978,718569550.0,11815,9555.0,46,9550.0,74,nan,0,nan,0,nan,0,nan,0,nan,0,nan,0,nan,0,nan,0
1597988968489519104,1597988969000000000,2020-08-21 13:49:29.000000,9550.0,9715.0,9520.0,9660.0,nan,9595.0,14983,718809425.0,11819,9555.0,46,9550.0,69,nan,0,nan,0,nan,0,nan,0,nan,0,nan,0,nan,0,nan,0
1597988971494704896,1597988972000000000,2020-08-21 13:49:32.000000,9550.0,9715.0,9520.0,9660.0,nan,9595.0,15005,719864875.0,11833,9555.0,46,9550.0,47,nan,0,nan,0,nan,0,nan,0,nan,0,nan,0,nan,0,nan,0
1597988971991909888,1597988972000001024,2020-08-21 13:49:32.000001,9550.0,9715.0,9520.0,9660.0,nan,9595.0,15040,721544000.0,11863,9555.0,46,9550.0,12,nan,0,nan,0,nan,0,nan,0,nan,0,nan,0,nan,0,nan,0
1597988972494021888,1597988973000000000,2020-08-21 13:49:33.000000,9550.0,9715.0,9520.0,9660.0,nan,9595.0,15040,721544000.0,11863,9555.0,50,9550.0,12,nan,0,nan,0,nan,0,nan,0,nan,0,nan,0,nan,0,nan,0
