local_nano_time,quote_nano_time,datetime,last_price,highest,lowest,open,close,average,volume,amount,open_interest,ask_price1,ask_volume1,bid_price1,bid_volume1,ask_price2,ask_volume2,bid_price2,bid_volume2,ask_price3,ask_volume3,bid_price3,bid_volume3,ask_price4,ask_volume4,bid_price4,bid_volume4,ask_price5,ask_volume5,bid_price5,bid_volume5
1597988230633705984,1597988231226000128,2020-08-21 13:37:11.226000,1216.5,1218.0,1205.5,1211.5,nan,1213.0,28520,2075862870.0,20838,1216.5,25,1216.0,17,nan,0,nan,0,nan,0,nan,0,nan,0,nan,0,nan,0,nan,0
1597988241646586112,1597988242229000192,2020-08-21 13:37:22.229000,1216.5,1218.0,1205.5,1211.5,nan,1213.0,28520,2075862870.0,20838,1216.5,25,1216.0,14,nan,0,nan,0,nan,0,nan,0,nan,0,nan,0,nan,0,nan,0
1597988244139507968,1597988244698999808,2020-08-21 13:37:24.699000,1216.0,1218.0,1205.5,1211.5,nan,1213.0,28521,2075935830.0,20838,1216.5,25,1216.0,14,nan,0,nan,0,nan,0,nan,0,nan,0,nan,0,nan,0,nan,0
1597988246199926016,1597988246687000064,2020-08-21 13:37:26.687000,1216.0,1218.0,1205.5,1211.5,nan,1213.0,28521,2075935830.0,20838,1216.5,25,1216.0,13,nan,0,nan,0,nan,0,nan,0,nan,0,nan,0,nan,0,nan,0
1597988250208241920,1597988250739000064,2020-08-21 13:37:30.739000,1216.5,1218.0,1205.5,1211.5,nan,1213.0,28522,2076008820.0,20837,1216.5,24,1216.0,17,nan,0,nan,0,nan,0,nan,0,nan,0,nan,0,nan,0,nan,0
1597988251658834944,1597988252190000128,2020-08-21 13:37:32.190000,1216.5,1218.0,1205.5,1211.5,nan,1213.0,28522,2076008820.0,20837,1216.5,24,1216.0,18,nan,0,nan,0,nan,0,nan,0,nan,0,nan,0,nan,0,nan,0
1597988252145050112,1597988252742000128,2020-08-21 13:37:32.742000,1216.5,1218.0,1205.5,1211.5,nan,1213.0,28522,2076008820.0,20837,1216.5,25,1216.0,18,nan,0,nan,0,nan,0,nan,0,nan,0,nan,0,nan,0,nan,0
1597988252666176000,1597988253234999808,2020-08-21 13:37:33.235000,1216.5,1218.0,1205.5,1211.5,nan,1213.0,28523,2076081810.0,20836,1216.5,24,1216.0,18,nan,0,nan,0,nan,0,nan,0,nan,0,nan,0,nan,0,nan,0
1597988253634497024,1597988254232000000,2020-08-21 13:37:34.232000,1216.5,1218.0,1205.5,1211.5,nan,1213.0,28523,2076081810.0,20836,1216.5,24,1216.0,17,nan,0,nan,0,nan,0,nan,0,nan,0,nan,0,nan,0,nan,0
1597988254135706112,1597988254739000064,2020-08-21 13:37:34.739000,1216.5,1218.0,1205.5,1211.5,nan,1213.0,28524,2076154800.0,20835,1216.5,23,1216.0,17,nan,0,nan,0,nan,0,nan,0,nan,0,nan,0,nan,0,nan,0
1597988256176454912,1597988256673000192,2020-08-21 13:37:36.673000,1216.0,1218.0,1205.5,1211.5,nan,1213.0,28528,2076446640.0,20839,1216.5,23,1216.0,13,nan,0,nan,0,nan,0,nan,0,nan,0,nan,0,nan,0,nan,0
1597988256653948928,1597988257223000064,2020-08-21 13:37:37.223000,1216.0,1218.0,1205.5,1211.5,nan,1213.0,28528,2076446640.0,20839,1216.5,23,1216.0,15,nan,0,nan,0,nan,0,nan,0,nan,0,nan,0,nan,0,nan,0
1597988257130498048,1597988257727000064,2020-08-21 13:37:37.727000,1216.0,1218.0,1205.5,1211.5,nan,1213.0,28533,2076811440.0,20834,1216.5,23,1216.0,10,nan,0,nan,0,nan,0,nan,0,nan,0,nan,0,nan,0,nan,0
1597988257626213888,1597988258237999872,2020-08-21 13:37:38.238000,1216.0,1218.0,1205.5,1211.5,nan,1213.0,28533,2076811440.0,20834,1216.5,23,1216.0,5,nan,0,nan,0,nan,0,nan,0,nan,0,nan,0,nan,0,nan,0
1597988261635252992,1597988262239000064,2020-08-21 13:37:42.239000,1216.0,1218.0,1205.5,1211.5,nan,1213.0,28533,2076811440.0,20834,1216.5,23,1216.0,6,nan,0,nan,0,nan,0,nan,0,nan,0,nan,0,nan,0,nan,0
1597988262180198912,1597988262742000128,2020-08-21 13:37:42.742000,1216.0,1218.0,1205.5,1211.5,nan,1213.0,28533,2076811440.0,20834,1216.5,35,1216.0,6,nan,0,nan,0,nan,0,nan,0,nan,0,nan,0,nan,0,nan,0
1597988273142071040,1597988273728000000,2020-08-21 13:37:53.728000,1216.0,1218.0,1205.5,1211.5,nan,1213.0,28534,2076884400.0,20835,1216.5,35,1216.0,5,nan,0,nan,0,nan,0,nan,0,nan,0,nan,0,nan,0,nan,0
1597988276142155008,1597988276736999936,2020-08-21 13:37:56.737000,1216.0,1218.0,1205.5,1211.5,nan,1213.0,28534,2076884400.0,20835,1216.5,36,1216.0,5,nan,0,nan,0,nan,0,nan,0,nan,0,nan,0,nan,0,nan,0
1597988279642065920,1597988280138000128,2020-08-21 13:38:00.138000,1216.0,1218.0,1205.5,1211.5,nan,1213.0,28539,2077249200.0,20837,1216.5,38,1215.5,57,nan,0,nan,0,nan,0,nan,0,nan,0,nan,0,nan,0,nan,0
1597988282148602112,1597988282688000000,2020-08-21 13:38:02.688000,1216.0,1218.0,1205.5,1211.5,nan,1213.0,28539,2077249200.0,20837,1216.5,58,1215.5,58,nan,0,nan,0,nan,0,nan,0,nan,0,nan,0,nan,0,nan,0
1597988283141392896,1597988283701999872,2020-08-21 13:38:03.702000,1216.5,1218.0,1205.5,1211.5,nan,1213.0,28540,2077322190.0,20836,1216.5,58,1215.5,58,nan,0,nan,0,nan,0,nan,0,nan,0,nan,0,nan,0,nan,0
1597988291638573056,1597988292220000000,2020-08-21 13:38:12.220000,1216.5,1218.0,1205.5,1211.5,nan,1213.0,28540,2077322190.0,20836,1216.5,58,1216.0,8,nan,0,nan,0,nan,0,nan,0,nan,0,nan,0,nan,0,nan,0
1597988292155548928,1597988292713999872,2020-08-21 13:38:12.714000,1216.0,1218.0,1205.5,1211.5,nan,1213.0,28544,2077614030.0,20832,1216.5,58,1216.0,4,nan,0,nan,0,nan,0,nan,0,nan,0,nan,0,nan,0,nan,0
1597988293139352064,1597988293712000000,2020-08-21 13:38:13.712000,1216.0,1218.0,1205.5,1211.5,nan,1213.0,28544,2077614030.0,20832,1216.5,59,1216.0,4,nan,0,nan,0,nan,0,nan,0,nan,0,nan,0,nan,0,nan,0
1597988294633747968,1597988295227000064,2020-08-21 13:38:15.227000,1216.5,1218.0,1205.5,1211.5,nan,1213.0,28545,2077687020.0,20831,1216.5,58,1216.0,4,nan,0,nan,0,nan,0,nan,0,nan,0,nan,0,nan,0,nan,0
1597988295633349888,1597988296236999936,2020-08-21 13:38:16.237000,1216.0,1218.0,1205.5,1211.5,nan,1213.0,28546,2077759980.0,20831,1216.5,58,1216.0,3,nan,0,nan,0,nan,0,nan,0,nan,0,nan,0,nan,0,nan,0
1597988303149027072,1597988303732000000,2020-08-21 13:38:23.732000,1216.0,1218.0,1205.5,1211.5,nan,1213.0,28549,2077978860.0,20831,1216.0,8,1215.5,58,nan,0,nan,0,nan,0,nan,0,nan,0,nan,0,nan,0,nan,0
1597988303648337920,1597988304216999936,2020-08-21 13:38:24.217000,1216.0,1218.0,1205.5,1211.5,nan,1213.0,28549,2077978860.0,20831,1216.0,20,1215.5,58,nan,0,nan,0,nan,0,nan,0,nan,0,nan,0,nan,0,nan,0
1597988306146446080,1597988306742000128,2020-08-21 13:38:26.742000,1216.0,1218.0,1205.5,1211.5,nan,1213.0,28569,2079438060.0,20838,1216.5,45,1216.0,2,nan,0,nan,0,nan,0,nan,0,nan,0,nan,0,nan,0,nan,0
1597988307193294080,1597988307742000128,2020-08-21 13:38:27.742000,1216.0,1218.0,1205.5,1211.5,nan,1213.0,28569,2079438060.0,20838,1216.5,45,1216.0,8,nan,0,nan,0,nan,0,nan,0,nan,0,nan,0,nan,0,nan,0
1597988307678052096,1597988308243000064,2020-08-21 13:38:28.243000,1216.0,1218.0,1205.5,1211.5,nan,1213.0,28569,2079438060.0,20838,1216.5,45,1216.0,10,nan,0,nan,0,nan,0,nan,0,nan,0,nan,0,nan,0,nan,0
1597988314635741952,1597988315232999936,2020-08-21 13:38:35.233000,1216.0,1218.0,1205.5,1211.5,nan,1213.0,28569,2079438060.0,20838,1216.5,45,1216.0,11,nan,0,nan,0,nan,0,nan,0,nan,0,nan,0,nan,0,nan,0
1597988319640649984,1597988320240999936,2020-08-21 13:38:40.241000,1216.0,1218.0,1205.5,1211.5,nan,1213.0,28569,2079438060.0,20838,1216.5,48,1216.0,11,nan,0,nan,0,nan,0,nan,0,nan,0,nan,0,nan,0,nan,0
1597988320135866880,1597988320728000000,2020-08-21 13:38:40.728000,1216.0,1218.0,1205.5,1211.5,nan,1213.0,28569,2079438060.0,20838,1216.5,48,1216.0,2,nan,0,nan,0,nan,0,nan,0,nan,0,nan,0,nan,0,nan,0
1597988320640907008,1597988321224999936,2020-08-21 13:38:41.225000,1216.0,1218.0,1205.5,1211.5,nan,1213.0,28569,2079438060.0,20838,1216.5,48,1216.0,4,nan,0,nan,0,nan,0,nan,0,nan,0,nan,0,nan,0,nan,0
1597988333159744000,1597988333742000128,2020-08-21 13:38:53.742000,1216.0,1218.0,1205.5,1211.5,nan,1213.0,28570,2079511020.0,20837,1216.5,48,1216.0,3,nan,0,nan,0,nan,0,nan,0,nan,0,nan,0,nan,0,nan,0
1597988333701842944,1597988334203000064,2020-08-21 13:38:54.203000,1216.0,1218.0,1205.5,1211.5,nan,1213.0,28571,2079583980.0,20836,1216.5,48,1216.0,2,nan,0,nan,0,nan,0,nan,0,nan,0,nan,0,nan,0,nan,0
1597988334202105088,1597988334690000128,2020-08-21 13:38:54.690000,1216.0,1218.0,1205.5,1211.5,nan,1213.0,28572,2079656940.0,20837,1216.5,48,1216.0,1,nan,0,nan,0,nan,0,nan,0,nan,0,nan,0,nan,0,nan,0
1597988335668432896,1597988336194000128,2020-08-21 13:38:56.194000,1216.0,1218.0,1205.5,1211.5,nan,1213.0,28573,2079729900.0,20837,1216.0,2,1215.5,59,nan,0,nan,0,nan,0,nan,0,nan,0,nan,0,nan,0,nan,0
1597988336251991040,1597988336742000128,2020-08-21 13:38:56.742000,1216.0,1218.0,1205.5,1211.5,nan,1213.0,28575,2079875820.0,20837,1216.0,4,1215.5,59,nan,0,nan,0,nan,0,nan,0,nan,0,nan,0,nan,0,nan,0
1597988336678906112,1597988337233999872,2020-08-21 13:38:57.234000,1216.0,1218.0,1205.5,1211.5,nan,1213.0,28579,2080167660.0,20837,1216.5,48,1215.5,59,nan,0,nan,0,nan,0,nan,0,nan,0,nan,0,nan,0,nan,0
1597988339252333056,1597988339720000000,2020-08-21 13:38:59.720000,1216.0,1218.0,1205.5,1211.5,nan,1213.0,28579,2080167660.0,20837,1216.5,48,1215.5,58,nan,0,nan,0,nan,0,nan,0,nan,0,nan,0,nan,0,nan,0
1597988340175737088,1597988340736999936,2020-08-21 13:39:00.737000,1216.0,1218.0,1205.5,1211.5,nan,1213.0,28579,2080167660.0,20837,1216.5,49,1215.5,58,nan,0,nan,0,nan,0,nan,0,nan,0,nan,0,nan,0,nan,0
1597988341792997120,1597988342244000000,2020-08-21 13:39:02.244000,1216.0,1218.0,1205.5,1211.5,nan,1213.0,28579,2080167660.0,20837,1216.5,49,1216.0,9,nan,0,nan,0,nan,0,nan,0,nan,0,nan,0,nan,0,nan,0
1597988342187004928,1597988342734999808,2020-08-21 13:39:02.735000,1216.0,1218.0,1205.5,1211.5,nan,1213.0,28579,2080167660.0,20837,1216.5,49,1216.0,11,nan,0,nan,0,nan,0,nan,0,nan,0,nan,0,nan,0,nan,0
1597988342707973120,1597988343236999936,2020-08-21 13:39:03.237000,1216.0,1218.0,1205.5,1211.5,nan,1213.0,28579,2080167660.0,20837,1216.5,49,1216.0,12,nan,0,nan,0,nan,0,nan,0,nan,0,nan,0,nan,0,nan,0
1597988343155568128,1597988343740000000,2020-08-21 13:39:03.740000,1216.0,1218.0,1205.5,1211.5,nan,1213.0,28579,2080167660.0,20837,1216.5,49,1216.0,5,nan,0,nan,0,nan,0,nan,0,nan,0,nan,0,nan,0,nan,0
1597988345169212928,1597988345742000128,2020-08-21 13:39:05.742000,1216.0,1218.0,1205.5,1211.5,nan,1213.0,28580,2080240620.0,20838,1216.5,49,1216.0,4,nan,0,nan,0,nan,0,nan,0,nan,0,nan,0,nan,0,nan,0
1597988346667987968,1597988347239000064,2020-08-21 13:39:07.239000,1216.0,1218.0,1205.5,1211.5,nan,1213.0,28580,2080240620.0,20838,1216.5,49,1216.0,3,nan,0,nan,0,nan,0,nan,0,nan,0,nan,0,nan,0,nan,0
1597988347188378880,1597988347711000064,2020-08-21 13:39:07.711000,1216.0,1218.0,1205.5,1211.5,nan,1213.0,28584,2080532460.0,20838,1216.5,49,1215.5,57,nan,0,nan,0,nan,0,nan,0,nan,0,nan,0,nan,0,nan,0
1597988355152541952,1597988355742000128,2020-08-21 13:39:15.742000,1216.0,1218.0,1205.5,1211.5,nan,1213.0,28584,2080532460.0,20838,1216.5,49,1215.5,52,nan,0,nan,0,nan,0,nan,0,nan,0,nan,0,nan,0,nan,0
1597988374140634112,1597988374736999936,2020-08-21 13:39:34.737000,1216.5,1218.0,1205.5,1211.5,nan,1213.0,28585,2080605450.0,20838,1216.5,48,1215.5,52,nan,0,nan,0,nan,0,nan,0,nan,0,nan,0,nan,0,nan,0
1597988378634786048,1597988379204999936,2020-08-21 13:39:39.205000,1216.5,1218.0,1205.5,1211.5,nan,1213.0,28586,2080678440.0,20837,1216.5,47,1215.5,52,nan,0,nan,0,nan,0,nan,0,nan,0,nan,0,nan,0,nan,0
1597988392138374912,1597988392736999936,2020-08-21 13:39:52.737000,1216.5,1218.0,1205.5,1211.5,nan,1213.0,28586,2080678440.0,20837,1216.5,48,1215.5,52,nan,0,nan,0,nan,0,nan,0,nan,0,nan,0,nan,0,nan,0
1597988392632870912,1597988393233999872,2020-08-21 13:39:53.234000,1216.5,1218.0,1205.5,1211.5,nan,1213.0,28586,2080678440.0,20837,1216.5,50,1216.0,1,nan,0,nan,0,nan,0,nan,0,nan,0,nan,0,nan,0,nan,0
1597988393156239872,1597988393729000192,2020-08-21 13:39:53.729000,1216.0,1218.0,1205.5,1211.5,nan,1213.0,28587,2080751400.0,20837,1216.5,50,1215.5,52,nan,0,nan,0,nan,0,nan,0,nan,0,nan,0,nan,0,nan,0
1597988395641148928,1597988396236000000,2020-08-21 13:39:56.236000,1216.0,1218.0,1205.5,1211.5,nan,1213.0,28587,2080751400.0,20837,1216.5,50,1215.5,58,nan,0,nan,0,nan,0,nan,0,nan,0,nan,0,nan,0,nan,0
1597988396155453952,1597988396729000192,2020-08-21 13:39:56.729000,1216.5,1218.0,1205.5,1211.5,nan,1213.0,28590,2080970370.0,20834,1216.5,47,1215.5,59,nan,0,nan,0,nan,0,nan,0,nan,0,nan,0,nan,0,nan,0
1597988400178521088,1597988400744000000,2020-08-21 13:40:00.744000,1216.5,1218.0,1205.5,1211.5,nan,1213.0,28591,2081043360.0,20834,1216.5,46,1215.5,59,nan,0,nan,0,nan,0,nan,0,nan,0,nan,0,nan,0,nan,0
1597988401644306944,1597988402216999936,2020-08-21 13:40:02.217000,1216.5,1218.0,1205.5,1211.5,nan,1213.0,28591,2081043360.0,20834,1216.5,46,1215.5,60,nan,0,nan,0,nan,0,nan,0,nan,0,nan,0,nan,0,nan,0
1597988404140446976,1597988404724000000,2020-08-21 13:40:04.724000,1215.5,1218.0,1205.5,1211.5,nan,1213.0,28592,2081116290.0,20833,1216.5,46,1215.5,59,nan,0,nan,0,nan,0,nan,0,nan,0,nan,0,nan,0,nan,0
1597988404650736896,1597988405188000000,2020-08-21 13:40:05.188000,1215.5,1218.0,1205.5,1211.5,nan,1213.0,28593,2081189220.0,20833,1216.5,46,1215.5,58,nan,0,nan,0,nan,0,nan,0,nan,0,nan,0,nan,0,nan,0
1597988406152762880,1597988406729000192,2020-08-21 13:40:06.729000,1215.5,1218.0,1205.5,1211.5,nan,1213.0,28593,2081189220.0,20833,1216.5,46,1215.5,53,nan,0,nan,0,nan,0,nan,0,nan,0,nan,0,nan,0,nan,0
1597988406637305088,1597988407236999936,2020-08-21 13:40:07.237000,1216.5,1218.0,1205.5,1211.5,nan,1213.0,28595,2081335200.0,20831,1216.5,44,1215.5,53,nan,0,nan,0,nan,0,nan,0,nan,0,nan,0,nan,0,nan,0
1597988408631132928,1597988409176000000,2020-08-21 13:40:09.176000,1215.5,1218.0,1205.5,1211.5,nan,1213.0,28597,2081481060.0,20829,1216.5,44,1215.5,51,nan,0,nan,0,nan,0,nan,0,nan,0,nan,0,nan,0,nan,0
1597988410651064064,1597988411239000064,2020-08-21 13:40:11.239000,1215.5,1218.0,1205.5,1211.5,nan,1213.0,28597,2081481060.0,20829,1216.5,44,1215.5,56,nan,0,nan,0,nan,0,nan,0,nan,0,nan,0,nan,0,nan,0
1597988411646384128,1597988412224999936,2020-08-21 13:40:12.225000,1216.5,1218.0,1205.5,1211.5,nan,1213.0,28598,2081554050.0,20829,1216.5,43,1215.5,56,nan,0,nan,0,nan,0,nan,0,nan,0,nan,0,nan,0,nan,0
1597988412184179968,1597988412708000000,2020-08-21 13:40:12.708000,1216.5,1218.0,1205.5,1211.5,nan,1213.0,28598,2081554050.0,20829,1216.5,42,1215.5,56,nan,0,nan,0,nan,0,nan,0,nan,0,nan,0,nan,0,nan,0
1597988414153521920,1597988414704000000,2020-08-21 13:40:14.704000,1215.5,1218.0,1205.5,1211.5,nan,1213.0,28599,2081626980.0,20829,1216.5,42,1215.5,55,nan,0,nan,0,nan,0,nan,0,nan,0,nan,0,nan,0,nan,0
1597988414642501120,1597988415145999872,2020-08-21 13:40:15.146000,1215.5,1218.0,1205.5,1211.5,nan,1213.0,28599,2081626980.0,20829,1216.5,52,1215.5,55,nan,0,nan,0,nan,0,nan,0,nan,0,nan,0,nan,0,nan,0
1597988417642608128,1597988418243000064,2020-08-21 13:40:18.243000,1216.5,1218.0,1205.5,1211.5,nan,1213.0,28600,2081699970.0,20828,1216.5,51,1215.5,55,nan,0,nan,0,nan,0,nan,0,nan,0,nan,0,nan,0,nan,0
1597988418146497024,1597988418734999808,2020-08-21 13:40:18.735000,1216.5,1218.0,1205.5,1211.5,nan,1213.0,28600,2081699970.0,20828,1216.5,51,1215.5,56,nan,0,nan,0,nan,0,nan,0,nan,0,nan,0,nan,0,nan,0
1597988418646317056,1597988419226000128,2020-08-21 13:40:19.226000,1216.5,1218.0,1205.5,1211.5,nan,1213.0,28600,2081699970.0,20828,1216.0,10,1215.5,56,nan,0,nan,0,nan,0,nan,0,nan,0,nan,0,nan,0,nan,0
1597988419140848128,1597988419665999872,2020-08-21 13:40:19.666000,1216.0,1218.0,1205.5,1211.5,nan,1213.0,28610,2082429570.0,20828,1216.0,3,1215.5,56,nan,0,nan,0,nan,0,nan,0,nan,0,nan,0,nan,0,nan,0
1597988419646324992,1597988420226000128,2020-08-21 13:40:20.226000,1216.0,1218.0,1205.5,1211.5,nan,1213.0,28613,2082648450.0,20831,1216.5,51,1215.5,56,nan,0,nan,0,nan,0,nan,0,nan,0,nan,0,nan,0,nan,0
1597988420179138048,1597988420739000064,2020-08-21 13:40:20.739000,1216.5,1218.0,1205.5,1211.5,nan,1213.0,28615,2082794430.0,20831,1216.5,49,1215.5,56,nan,0,nan,0,nan,0,nan,0,nan,0,nan,0,nan,0,nan,0
1597988421629591040,1597988422176999936,2020-08-21 13:40:22.177000,1216.5,1218.0,1205.5,1211.5,nan,1213.0,28616,2082867420.0,20831,1216.5,48,1215.5,55,nan,0,nan,0,nan,0,nan,0,nan,0,nan,0,nan,0,nan,0
1597988425162987008,1597988425713999872,2020-08-21 13:40:25.714000,1216.5,1218.0,1205.5,1211.5,nan,1213.0,28616,2082867420.0,20831,1216.5,48,1215.5,50,nan,0,nan,0,nan,0,nan,0,nan,0,nan,0,nan,0,nan,0
1597988429175894016,1597988429728000000,2020-08-21 13:40:29.728000,1216.5,1218.0,1205.5,1211.5,nan,1213.0,28622,2083305360.0,20834,1216.5,42,1215.5,50,nan,0,nan,0,nan,0,nan,0,nan,0,nan,0,nan,0,nan,0
1597988437641641984,1597988438233999872,2020-08-21 13:40:38.234000,1216.5,1218.0,1205.5,1211.5,nan,1213.0,28622,2083305360.0,20834,1216.5,42,1216.0,36,nan,0,nan,0,nan,0,nan,0,nan,0,nan,0,nan,0,nan,0
1597988438150158080,1597988438723000064,2020-08-21 13:40:38.723000,1216.5,1218.0,1205.5,1211.5,nan,1213.0,28623,2083378350.0,20835,1216.5,41,1216.0,38,nan,0,nan,0,nan,0,nan,0,nan,0,nan,0,nan,0,nan,0
1597988438639045888,1597988439244999936,2020-08-21 13:40:39.245000,1216.0,1218.0,1205.5,1211.5,nan,1213.0,28633,2084107950.0,20825,1216.5,41,1216.0,29,nan,0,nan,0,nan,0,nan,0,nan,0,nan,0,nan,0,nan,0
1597988446635565056,1597988447240000000,2020-08-21 13:40:47.240000,1216.0,1218.0,1205.5,1211.5,nan,1213.0,28634,2084180910.0,20824,1216.5,51,1216.0,25,nan,0,nan,0,nan,0,nan,0,nan,0,nan,0,nan,0,nan,0
1597988447139910912,1597988447724999936,2020-08-21 13:40:47.725000,1216.0,1218.0,1205.5,1211.5,nan,1213.0,28637,2084399790.0,20822,1216.5,51,1215.5,48,nan,0,nan,0,nan,0,nan,0,nan,0,nan,0,nan,0,nan,0
1597988447628687104,1597988448232000000,2020-08-21 13:40:48.232000,1216.5,1218.0,1205.5,1211.5,nan,1213.0,28638,2084472780.0,20823,1216.5,50,1215.5,48,nan,0,nan,0,nan,0,nan,0,nan,0,nan,0,nan,0,nan,0
1597988455636888064,1597988456161999872,2020-08-21 13:40:56.162000,1216.5,1218.0,1205.5,1211.5,nan,1213.0,28638,2084472780.0,20823,1216.5,50,1215.5,53,nan,0,nan,0,nan,0,nan,0,nan,0,nan,0,nan,0,nan,0
1597988462643618048,1597988463212000000,2020-08-21 13:41:03.212000,1216.5,1218.0,1205.5,1211.5,nan,1213.0,28638,2084472780.0,20823,1216.5,50,1215.5,52,nan,0,nan,0,nan,0,nan,0,nan,0,nan,0,nan,0,nan,0
1597988463155073024,1597988463732999936,2020-08-21 13:41:03.733000,1216.5,1218.0,1205.5,1211.5,nan,1213.0,28639,2084545770.0,20824,1216.5,49,1215.5,52,nan,0,nan,0,nan,0,nan,0,nan,0,nan,0,nan,0,nan,0
1597988464157001984,1597988464740000000,2020-08-21 13:41:04.740000,1216.5,1218.0,1205.5,1211.5,nan,1213.0,28639,2084545770.0,20824,1216.5,49,1215.5,51,nan,0,nan,0,nan,0,nan,0,nan,0,nan,0,nan,0,nan,0
1597988466150112000,1597988466694000128,2020-08-21 13:41:06.694000,1216.5,1218.0,1205.5,1211.5,nan,1213.0,28639,2084545770.0,20824,1216.0,8,1215.5,51,nan,0,nan,0,nan,0,nan,0,nan,0,nan,0,nan,0,nan,0
1597988466633158912,1597988467242000128,2020-08-21 13:41:07.242000,1216.0,1218.0,1205.5,1211.5,nan,1213.0,28647,2085129450.0,20824,1216.5,49,1215.5,51,nan,0,nan,0,nan,0,nan,0,nan,0,nan,0,nan,0,nan,0
1597988467142682112,1597988467708000000,2020-08-21 13:41:07.708000,1216.0,1218.0,1205.5,1211.5,nan,1213.0,28647,2085129450.0,20824,1216.5,50,1215.5,51,nan,0,nan,0,nan,0,nan,0,nan,0,nan,0,nan,0,nan,0
1597988468638023936,1597988469217999872,2020-08-21 13:41:09.218000,1216.0,1218.0,1205.5,1211.5,nan,1213.0,28647,2085129450.0,20824,1216.5,50,1215.5,50,nan,0,nan,0,nan,0,nan,0,nan,0,nan,0,nan,0,nan,0
1597988473134456064,1597988473673000192,2020-08-21 13:41:13.673000,1216.0,1218.0,1205.5,1211.5,nan,1213.0,28647,2085129450.0,20824,1216.5,50,1215.5,51,nan,0,nan,0,nan,0,nan,0,nan,0,nan,0,nan,0,nan,0
1597988473633146112,1597988474236000000,2020-08-21 13:41:14.236000,1216.5,1218.0,1205.5,1211.5,nan,1213.0,28648,2085202440.0,20825,1216.5,49,1215.5,50,nan,0,nan,0,nan,0,nan,0,nan,0,nan,0,nan,0,nan,0
1597988475160376064,1597988475724999936,2020-08-21 13:41:15.725000,1216.5,1218.0,1205.5,1211.5,nan,1213.0,28648,2085202440.0,20825,1216.5,49,1215.5,49,nan,0,nan,0,nan,0,nan,0,nan,0,nan,0,nan,0,nan,0
1597988480642396928,1597988481242000128,2020-08-21 13:41:21.242000,1216.5,1218.0,1205.5,1211.5,nan,1213.0,28648,2085202440.0,20825,1216.0,50,1215.5,47,nan,0,nan,0,nan,0,nan,0,nan,0,nan,0,nan,0,nan,0
1597988481188707072,1597988481730000128,2020-08-21 13:41:21.730000,1216.5,1218.0,1205.5,1211.5,nan,1213.0,28648,2085202440.0,20825,1216.0,50,1215.5,46,nan,0,nan,0,nan,0,nan,0,nan,0,nan,0,nan,0,nan,0
1597988481647585024,1597988482243000064,2020-08-21 13:41:22.243000,1216.5,1218.0,1205.5,1211.5,nan,1213.0,28648,2085202440.0,20825,1216.0,50,1215.5,45,nan,0,nan,0,nan,0,nan,0,nan,0,nan,0,nan,0,nan,0
1597988484634437120,1597988485216999936,2020-08-21 13:41:25.217000,1216.5,1218.0,1205.5,1211.5,nan,1213.0,28648,2085202440.0,20825,1216.0,50,1215.5,46,nan,0,nan,0,nan,0,nan,0,nan,0,nan,0,nan,0,nan,0
1597988485135958016,1597988485655000064,2020-08-21 13:41:25.655000,1216.5,1218.0,1205.5,1211.5,nan,1213.0,28648,2085202440.0,20825,1216.0,50,1215.5,45,nan,0,nan,0,nan,0,nan,0,nan,0,nan,0,nan,0,nan,0
1597988485656689920,1597988486210000128,2020-08-21 13:41:26.210000,1215.5,1218.0,1205.5,1211.5,nan,1213.0,28693,2088484290.0,20793,1215.5,5,1215.0,61,nan,0,nan,0,nan,0,nan,0,nan,0,nan,0,nan,0,nan,0
1597988486152199936,1597988486723000064,2020-08-21 13:41:26.723000,1215.5,1218.0,1205.5,1211.5,nan,1213.0,28698,2088848940.0,20793,1215.5,13,1215.0,61,nan,0,nan,0,nan,0,nan,0,nan,0,nan,0,nan,0,nan,0
1597988486639052032,1597988487246000128,2020-08-21 13:41:27.246000,1215.5,1218.0,1205.5,1211.5,nan,1213.0,28701,2089067730.0,20793,1215.5,10,1215.0,61,nan,0,nan,0,nan,0,nan,0,nan,0,nan,0,nan,0,nan,0
1597988487132759040,1597988487737999872,2020-08-21 13:41:27.738000,1215.5,1218.0,1205.5,1211.5,nan,1213.0,28701,2089067730.0,20793,1215.5,13,1215.0,41,nan,0,nan,0,nan,0,nan,0,nan,0,nan,0,nan,0,nan,0
1597988487643348992,1597988488209000192,2020-08-21 13:41:28.209000,1215.5,1218.0,1205.5,1211.5,nan,1213.0,28706,2089432380.0,20794,1215.5,14,1215.0,36,nan,0,nan,0,nan,0,nan,0,nan,0,nan,0,nan,0,nan,0
1597988490151362048,1597988490744000000,2020-08-21 13:41:30.744000,1215.5,1218.0,1205.5,1211.5,nan,1213.0,28707,2089505310.0,20794,1215.5,13,1215.0,36,nan,0,nan,0,nan,0,nan,0,nan,0,nan,0,nan,0,nan,0
1597988491134571008,1597988491656000000,2020-08-21 13:41:31.656000,1215.5,1218.0,1205.5,1211.5,nan,1213.0,28707,2089505310.0,20794,1215.5,14,1215.0,36,nan,0,nan,0,nan,0,nan,0,nan,0,nan,0,nan,0,nan,0
1597988492658459904,1597988493237999872,2020-08-21 13:41:33.238000,1215.5,1218.0,1205.5,1211.5,nan,1213.0,28707,2089505310.0,20794,1215.5,15,1215.0,36,nan,0,nan,0,nan,0,nan,0,nan,0,nan,0,nan,0,nan,0
1597988495176546048,1597988495743000064,2020-08-21 13:41:35.743000,1215.5,1218.0,1205.5,1211.5,nan,1213.0,28708,2089578240.0,20794,1215.5,14,1215.0,36,nan,0,nan,0,nan,0,nan,0,nan,0,nan,0,nan,0,nan,0
1597988495639133952,1597988496240000000,2020-08-21 13:41:36.240000,1215.5,1218.0,1205.5,1211.5,nan,1213.0,28708,2089578240.0,20794,1215.5,15,1215.0,36,nan,0,nan,0,nan,0,nan,0,nan,0,nan,0,nan,0,nan,0
1597988496145101056,1597988496709000192,2020-08-21 13:41:36.709000,1215.5,1218.0,1205.5,1211.5,nan,1213.0,28708,2089578240.0,20794,1215.5,15,1215.0,42,nan,0,nan,0,nan,0,nan,0,nan,0,nan,0,nan,0,nan,0
1597988500631599104,1597988501243000064,2020-08-21 13:41:41.243000,1215.0,1218.0,1205.5,1211.5,nan,1213.0,28710,2089724040.0,20794,1215.5,15,1215.0,41,nan,0,nan,0,nan,0,nan,0,nan,0,nan,0,nan,0,nan,0
1597988512142025984,1597988512736999936,2020-08-21 13:41:52.737000,1215.0,1218.0,1205.5,1211.5,nan,1213.0,28710,2089724040.0,20794,1215.5,25,1215.0,41,nan,0,nan,0,nan,0,nan,0,nan,0,nan,0,nan,0,nan,0
1597988512636067072,1597988513210000128,2020-08-21 13:41:53.210000,1215.0,1218.0,1205.5,1211.5,nan,1213.0,28711,2089796940.0,20794,1215.5,25,1215.0,40,nan,0,nan,0,nan,0,nan,0,nan,0,nan,0,nan,0,nan,0
1597988514145676032,1597988514713999872,2020-08-21 13:41:54.714000,1215.0,1218.0,1205.5,1211.5,nan,1213.0,28711,2089796940.0,20794,1215.5,25,1215.0,35,nan,0,nan,0,nan,0,nan,0,nan,0,nan,0,nan,0,nan,0
1597988514630307072,1597988515226000128,2020-08-21 13:41:55.226000,1215.0,1218.0,1205.5,1211.5,nan,1213.0,28712,2089869840.0,20795,1215.5,25,1215.0,34,nan,0,nan,0,nan,0,nan,0,nan,0,nan,0,nan,0,nan,0
1597988515637871104,1597988516210000128,2020-08-21 13:41:56.210000,1215.0,1218.0,1205.5,1211.5,nan,1213.0,28713,2089942740.0,20794,1215.5,24,1215.0,33,nan,0,nan,0,nan,0,nan,0,nan,0,nan,0,nan,0,nan,0
1597988516631745024,1597988517155000064,2020-08-21 13:41:57.155000,1215.5,1218.0,1205.5,1211.5,nan,1213.0,28714,2090015670.0,20795,1215.5,23,1215.0,33,nan,0,nan,0,nan,0,nan,0,nan,0,nan,0,nan,0,nan,0
1597988518730098944,1597988519193000192,2020-08-21 13:41:59.193000,1215.5,1218.0,1205.5,1211.5,nan,1213.0,28714,2090015670.0,20795,1215.5,23,1215.0,38,nan,0,nan,0,nan,0,nan,0,nan,0,nan,0,nan,0,nan,0
1597988519156229120,1597988519712999936,2020-08-21 13:41:59.713000,1215.5,1218.0,1205.5,1211.5,nan,1213.0,28714,2090015670.0,20795,1215.5,23,1215.0,37,nan,0,nan,0,nan,0,nan,0,nan,0,nan,0,nan,0,nan,0
1597988521645040896,1597988522219000064,2020-08-21 13:42:02.219000,1215.5,1218.0,1205.5,1211.5,nan,1213.0,28714,2090015670.0,20795,1215.5,23,1215.0,38,nan,0,nan,0,nan,0,nan,0,nan,0,nan,0,nan,0,nan,0
1597988526632064000,1597988527200999936,2020-08-21 13:42:07.201000,1215.5,1218.0,1205.5,1211.5,nan,1213.0,28714,2090015670.0,20795,1215.5,23,1215.0,33,nan,0,nan,0,nan,0,nan,0,nan,0,nan,0,nan,0,nan,0
1597988527134797056,1597988527743000064,2020-08-21 13:42:07.743000,1215.5,1218.0,1205.5,1211.5,nan,1213.0,28714,2090015670.0,20795,1215.5,23,1215.0,34,nan,0,nan,0,nan,0,nan,0,nan,0,nan,0,nan,0,nan,0
1597988528160087040,1597988528720000000,2020-08-21 13:42:08.720000,1215.5,1218.0,1205.5,1211.5,nan,1213.0,28714,2090015670.0,20795,1215.5,24,1215.0,34,nan,0,nan,0,nan,0,nan,0,nan,0,nan,0,nan,0,nan,0
1597988532626865920,1597988533227000064,2020-08-21 13:42:13.227000,1215.5,1218.0,1205.5,1211.5,nan,1213.0,28714,2090015670.0,20795,1215.5,25,1215.0,34,nan,0,nan,0,nan,0,nan,0,nan,0,nan,0,nan,0,nan,0
1597988549173250048,1597988549736999936,2020-08-21 13:42:29.737000,1215.5,1218.0,1205.5,1211.5,nan,1213.0,28714,2090015670.0,20795,1215.5,25,1215.0,39,nan,0,nan,0,nan,0,nan,0,nan,0,nan,0,nan,0,nan,0
1597988551144695040,1597988551732999936,2020-08-21 13:42:31.733000,1215.5,1218.0,1205.5,1211.5,nan,1213.0,28714,2090015670.0,20795,1215.5,25,1215.0,40,nan,0,nan,0,nan,0,nan,0,nan,0,nan,0,nan,0,nan,0
1597988551640745984,1597988552220000000,2020-08-21 13:42:32.220000,1215.5,1218.0,1205.5,1211.5,nan,1213.0,28714,2090015670.0,20795,1215.5,25,1215.0,42,nan,0,nan,0,nan,0,nan,0,nan,0,nan,0,nan,0,nan,0
1597988552157330944,1597988552744000000,2020-08-21 13:42:32.744000,1215.5,1218.0,1205.5,1211.5,nan,1213.0,28714,2090015670.0,20795,1215.5,26,1215.0,42,nan,0,nan,0,nan,0,nan,0,nan,0,nan,0,nan,0,nan,0
1597988557176976896,1597988557736999936,2020-08-21 13:42:37.737000,1215.5,1218.0,1205.5,1211.5,nan,1213.0,28714,2090015670.0,20795,1215.5,26,1215.0,37,nan,0,nan,0,nan,0,nan,0,nan,0,nan,0,nan,0,nan,0
1597988557680282880,1597988558219000064,2020-08-21 13:42:38.219000,1215.0,1218.0,1205.5,1211.5,nan,1213.0,28749,2092567170.0,20778,1215.0,18,1214.5,24,nan,0,nan,0,nan,0,nan,0,nan,0,nan,0,nan,0,nan,0
1597988558188410880,1597988558728000000,2020-08-21 13:42:38.728000,1215.0,1218.0,1205.5,1211.5,nan,1213.0,28749,2092567170.0,20778,1215.0,22,1214.5,3,nan,0,nan,0,nan,0,nan,0,nan,0,nan,0,nan,0,nan,0
1597988558675486976,1597988559240000000,2020-08-21 13:42:39.240000,1214.5,1218.0,1205.5,1211.5,nan,1213.0,28752,2092785780.0,20778,1215.0,22,1214.0,30,nan,0,nan,0,nan,0,nan,0,nan,0,nan,0,nan,0,nan,0
1597988561156129024,1597988561694999808,2020-08-21 13:42:41.695000,1214.5,1218.0,1205.5,1211.5,nan,1213.0,28752,2092785780.0,20778,1215.0,22,1214.0,37,nan,0,nan,0,nan,0,nan,0,nan,0,nan,0,nan,0,nan,0
1597988561652455936,1597988562216999936,2020-08-21 13:42:42.217000,1214.5,1218.0,1205.5,1211.5,nan,1213.0,28752,2092785780.0,20778,1215.0,22,1214.5,6,nan,0,nan,0,nan,0,nan,0,nan,0,nan,0,nan,0,nan,0
1597988562169559040,1597988562726000128,2020-08-21 13:42:42.726000,1214.5,1218.0,1205.5,1211.5,nan,1213.0,28752,2092785780.0,20778,1215.0,22,1214.5,11,nan,0,nan,0,nan,0,nan,0,nan,0,nan,0,nan,0,nan,0
1597988565178793984,1597988565634000128,2020-08-21 13:42:45.634000,1214.5,1218.0,1205.5,1211.5,nan,1213.0,28752,2092785780.0,20778,1215.0,32,1214.5,11,nan,0,nan,0,nan,0,nan,0,nan,0,nan,0,nan,0,nan,0
1597988565632835072,1597988566239000064,2020-08-21 13:42:46.239000,1214.5,1218.0,1205.5,1211.5,nan,1213.0,28754,2092931520.0,20778,1215.0,33,1214.5,9,nan,0,nan,0,nan,0,nan,0,nan,0,nan,0,nan,0,nan,0
1597988566136979968,1597988566732000000,2020-08-21 13:42:46.732000,1214.5,1218.0,1205.5,1211.5,nan,1213.0,28763,2093587350.0,20778,1215.0,33,1214.0,38,nan,0,nan,0,nan,0,nan,0,nan,0,nan,0,nan,0,nan,0
1597988570160796928,1597988570740999936,2020-08-21 13:42:50.741000,1214.0,1218.0,1205.5,1211.5,nan,1213.0,28768,2093951550.0,20773,1215.0,33,1214.0,34,nan,0,nan,0,nan,0,nan,0,nan,0,nan,0,nan,0,nan,0
1597988570634605056,1597988571240000000,2020-08-21 13:42:51.240000,1214.0,1218.0,1205.5,1211.5,nan,1213.0,28768,2093951550.0,20773,1214.5,15,1214.0,33,nan,0,nan,0,nan,0,nan,0,nan,0,nan,0,nan,0,nan,0
1597988571157792000,1597988571743000064,2020-08-21 13:42:51.743000,1214.5,1218.0,1205.5,1211.5,nan,1213.0,28769,2094024420.0,20774,1214.5,14,1214.0,32,nan,0,nan,0,nan,0,nan,0,nan,0,nan,0,nan,0,nan,0
1597988572134059008,1597988572732999936,2020-08-21 13:42:52.733000,1214.0,1218.0,1205.5,1211.5,nan,1213.0,28770,2094097260.0,20773,1214.5,14,1214.0,31,nan,0,nan,0,nan,0,nan,0,nan,0,nan,0,nan,0,nan,0
1597988572642449920,1597988573131000064,2020-08-21 13:42:53.131000,1214.0,1218.0,1205.5,1211.5,nan,1213.0,28770,2094097260.0,20773,1214.5,14,1214.0,30,nan,0,nan,0,nan,0,nan,0,nan,0,nan,0,nan,0,nan,0
1597988575130062080,1597988575740999936,2020-08-21 13:42:55.741000,1214.0,1218.0,1205.5,1211.5,nan,1213.0,28800,2096282460.0,20766,1214.0,22,1213.5,28,nan,0,nan,0,nan,0,nan,0,nan,0,nan,0,nan,0,nan,0
1597988575638443008,1597988576246000128,2020-08-21 13:42:56.246000,1214.0,1218.0,1205.5,1211.5,nan,1213.0,28800,2096282460.0,20766,1214.0,23,1213.5,28,nan,0,nan,0,nan,0,nan,0,nan,0,nan,0,nan,0,nan,0
1597988576160380928,1597988576691000064,2020-08-21 13:42:56.691000,1214.0,1218.0,1205.5,1211.5,nan,1213.0,28800,2096282460.0,20766,1214.0,26,1213.5,28,nan,0,nan,0,nan,0,nan,0,nan,0,nan,0,nan,0,nan,0
1597988576644776960,1597988577236999936,2020-08-21 13:42:57.237000,1213.5,1218.0,1205.5,1211.5,nan,1213.0,28810,2097010560.0,20766,1214.0,26,1213.5,18,nan,0,nan,0,nan,0,nan,0,nan,0,nan,0,nan,0,nan,0
1597988577154992128,1597988577732999936,2020-08-21 13:42:57.733000,1213.5,1218.0,1205.5,1211.5,nan,1213.0,28827,2098248330.0,20778,1213.5,24,1213.0,9,nan,0,nan,0,nan,0,nan,0,nan,0,nan,0,nan,0,nan,0
1597988577638967040,1597988578246000128,2020-08-21 13:42:58.246000,1213.5,1218.0,1205.5,1211.5,nan,1213.0,28827,2098248330.0,20778,1213.5,25,1213.0,9,nan,0,nan,0,nan,0,nan,0,nan,0,nan,0,nan,0,nan,0
1597988578636506880,1597988579223000064,2020-08-21 13:42:59.223000,1213.5,1218.0,1205.5,1211.5,nan,1213.0,28827,2098248330.0,20778,1213.5,26,1213.0,9,nan,0,nan,0,nan,0,nan,0,nan,0,nan,0,nan,0,nan,0
1597988582170435072,1597988582740999936,2020-08-21 13:43:02.741000,1213.5,1218.0,1205.5,1211.5,nan,1213.0,28827,2098248330.0,20778,1213.5,26,1213.0,27,nan,0,nan,0,nan,0,nan,0,nan,0,nan,0,nan,0,nan,0
1597988582654733056,1597988583239000064,2020-08-21 13:43:03.239000,1213.5,1218.0,1205.5,1211.5,nan,1213.0,28842,2099340480.0,20772,1214.0,31,1213.5,33,nan,0,nan,0,nan,0,nan,0,nan,0,nan,0,nan,0,nan,0
1597988583176507904,1597988583737999872,2020-08-21 13:43:03.738000,1213.5,1218.0,1205.5,1211.5,nan,1213.0,28842,2099340480.0,20772,1214.0,23,1213.5,17,nan,0,nan,0,nan,0,nan,0,nan,0,nan,0,nan,0,nan,0
1597988583634235904,1597988584184000000,2020-08-21 13:43:04.184000,1213.5,1218.0,1205.5,1211.5,nan,1213.0,28842,2099340480.0,20772,1214.0,23,1213.5,20,nan,0,nan,0,nan,0,nan,0,nan,0,nan,0,nan,0,nan,0
1597988587673576960,1597988588224999936,2020-08-21 13:43:08.225000,1214.0,1218.0,1205.5,1211.5,nan,1213.0,28853,2100141720.0,20772,1214.0,13,1213.5,20,nan,0,nan,0,nan,0,nan,0,nan,0,nan,0,nan,0,nan,0
1597988588163177984,1597988588720000000,2020-08-21 13:43:08.720000,1214.0,1218.0,1205.5,1211.5,nan,1213.0,28866,2101088640.0,20776,1214.5,20,1213.5,20,nan,0,nan,0,nan,0,nan,0,nan,0,nan,0,nan,0,nan,0
1597988596642608128,1597988597232000000,2020-08-21 13:43:17.232000,1214.0,1218.0,1205.5,1211.5,nan,1213.0,28866,2101088640.0,20776,1214.5,20,1213.5,25,nan,0,nan,0,nan,0,nan,0,nan,0,nan,0,nan,0,nan,0
1597988601146788096,1597988601744000000,2020-08-21 13:43:21.744000,1214.0,1218.0,1205.5,1211.5,nan,1213.0,28866,2101088640.0,20776,1214.5,20,1213.5,26,nan,0,nan,0,nan,0,nan,0,nan,0,nan,0,nan,0,nan,0
1597988605138296064,1597988605732999936,2020-08-21 13:43:25.733000,1214.0,1218.0,1205.5,1211.5,nan,1213.0,28866,2101088640.0,20776,1214.5,20,1213.5,25,nan,0,nan,0,nan,0,nan,0,nan,0,nan,0,nan,0,nan,0
1597988605635262976,1597988606246000128,2020-08-21 13:43:26.246000,1214.0,1218.0,1205.5,1211.5,nan,1213.0,28866,2101088640.0,20776,1214.5,20,1214.0,3,nan,0,nan,0,nan,0,nan,0,nan,0,nan,0,nan,0,nan,0
1597988608125934080,1597988608728000000,2020-08-21 13:43:28.728000,1214.0,1218.0,1205.5,1211.5,nan,1213.0,28866,2101088640.0,20776,1214.5,20,1214.0,4,nan,0,nan,0,nan,0,nan,0,nan,0,nan,0,nan,0,nan,0
1597988608638362880,1597988609236000000,2020-08-21 13:43:29.236000,1214.0,1218.0,1205.5,1211.5,nan,1213.0,28866,2101088640.0,20776,1214.5,20,1214.0,15,nan,0,nan,0,nan,0,nan,0,nan,0,nan,0,nan,0,nan,0
1597988609155047936,1597988609731000064,2020-08-21 13:43:29.731000,1214.0,1218.0,1205.5,1211.5,nan,1213.0,28881,2102181240.0,20768,1214.0,19,1213.5,24,nan,0,nan,0,nan,0,nan,0,nan,0,nan,0,nan,0,nan,0
1597988609648539904,1597988610228000000,2020-08-21 13:43:30.228000,1214.0,1218.0,1205.5,1211.5,nan,1213.0,28884,2102399760.0,20768,1214.0,18,1213.5,25,nan,0,nan,0,nan,0,nan,0,nan,0,nan,0,nan,0,nan,0
1597988616192399872,1597988616700000000,2020-08-21 13:43:36.700000,1214.0,1218.0,1205.5,1211.5,nan,1213.0,28884,2102399760.0,20768,1214.0,17,1213.5,25,nan,0,nan,0,nan,0,nan,0,nan,0,nan,0,nan,0,nan,0
1597988616650714112,1597988617236999936,2020-08-21 13:43:37.237000,1214.0,1218.0,1205.5,1211.5,nan,1213.0,28884,2102399760.0,20768,1214.0,16,1213.5,25,nan,0,nan,0,nan,0,nan,0,nan,0,nan,0,nan,0,nan,0
1597988619660431872,1597988620223000064,2020-08-21 13:43:40.223000,1214.0,1218.0,1205.5,1211.5,nan,1213.0,28884,2102399760.0,20768,1214.0,16,1213.5,30,nan,0,nan,0,nan,0,nan,0,nan,0,nan,0,nan,0,nan,0
1597988621174430976,1597988621734999808,2020-08-21 13:43:41.735000,1214.0,1218.0,1205.5,1211.5,nan,1213.0,28885,2102472600.0,20767,1214.0,15,1213.5,31,nan,0,nan,0,nan,0,nan,0,nan,0,nan,0,nan,0,nan,0
1597988621632699904,1597988622228000000,2020-08-21 13:43:42.228000,1214.0,1218.0,1205.5,1211.5,nan,1213.0,28900,2103565200.0,20767,1214.5,20,1213.5,31,nan,0,nan,0,nan,0,nan,0,nan,0,nan,0,nan,0,nan,0
1597988622633320960,1597988623226000128,2020-08-21 13:43:43.226000,1214.5,1218.0,1205.5,1211.5,nan,1213.0,28901,2103638070.0,20767,1214.5,19,1213.5,31,nan,0,nan,0,nan,0,nan,0,nan,0,nan,0,nan,0,nan,0
1597988623645775872,1597988624236000000,2020-08-21 13:43:44.236000,1214.5,1218.0,1205.5,1211.5,nan,1213.0,28902,2103710940.0,20767,1214.5,18,1213.5,31,nan,0,nan,0,nan,0,nan,0,nan,0,nan,0,nan,0,nan,0
1597988624653606912,1597988625236999936,2020-08-21 13:43:45.237000,1213.5,1218.0,1205.5,1211.5,nan,1213.0,28903,2103783750.0,20768,1214.5,18,1213.5,31,nan,0,nan,0,nan,0,nan,0,nan,0,nan,0,nan,0,nan,0
1597988634160269056,1597988634729000192,2020-08-21 13:43:54.729000,1213.5,1218.0,1205.5,1211.5,nan,1213.0,28904,2103856560.0,20769,1214.5,18,1213.5,30,nan,0,nan,0,nan,0,nan,0,nan,0,nan,0,nan,0,nan,0
1597988641134496000,1597988641740000000,2020-08-21 13:44:01.740000,1214.0,1218.0,1205.5,1211.5,nan,1213.0,28905,2103929400.0,20770,1214.5,18,1213.5,30,nan,0,nan,0,nan,0,nan,0,nan,0,nan,0,nan,0,nan,0
1597988641642118912,1597988642186000128,2020-08-21 13:44:02.186000,1214.0,1218.0,1205.5,1211.5,nan,1213.0,28905,2103929400.0,20770,1214.5,18,1213.5,32,nan,0,nan,0,nan,0,nan,0,nan,0,nan,0,nan,0,nan,0
1597988644641874944,1597988645231000064,2020-08-21 13:44:05.231000,1214.0,1218.0,1205.5,1211.5,nan,1213.0,28905,2103929400.0,20770,1214.5,18,1213.5,34,nan,0,nan,0,nan,0,nan,0,nan,0,nan,0,nan,0,nan,0
1597988645159063040,1597988645736999936,2020-08-21 13:44:05.737000,1214.0,1218.0,1205.5,1211.5,nan,1213.0,28905,2103929400.0,20770,1214.5,18,1213.5,35,nan,0,nan,0,nan,0,nan,0,nan,0,nan,0,nan,0,nan,0
1597988652631292928,1597988653226000128,2020-08-21 13:44:13.226000,1214.0,1218.0,1205.5,1211.5,nan,1213.0,28905,2103929400.0,20770,1214.0,1,1213.5,35,nan,0,nan,0,nan,0,nan,0,nan,0,nan,0,nan,0,nan,0
1597988653142491904,1597988653736999936,2020-08-21 13:44:13.737000,1214.0,1218.0,1205.5,1211.5,nan,1213.0,28906,2104002240.0,20771,1214.5,18,1213.5,35,nan,0,nan,0,nan,0,nan,0,nan,0,nan,0,nan,0,nan,0
1597988653629925120,1597988654227000064,2020-08-21 13:44:14.227000,1214.0,1218.0,1205.5,1211.5,nan,1213.0,28906,2104002240.0,20771,1214.5,18,1213.5,39,nan,0,nan,0,nan,0,nan,0,nan,0,nan,0,nan,0,nan,0
1597988654148343040,1597988654736000000,2020-08-21 13:44:14.736000,1213.5,1218.0,1205.5,1211.5,nan,1213.0,28911,2104366290.0,20776,1214.5,18,1213.5,35,nan,0,nan,0,nan,0,nan,0,nan,0,nan,0,nan,0,nan,0
1597988654630970880,1597988655224999936,2020-08-21 13:44:15.225000,1213.5,1218.0,1205.5,1211.5,nan,1213.0,28911,2104366290.0,20776,1214.5,18,1213.5,36,nan,0,nan,0,nan,0,nan,0,nan,0,nan,0,nan,0,nan,0
1597988655153837056,1597988655740999936,2020-08-21 13:44:15.741000,1213.5,1218.0,1205.5,1211.5,nan,1213.0,28911,2104366290.0,20776,1214.5,18,1213.5,39,nan,0,nan,0,nan,0,nan,0,nan,0,nan,0,nan,0,nan,0
1597988655626710016,1597988656239000064,2020-08-21 13:44:16.239000,1213.5,1218.0,1205.5,1211.5,nan,1213.0,28911,2104366290.0,20776,1214.5,18,1213.5,41,nan,0,nan,0,nan,0,nan,0,nan,0,nan,0,nan,0,nan,0
1597988660146447872,1597988660744999936,2020-08-21 13:44:20.745000,1213.5,1218.0,1205.5,1211.5,nan,1213.0,28911,2104366290.0,20776,1214.5,19,1213.5,41,nan,0,nan,0,nan,0,nan,0,nan,0,nan,0,nan,0,nan,0
1597988667157040896,1597988667720999936,2020-08-21 13:44:27.721000,1213.5,1218.0,1205.5,1211.5,nan,1213.0,28911,2104366290.0,20776,1214.5,19,1214.0,21,nan,0,nan,0,nan,0,nan,0,nan,0,nan,0,nan,0,nan,0
1597988668130061056,1597988668744000000,2020-08-21 13:44:28.744000,1213.5,1218.0,1205.5,1211.5,nan,1213.0,28911,2104366290.0,20776,1214.5,19,1214.0,25,nan,0,nan,0,nan,0,nan,0,nan,0,nan,0,nan,0,nan,0
1597988668632059904,1597988669232999936,2020-08-21 13:44:29.233000,1213.5,1218.0,1205.5,1211.5,nan,1213.0,28911,2104366290.0,20776,1214.5,11,1214.0,28,nan,0,nan,0,nan,0,nan,0,nan,0,nan,0,nan,0,nan,0
1597988671139582976,1597988671743000064,2020-08-21 13:44:31.743000,1213.5,1218.0,1205.5,1211.5,nan,1213.0,28911,2104366290.0,20776,1214.5,19,1214.0,6,nan,0,nan,0,nan,0,nan,0,nan,0,nan,0,nan,0,nan,0
1597988671631078912,1597988672200999936,2020-08-21 13:44:32.201000,1214.5,1218.0,1205.5,1211.5,nan,1213.0,28912,2104439160.0,20777,1214.5,18,1214.0,3,nan,0,nan,0,nan,0,nan,0,nan,0,nan,0,nan,0,nan,0
1597988673155563008,1597988673737999872,2020-08-21 13:44:33.738000,1214.5,1218.0,1205.5,1211.5,nan,1213.0,28912,2104439160.0,20777,1214.5,19,1214.0,3,nan,0,nan,0,nan,0,nan,0,nan,0,nan,0,nan,0,nan,0
1597988677140830976,1597988677744000000,2020-08-21 13:44:37.744000,1214.5,1218.0,1205.5,1211.5,nan,1213.0,28912,2104439160.0,20777,1214.5,19,1214.0,8,nan,0,nan,0,nan,0,nan,0,nan,0,nan,0,nan,0,nan,0
1597988680132299008,1597988680747000064,2020-08-21 13:44:40.747000,1214.5,1218.0,1205.5,1211.5,nan,1213.0,28912,2104439160.0,20777,1214.5,18,1214.0,8,nan,0,nan,0,nan,0,nan,0,nan,0,nan,0,nan,0,nan,0
1597988682176289024,1597988682739000064,2020-08-21 13:44:42.739000,1214.5,1218.0,1205.5,1211.5,nan,1213.0,28912,2104439160.0,20777,1214.5,18,1214.0,15,nan,0,nan,0,nan,0,nan,0,nan,0,nan,0,nan,0,nan,0
1597988687143443968,1597988687732999936,2020-08-21 13:44:47.733000,1214.0,1218.0,1205.5,1211.5,nan,1213.0,28913,2104512000.0,20776,1214.5,18,1214.0,14,nan,0,nan,0,nan,0,nan,0,nan,0,nan,0,nan,0,nan,0
1597988690632196096,1597988691239000064,2020-08-21 13:44:51.239000,1214.0,1218.0,1205.5,1211.5,nan,1213.0,28915,2104657680.0,20774,1214.5,18,1214.0,12,nan,0,nan,0,nan,0,nan,0,nan,0,nan,0,nan,0,nan,0
1597988691144687104,1597988691719000064,2020-08-21 13:44:51.719000,1214.0,1218.0,1205.5,1211.5,nan,1213.0,28915,2104657680.0,20774,1214.5,18,1214.0,11,nan,0,nan,0,nan,0,nan,0,nan,0,nan,0,nan,0,nan,0
1597988691636589056,1597988692227000064,2020-08-21 13:44:52.227000,1214.5,1218.0,1205.5,1211.5,nan,1213.0,28918,2104876260.0,20777,1214.5,22,1213.5,33,nan,0,nan,0,nan,0,nan,0,nan,0,nan,0,nan,0,nan,0
1597988695653778944,1597988696203000064,2020-08-21 13:44:56.203000,1214.0,1218.0,1205.5,1211.5,nan,1213.0,28919,2104949100.0,20778,1214.5,22,1213.5,34,nan,0,nan,0,nan,0,nan,0,nan,0,nan,0,nan,0,nan,0
1597988696175447040,1597988696728000000,2020-08-21 13:44:56.728000,1214.0,1218.0,1205.5,1211.5,nan,1213.0,28919,2104949100.0,20778,1214.5,22,1213.5,38,nan,0,nan,0,nan,0,nan,0,nan,0,nan,0,nan,0,nan,0
1597988699639761920,1597988700224999936,2020-08-21 13:45:00.225000,1214.5,1218.0,1205.5,1211.5,nan,1213.0,28920,2105021970.0,20778,1214.5,21,1213.5,38,nan,0,nan,0,nan,0,nan,0,nan,0,nan,0,nan,0,nan,0
1597988701682190080,1597988702227000064,2020-08-21 13:45:02.227000,1214.5,1218.0,1205.5,1211.5,nan,1213.0,28920,2105021970.0,20778,1214.5,21,1213.5,39,nan,0,nan,0,nan,0,nan,0,nan,0,nan,0,nan,0,nan,0
1597988702644587008,1597988703240999936,2020-08-21 13:45:03.241000,1214.5,1218.0,1205.5,1211.5,nan,1213.0,28920,2105021970.0,20778,1214.5,21,1213.5,40,nan,0,nan,0,nan,0,nan,0,nan,0,nan,0,nan,0,nan,0
1597988712632446976,1597988713154000128,2020-08-21 13:45:13.154000,1214.5,1218.0,1205.5,1211.5,nan,1213.0,28921,2105094840.0,20778,1214.5,20,1213.5,40,nan,0,nan,0,nan,0,nan,0,nan,0,nan,0,nan,0,nan,0
1597988714190359040,1597988714737999872,2020-08-21 13:45:14.738000,1214.5,1218.0,1205.5,1211.5,nan,1213.0,28921,2105094840.0,20778,1214.5,20,1213.5,35,nan,0,nan,0,nan,0,nan,0,nan,0,nan,0,nan,0,nan,0
1597988714634732032,1597988715236000000,2020-08-21 13:45:15.236000,1214.5,1218.0,1205.5,1211.5,nan,1213.0,28921,2105094840.0,20778,1214.5,20,1214.0,5,nan,0,nan,0,nan,0,nan,0,nan,0,nan,0,nan,0,nan,0
1597988715153506048,1597988715724000000,2020-08-21 13:45:15.724000,1214.5,1218.0,1205.5,1211.5,nan,1213.0,28921,2105094840.0,20778,1214.5,20,1214.0,6,nan,0,nan,0,nan,0,nan,0,nan,0,nan,0,nan,0,nan,0
1597988715635166976,1597988716244999936,2020-08-21 13:45:16.245000,1214.5,1218.0,1205.5,1211.5,nan,1213.0,28921,2105094840.0,20778,1214.5,20,1214.0,7,nan,0,nan,0,nan,0,nan,0,nan,0,nan,0,nan,0,nan,0
1597988721658308096,1597988722248000000,2020-08-21 13:45:22.248000,1214.5,1218.0,1205.5,1211.5,nan,1213.0,28922,2105167710.0,20777,1214.5,19,1214.0,7,nan,0,nan,0,nan,0,nan,0,nan,0,nan,0,nan,0,nan,0
1597988722160936960,1597988722737999872,2020-08-21 13:45:22.738000,1214.5,1218.0,1205.5,1211.5,nan,1213.0,28922,2105167710.0,20777,1214.5,19,1214.0,8,nan,0,nan,0,nan,0,nan,0,nan,0,nan,0,nan,0,nan,0
1597988722649067008,1597988723239000064,2020-08-21 13:45:23.239000,1214.5,1218.0,1205.5,1211.5,nan,1213.0,28924,2105313450.0,20777,1214.5,17,1214.0,15,nan,0,nan,0,nan,0,nan,0,nan,0,nan,0,nan,0,nan,0
1597988724147760896,1597988724739000064,2020-08-21 13:45:24.739000,1214.5,1218.0,1205.5,1211.5,nan,1213.0,28924,2105313450.0,20777,1214.5,16,1214.0,15,nan,0,nan,0,nan,0,nan,0,nan,0,nan,0,nan,0,nan,0
1597988724632765952,1597988725246000128,2020-08-21 13:45:25.246000,1214.5,1218.0,1205.5,1211.5,nan,1213.0,28924,2105313450.0,20777,1214.5,16,1214.0,17,nan,0,nan,0,nan,0,nan,0,nan,0,nan,0,nan,0,nan,0
1597988731133052928,1597988731733999872,2020-08-21 13:45:31.734000,1214.5,1218.0,1205.5,1211.5,nan,1213.0,28930,2105750670.0,20781,1214.5,10,1214.0,17,nan,0,nan,0,nan,0,nan,0,nan,0,nan,0,nan,0,nan,0
1597988731626738944,1597988732242000128,2020-08-21 13:45:32.242000,1214.5,1218.0,1205.5,1211.5,nan,1213.0,28937,2106260760.0,20787,1214.5,5,1214.0,23,nan,0,nan,0,nan,0,nan,0,nan,0,nan,0,nan,0,nan,0
1597988732171024896,1597988732746000128,2020-08-21 13:45:32.746000,1214.5,1218.0,1205.5,1211.5,nan,1213.0,28942,2106625110.0,20789,1215.0,37,1214.0,23,nan,0,nan,0,nan,0,nan,0,nan,0,nan,0,nan,0,nan,0
1597988736146899968,1597988736732000000,2020-08-21 13:45:36.732000,1215.0,1218.0,1205.5,1211.5,nan,1213.0,28943,2106698010.0,20788,1215.0,36,1214.0,23,nan,0,nan,0,nan,0,nan,0,nan,0,nan,0,nan,0,nan,0
1597988737639011072,1597988738197999872,2020-08-21 13:45:38.198000,1215.0,1218.0,1205.5,1211.5,nan,1213.0,28943,2106698010.0,20788,1215.0,36,1214.0,25,nan,0,nan,0,nan,0,nan,0,nan,0,nan,0,nan,0,nan,0
1597988738192133888,1597988738732999936,2020-08-21 13:45:38.733000,1215.0,1218.0,1205.5,1211.5,nan,1213.0,28943,2106698010.0,20788,1215.0,36,1214.0,26,nan,0,nan,0,nan,0,nan,0,nan,0,nan,0,nan,0,nan,0
1597988738638472960,1597988739247000064,2020-08-21 13:45:39.247000,1215.0,1218.0,1205.5,1211.5,nan,1213.0,28943,2106698010.0,20788,1215.0,48,1214.0,30,nan,0,nan,0,nan,0,nan,0,nan,0,nan,0,nan,0,nan,0
1597988753160384000,1597988753742000128,2020-08-21 13:45:53.742000,1215.0,1218.0,1205.5,1211.5,nan,1213.0,28943,2106698010.0,20788,1215.0,49,1214.0,27,nan,0,nan,0,nan,0,nan,0,nan,0,nan,0,nan,0,nan,0
1597988753641515008,1597988754152000000,2020-08-21 13:45:54.152000,1215.0,1218.0,1205.5,1211.5,nan,1213.0,28944,2106770910.0,20788,1215.0,48,1214.0,27,nan,0,nan,0,nan,0,nan,0,nan,0,nan,0,nan,0,nan,0
1597988759200553984,1597988759732000000,2020-08-21 13:45:59.732000,1215.0,1218.0,1205.5,1211.5,nan,1213.0,28944,2106770910.0,20788,1215.0,58,1214.0,27,nan,0,nan,0,nan,0,nan,0,nan,0,nan,0,nan,0,nan,0
1597988762634127872,1597988763230000128,2020-08-21 13:46:03.230000,1215.0,1218.0,1205.5,1211.5,nan,1213.0,28944,2106770910.0,20788,1215.0,58,1214.0,29,nan,0,nan,0,nan,0,nan,0,nan,0,nan,0,nan,0,nan,0
1597988763150458880,1597988763728000000,2020-08-21 13:46:03.728000,1215.0,1218.0,1205.5,1211.5,nan,1213.0,28944,2106770910.0,20788,1215.0,58,1214.0,30,nan,0,nan,0,nan,0,nan,0,nan,0,nan,0,nan,0,nan,0
1597988763632045056,1597988764234999808,2020-08-21 13:46:04.235000,1215.0,1218.0,1205.5,1211.5,nan,1213.0,28945,2106843810.0,20788,1215.0,57,1214.0,30,nan,0,nan,0,nan,0,nan,0,nan,0,nan,0,nan,0,nan,0
1597988773157516032,1597988773743000064,2020-08-21 13:46:13.743000,1215.0,1218.0,1205.5,1211.5,nan,1213.0,28945,2106843810.0,20788,1215.0,58,1214.0,30,nan,0,nan,0,nan,0,nan,0,nan,0,nan,0,nan,0,nan,0
1597988773641200128,1597988774236000000,2020-08-21 13:46:14.236000,1215.0,1218.0,1205.5,1211.5,nan,1213.0,28945,2106843810.0,20788,1215.0,59,1214.0,29,nan,0,nan,0,nan,0,nan,0,nan,0,nan,0,nan,0,nan,0
1597988774181174016,1597988774742000128,2020-08-21 13:46:14.742000,1215.0,1218.0,1205.5,1211.5,nan,1213.0,28946,2106916710.0,20788,1215.0,59,1214.0,30,nan,0,nan,0,nan,0,nan,0,nan,0,nan,0,nan,0,nan,0
1597988774643608064,1597988775232999936,2020-08-21 13:46:15.233000,1215.0,1218.0,1205.5,1211.5,nan,1213.0,28946,2106916710.0,20788,1215.0,80,1214.0,30,nan,0,nan,0,nan,0,nan,0,nan,0,nan,0,nan,0,nan,0
1597988775209522944,1597988775748000000,2020-08-21 13:46:15.748000,1215.0,1218.0,1205.5,1211.5,nan,1213.0,28946,2106916710.0,20788,1214.5,18,1214.0,22,nan,0,nan,0,nan,0,nan,0,nan,0,nan,0,nan,0,nan,0
1597988775676663040,1597988776247000064,2020-08-21 13:46:16.247000,1214.0,1218.0,1205.5,1211.5,nan,1213.0,28958,2107790790.0,20793,1214.5,27,1214.0,5,nan,0,nan,0,nan,0,nan,0,nan,0,nan,0,nan,0,nan,0
1597988776162767104,1597988776736000000,2020-08-21 13:46:16.736000,1214.0,1218.0,1205.5,1211.5,nan,1213.0,28963,2108154990.0,20792,1214.0,15,1213.5,29,nan,0,nan,0,nan,0,nan,0,nan,0,nan,0,nan,0,nan,0
1597988776643312128,1597988777243000064,2020-08-21 13:46:17.243000,1214.0,1218.0,1205.5,1211.5,nan,1213.0,28963,2108154990.0,20792,1214.0,28,1213.5,26,nan,0,nan,0,nan,0,nan,0,nan,0,nan,0,nan,0,nan,0
1597988777645541120,1597988778237999872,2020-08-21 13:46:18.238000,1214.0,1218.0,1205.5,1211.5,nan,1213.0,28964,2108227830.0,20792,1214.0,27,1213.5,26,nan,0,nan,0,nan,0,nan,0,nan,0,nan,0,nan,0,nan,0
1597988778151517952,1597988778734999808,2020-08-21 13:46:18.735000,1214.0,1218.0,1205.5,1211.5,nan,1213.0,28965,2108300670.0,20792,1214.0,26,1213.5,26,nan,0,nan,0,nan,0,nan,0,nan,0,nan,0,nan,0,nan,0
1597988781639152896,1597988782213999872,2020-08-21 13:46:22.214000,1213.5,1218.0,1205.5,1211.5,nan,1213.0,28967,2108446290.0,20792,1214.0,26,1213.5,24,nan,0,nan,0,nan,0,nan,0,nan,0,nan,0,nan,0,nan,0
1597988790652974080,1597988791211000064,2020-08-21 13:46:31.211000,1213.5,1218.0,1205.5,1211.5,nan,1213.0,28967,2108446290.0,20792,1214.0,26,1213.5,29,nan,0,nan,0,nan,0,nan,0,nan,0,nan,0,nan,0,nan,0
1597988791150878976,1597988791744000000,2020-08-21 13:46:31.744000,1214.0,1218.0,1205.5,1211.5,nan,1213.0,28968,2108519130.0,20792,1214.0,25,1213.5,32,nan,0,nan,0,nan,0,nan,0,nan,0,nan,0,nan,0,nan,0
1597988791651928064,1597988792231000064,2020-08-21 13:46:32.231000,1213.5,1218.0,1205.5,1211.5,nan,1213.0,28969,2108591940.0,20793,1214.0,25,1213.5,31,nan,0,nan,0,nan,0,nan,0,nan,0,nan,0,nan,0,nan,0
1597988792636966912,1597988793237999872,2020-08-21 13:46:33.238000,1213.5,1218.0,1205.5,1211.5,nan,1213.0,28969,2108591940.0,20793,1214.0,25,1213.5,26,nan,0,nan,0,nan,0,nan,0,nan,0,nan,0,nan,0,nan,0
1597988794137633024,1597988794739000064,2020-08-21 13:46:34.739000,1213.5,1218.0,1205.5,1211.5,nan,1213.0,28969,2108591940.0,20793,1214.0,25,1213.5,23,nan,0,nan,0,nan,0,nan,0,nan,0,nan,0,nan,0,nan,0
1597988794630173952,1597988795196000000,2020-08-21 13:46:35.196000,1213.5,1218.0,1205.5,1211.5,nan,1213.0,28969,2108591940.0,20793,1214.0,25,1213.5,28,nan,0,nan,0,nan,0,nan,0,nan,0,nan,0,nan,0,nan,0
1597988803646955008,1597988804246000128,2020-08-21 13:46:44.246000,1213.5,1218.0,1205.5,1211.5,nan,1213.0,28969,2108591940.0,20793,1214.0,31,1213.5,20,nan,0,nan,0,nan,0,nan,0,nan,0,nan,0,nan,0,nan,0
1597988804158419968,1597988804748000000,2020-08-21 13:46:44.748000,1214.0,1218.0,1205.5,1211.5,nan,1213.0,28970,2108664780.0,20793,1214.0,31,1213.5,20,nan,0,nan,0,nan,0,nan,0,nan,0,nan,0,nan,0,nan,0
1597988809137867008,1597988809740000000,2020-08-21 13:46:49.740000,1213.5,1218.0,1205.5,1211.5,nan,1213.0,28990,2110120980.0,20789,1213.5,1,1213.0,42,nan,0,nan,0,nan,0,nan,0,nan,0,nan,0,nan,0,nan,0
1597988809630576128,1597988810219000064,2020-08-21 13:46:50.219000,1213.5,1218.0,1205.5,1211.5,nan,1213.0,28991,2110193790.0,20790,1213.5,30,1213.0,43,nan,0,nan,0,nan,0,nan,0,nan,0,nan,0,nan,0,nan,0
1597988810156520960,1597988810744999936,2020-08-21 13:46:50.745000,1213.5,1218.0,1205.5,1211.5,nan,1213.0,28991,2110193790.0,20790,1213.5,30,1213.0,34,nan,0,nan,0,nan,0,nan,0,nan,0,nan,0,nan,0,nan,0
1597988810631030016,1597988811244999936,2020-08-21 13:46:51.245000,1213.5,1218.0,1205.5,1211.5,nan,1213.0,28991,2110193790.0,20790,1213.5,32,1213.0,34,nan,0,nan,0,nan,0,nan,0,nan,0,nan,0,nan,0,nan,0
1597988811640708096,1597988812234999808,2020-08-21 13:46:52.235000,1213.5,1218.0,1205.5,1211.5,nan,1213.0,28991,2110193790.0,20790,1213.5,32,1213.0,35,nan,0,nan,0,nan,0,nan,0,nan,0,nan,0,nan,0,nan,0
1597988812124486912,1597988812694000128,2020-08-21 13:46:52.694000,1213.5,1218.0,1205.5,1211.5,nan,1213.0,28991,2110193790.0,20790,1213.5,32,1213.0,34,nan,0,nan,0,nan,0,nan,0,nan,0,nan,0,nan,0,nan,0
1597988812642478080,1597988813203000064,2020-08-21 13:46:53.203000,1213.0,1218.0,1205.5,1211.5,nan,1213.0,28993,2110339350.0,20789,1213.5,32,1213.0,33,nan,0,nan,0,nan,0,nan,0,nan,0,nan,0,nan,0,nan,0
1597988813179337984,1597988813748000000,2020-08-21 13:46:53.748000,1213.0,1218.0,1205.5,1211.5,nan,1213.0,28995,2110484940.0,20789,1213.5,32,1213.0,29,nan,0,nan,0,nan,0,nan,0,nan,0,nan,0,nan,0,nan,0
1597988813638575104,1597988814229000192,2020-08-21 13:46:54.229000,1213.0,1218.0,1205.5,1211.5,nan,1213.0,28995,2110484940.0,20789,1213.5,32,1213.0,24,nan,0,nan,0,nan,0,nan,0,nan,0,nan,0,nan,0,nan,0
1597988814632396032,1597988815136000000,2020-08-21 13:46:55.136000,1213.0,1218.0,1205.5,1211.5,nan,1213.0,28996,2110557720.0,20789,1213.5,32,1213.0,23,nan,0,nan,0,nan,0,nan,0,nan,0,nan,0,nan,0,nan,0
1597988815131170048,1597988815749000192,2020-08-21 13:46:55.749000,1213.0,1218.0,1205.5,1211.5,nan,1213.0,29000,2110848840.0,20789,1213.5,32,1213.0,19,nan,0,nan,0,nan,0,nan,0,nan,0,nan,0,nan,0,nan,0
1597988816143759104,1597988816748000000,2020-08-21 13:46:56.748000,1213.0,1218.0,1205.5,1211.5,nan,1213.0,29000,2110848840.0,20789,1213.5,30,1213.0,19,nan,0,nan,0,nan,0,nan,0,nan,0,nan,0,nan,0,nan,0
1597988825640598016,1597988826242000128,2020-08-21 13:47:06.242000,1213.0,1218.0,1205.5,1211.5,nan,1213.0,29001,2110921620.0,20789,1213.5,30,1213.0,18,nan,0,nan,0,nan,0,nan,0,nan,0,nan,0,nan,0,nan,0
1597988826160822016,1597988826736999936,2020-08-21 13:47:06.737000,1213.0,1218.0,1205.5,1211.5,nan,1213.0,29001,2110921620.0,20789,1213.5,30,1213.0,20,nan,0,nan,0,nan,0,nan,0,nan,0,nan,0,nan,0,nan,0
1597988830637506048,1597988831242000128,2020-08-21 13:47:11.242000,1213.0,1218.0,1205.5,1211.5,nan,1213.0,29001,2110921620.0,20789,1213.5,30,1213.0,21,nan,0,nan,0,nan,0,nan,0,nan,0,nan,0,nan,0,nan,0
1597988833649059072,1597988834234999808,2020-08-21 13:47:14.235000,1213.0,1218.0,1205.5,1211.5,nan,1213.0,29003,2111067180.0,20790,1213.5,30,1213.0,19,nan,0,nan,0,nan,0,nan,0,nan,0,nan,0,nan,0,nan,0
1597988840158482944,1597988840747000064,2020-08-21 13:47:20.747000,1213.0,1218.0,1205.5,1211.5,nan,1213.0,29003,2111067180.0,20790,1213.5,33,1213.0,19,nan,0,nan,0,nan,0,nan,0,nan,0,nan,0,nan,0,nan,0
1597988842632677888,1597988843231000064,2020-08-21 13:47:23.231000,1213.5,1218.0,1205.5,1211.5,nan,1213.0,29004,2111139990.0,20789,1213.5,32,1213.0,19,nan,0,nan,0,nan,0,nan,0,nan,0,nan,0,nan,0,nan,0
1597988845638205952,1597988846181999872,2020-08-21 13:47:26.182000,1213.5,1218.0,1205.5,1211.5,nan,1213.0,29004,2111139990.0,20789,1213.5,33,1213.0,19,nan,0,nan,0,nan,0,nan,0,nan,0,nan,0,nan,0,nan,0
1597988847641305088,1597988848229000192,2020-08-21 13:47:28.229000,1213.5,1218.0,1205.5,1211.5,nan,1213.0,29004,2111139990.0,20789,1213.5,30,1213.0,19,nan,0,nan,0,nan,0,nan,0,nan,0,nan,0,nan,0,nan,0
1597988851647631872,1597988852148999936,2020-08-21 13:47:32.149000,1213.5,1218.0,1205.5,1211.5,nan,1213.0,29004,2111139990.0,20789,1213.5,30,1213.0,20,nan,0,nan,0,nan,0,nan,0,nan,0,nan,0,nan,0,nan,0
1597988852138056960,1597988852728000000,2020-08-21 13:47:32.728000,1213.5,1218.0,1205.5,1211.5,nan,1213.0,29004,2111139990.0,20789,1213.5,30,1213.0,22,nan,0,nan,0,nan,0,nan,0,nan,0,nan,0,nan,0,nan,0
1597988853147311104,1597988853701999872,2020-08-21 13:47:33.702000,1213.5,1218.0,1205.5,1211.5,nan,1213.0,29004,2111139990.0,20789,1213.5,31,1213.0,22,nan,0,nan,0,nan,0,nan,0,nan,0,nan,0,nan,0,nan,0
1597988863139674880,1597988863747000064,2020-08-21 13:47:43.747000,1213.5,1218.0,1205.5,1211.5,nan,1213.0,29006,2111285610.0,20787,1213.5,29,1213.0,23,nan,0,nan,0,nan,0,nan,0,nan,0,nan,0,nan,0,nan,0
1597988869136825088,1597988869664999936,2020-08-21 13:47:49.665000,1213.5,1218.0,1205.5,1211.5,nan,1213.0,29021,2112377760.0,20783,1213.5,14,1213.0,23,nan,0,nan,0,nan,0,nan,0,nan,0,nan,0,nan,0,nan,0
1597988869632151040,1597988870221999872,2020-08-21 13:47:50.222000,1213.5,1218.0,1205.5,1211.5,nan,1213.0,29035,2113397100.0,20773,1214.0,40,1213.0,40,nan,0,nan,0,nan,0,nan,0,nan,0,nan,0,nan,0,nan,0
1597988873176794112,1597988873740999936,2020-08-21 13:47:53.741000,1213.5,1218.0,1205.5,1211.5,nan,1213.0,29035,2113397100.0,20773,1214.0,40,1213.5,10,nan,0,nan,0,nan,0,nan,0,nan,0,nan,0,nan,0,nan,0
1597988873634016000,1597988874194000128,2020-08-21 13:47:54.194000,1213.5,1218.0,1205.5,1211.5,nan,1213.0,29035,2113397100.0,20773,1214.0,40,1213.5,14,nan,0,nan,0,nan,0,nan,0,nan,0,nan,0,nan,0,nan,0
1597988874162497024,1597988874732999936,2020-08-21 13:47:54.733000,1213.5,1218.0,1205.5,1211.5,nan,1213.0,29035,2113397100.0,20773,1214.0,40,1213.5,17,nan,0,nan,0,nan,0,nan,0,nan,0,nan,0,nan,0,nan,0
1597988876635730944,1597988877247000064,2020-08-21 13:47:57.247000,1213.5,1218.0,1205.5,1211.5,nan,1213.0,29035,2113397100.0,20773,1214.0,17,1213.5,20,nan,0,nan,0,nan,0,nan,0,nan,0,nan,0,nan,0,nan,0
1597988882295068928,1597988882727000064,2020-08-21 13:48:02.727000,1213.5,1218.0,1205.5,1211.5,nan,1213.0,29035,2113397100.0,20773,1214.0,17,1213.5,21,nan,0,nan,0,nan,0,nan,0,nan,0,nan,0,nan,0,nan,0
1597988893641435904,1597988894248000000,2020-08-21 13:48:14.248000,1213.5,1218.0,1205.5,1211.5,nan,1213.0,29036,2113469910.0,20773,1214.0,18,1213.5,20,nan,0,nan,0,nan,0,nan,0,nan,0,nan,0,nan,0,nan,0
1597988903631917056,1597988904240000000,2020-08-21 13:48:24.240000,1213.5,1218.0,1205.5,1211.5,nan,1213.0,29036,2113469910.0,20773,1214.0,17,1213.5,20,nan,0,nan,0,nan,0,nan,0,nan,0,nan,0,nan,0,nan,0
1597988906639431936,1597988907216999936,2020-08-21 13:48:27.217000,1214.0,1218.0,1205.5,1211.5,nan,1213.0,29047,2114271150.0,20766,1214.5,21,1213.5,26,nan,0,nan,0,nan,0,nan,0,nan,0,nan,0,nan,0,nan,0
1597988907691932928,1597988908249000192,2020-08-21 13:48:28.249000,1214.0,1218.0,1205.5,1211.5,nan,1213.0,29047,2114271150.0,20766,1214.5,21,1213.5,28,nan,0,nan,0,nan,0,nan,0,nan,0,nan,0,nan,0,nan,0
1597988908184549888,1597988908743000064,2020-08-21 13:48:28.743000,1214.0,1218.0,1205.5,1211.5,nan,1213.0,29047,2114271150.0,20766,1214.5,22,1214.0,14,nan,0,nan,0,nan,0,nan,0,nan,0,nan,0,nan,0,nan,0
1597988908673495040,1597988909249999872,2020-08-21 13:48:29.250000,1214.0,1218.0,1205.5,1211.5,nan,1213.0,29047,2114271150.0,20766,1214.5,17,1214.0,19,nan,0,nan,0,nan,0,nan,0,nan,0,nan,0,nan,0,nan,0
1597988909217584896,1597988909748000000,2020-08-21 13:48:29.748000,1214.0,1218.0,1205.5,1211.5,nan,1213.0,29047,2114271150.0,20766,1214.5,14,1214.0,23,nan,0,nan,0,nan,0,nan,0,nan,0,nan,0,nan,0,nan,0
1597988915155962112,1597988915744000000,2020-08-21 13:48:35.744000,1214.0,1218.0,1205.5,1211.5,nan,1213.0,29047,2114271150.0,20766,1214.5,8,1214.0,27,nan,0,nan,0,nan,0,nan,0,nan,0,nan,0,nan,0,nan,0
1597988915633807104,1597988916243000064,2020-08-21 13:48:36.243000,1214.0,1218.0,1205.5,1211.5,nan,1213.0,29060,2115218430.0,20767,1215.0,48,1214.0,26,nan,0,nan,0,nan,0,nan,0,nan,0,nan,0,nan,0,nan,0
1597988921665814016,1597988922231000064,2020-08-21 13:48:42.231000,1214.0,1218.0,1205.5,1211.5,nan,1213.0,29061,2115291270.0,20766,1215.0,48,1214.0,25,nan,0,nan,0,nan,0,nan,0,nan,0,nan,0,nan,0,nan,0
1597988922147238912,1597988922746000128,2020-08-21 13:48:42.746000,1214.0,1218.0,1205.5,1211.5,nan,1213.0,29061,2115291270.0,20766,1214.5,3,1214.0,25,nan,0,nan,0,nan,0,nan,0,nan,0,nan,0,nan,0,nan,0
1597988924271406080,1597988924740000000,2020-08-21 13:48:44.740000,1214.0,1218.0,1205.5,1211.5,nan,1213.0,29061,2115291270.0,20766,1215.0,48,1214.0,25,nan,0,nan,0,nan,0,nan,0,nan,0,nan,0,nan,0,nan,0
1597988924639910912,1597988925240999936,2020-08-21 13:48:45.241000,1215.0,1218.0,1205.5,1211.5,nan,1213.0,29062,2115364170.0,20766,1215.0,47,1214.0,25,nan,0,nan,0,nan,0,nan,0,nan,0,nan,0,nan,0,nan,0
1597988929169857024,1597988929712999936,2020-08-21 13:48:49.713000,1215.0,1218.0,1205.5,1211.5,nan,1213.0,29062,2115364170.0,20766,1215.0,45,1214.0,25,nan,0,nan,0,nan,0,nan,0,nan,0,nan,0,nan,0,nan,0
1597988929708374016,1597988930249999872,2020-08-21 13:48:50.250000,1215.0,1218.0,1205.5,1211.5,nan,1213.0,29062,2115364170.0,20766,1215.0,47,1214.0,31,nan,0,nan,0,nan,0,nan,0,nan,0,nan,0,nan,0,nan,0
1597988930136934912,1597988930744000000,2020-08-21 13:48:50.744000,1215.0,1218.0,1205.5,1211.5,nan,1213.0,29062,2115364170.0,20766,1215.0,45,1214.0,31,nan,0,nan,0,nan,0,nan,0,nan,0,nan,0,nan,0,nan,0
1597988930631321088,1597988931204000000,2020-08-21 13:48:51.204000,1215.0,1218.0,1205.5,1211.5,nan,1213.0,29062,2115364170.0,20766,1215.0,48,1214.0,31,nan,0,nan,0,nan,0,nan,0,nan,0,nan,0,nan,0,nan,0
1597988931186158080,1597988931733999872,2020-08-21 13:48:51.734000,1215.0,1218.0,1205.5,1211.5,nan,1213.0,29062,2115364170.0,20766,1215.0,48,1214.0,32,nan,0,nan,0,nan,0,nan,0,nan,0,nan,0,nan,0,nan,0
1597988932640933888,1597988933204999936,2020-08-21 13:48:53.205000,1214.0,1218.0,1205.5,1211.5,nan,1213.0,29063,2115437010.0,20765,1215.0,48,1214.0,32,nan,0,nan,0,nan,0,nan,0,nan,0,nan,0,nan,0,nan,0
1597988933136763904,1597988933730000128,2020-08-21 13:48:53.730000,1214.0,1218.0,1205.5,1211.5,nan,1213.0,29063,2115437010.0,20765,1215.0,49,1214.0,32,nan,0,nan,0,nan,0,nan,0,nan,0,nan,0,nan,0,nan,0
1597988933638238976,1597988934084000000,2020-08-21 13:48:54.084000,1214.0,1218.0,1205.5,1211.5,nan,1213.0,29063,2115437010.0,20765,1215.0,51,1214.0,32,nan,0,nan,0,nan,0,nan,0,nan,0,nan,0,nan,0,nan,0
1597988938135353088,1597988938720999936,2020-08-21 13:48:58.721000,1214.5,1218.0,1205.5,1211.5,nan,1213.0,29065,2115582750.0,20765,1215.0,51,1214.0,32,nan,0,nan,0,nan,0,nan,0,nan,0,nan,0,nan,0,nan,0
1597988938649600000,1597988939226000128,2020-08-21 13:48:59.226000,1214.5,1218.0,1205.5,1211.5,nan,1213.0,29065,2115582750.0,20765,1215.0,49,1214.0,32,nan,0,nan,0,nan,0,nan,0,nan,0,nan,0,nan,0,nan,0
1597988941143774976,1597988941723000064,2020-08-21 13:49:01.723000,1214.5,1218.0,1205.5,1211.5,nan,1213.0,29065,2115582750.0,20765,1215.0,51,1214.0,32,nan,0,nan,0,nan,0,nan,0,nan,0,nan,0,nan,0,nan,0
1597988941676683008,1597988942240999936,2020-08-21 13:49:02.241000,1214.0,1218.0,1205.5,1211.5,nan,1213.0,29067,2115728430.0,20765,1215.0,51,1214.0,30,nan,0,nan,0,nan,0,nan,0,nan,0,nan,0,nan,0,nan,0
1597988942164482048,1597988942744000000,2020-08-21 13:49:02.744000,1214.5,1218.0,1205.5,1211.5,nan,1213.0,29070,2115947040.0,20768,1215.0,51,1214.0,31,nan,0,nan,0,nan,0,nan,0,nan,0,nan,0,nan,0,nan,0
1597988943174097920,1597988943743000064,2020-08-21 13:49:03.743000,1214.5,1218.0,1205.5,1211.5,nan,1213.0,29070,2115947040.0,20768,1215.0,51,1214.0,41,nan,0,nan,0,nan,0,nan,0,nan,0,nan,0,nan,0,nan,0
1597988943638825984,1597988944233999872,2020-08-21 13:49:04.234000,1214.0,1218.0,1205.5,1211.5,nan,1213.0,29071,2116019880.0,20767,1215.0,51,1214.0,40,nan,0,nan,0,nan,0,nan,0,nan,0,nan,0,nan,0,nan,0
1597988947132344064,1597988947742000128,2020-08-21 13:49:07.742000,1214.0,1218.0,1205.5,1211.5,nan,1213.0,29071,2116019880.0,20767,1215.0,49,1214.0,40,nan,0,nan,0,nan,0,nan,0,nan,0,nan,0,nan,0,nan,0
1597988951156840960,1597988951731000064,2020-08-21 13:49:11.731000,1214.0,1218.0,1205.5,1211.5,nan,1213.0,29071,2116019880.0,20767,1215.0,51,1214.0,40,nan,0,nan,0,nan,0,nan,0,nan,0,nan,0,nan,0,nan,0
1597988953149891072,1597988953721999872,2020-08-21 13:49:13.722000,1214.0,1218.0,1205.5,1211.5,nan,1213.0,29071,2116019880.0,20767,1215.0,52,1214.0,40,nan,0,nan,0,nan,0,nan,0,nan,0,nan,0,nan,0,nan,0
1597988954167852032,1597988954747000064,2020-08-21 13:49:14.747000,1214.5,1218.0,1205.5,1211.5,nan,1213.0,29072,2116092750.0,20768,1215.0,52,1214.0,40,nan,0,nan,0,nan,0,nan,0,nan,0,nan,0,nan,0,nan,0
1597988955649136128,1597988956247000064,2020-08-21 13:49:16.247000,1214.5,1218.0,1205.5,1211.5,nan,1213.0,29072,2116092750.0,20768,1215.0,51,1214.0,40,nan,0,nan,0,nan,0,nan,0,nan,0,nan,0,nan,0,nan,0
1597988956141335040,1597988956726000128,2020-08-21 13:49:16.726000,1214.5,1218.0,1205.5,1211.5,nan,1213.0,29072,2116092750.0,20768,1215.0,53,1214.0,40,nan,0,nan,0,nan,0,nan,0,nan,0,nan,0,nan,0,nan,0
1597988962655173888,1597988963243000064,2020-08-21 13:49:23.243000,1215.0,1218.0,1205.5,1211.5,nan,1213.0,29073,2116165650.0,20767,1215.0,50,1214.0,40,nan,0,nan,0,nan,0,nan,0,nan,0,nan,0,nan,0,nan,0
1597988963182817024,1597988963732000000,2020-08-21 13:49:23.732000,1215.0,1218.0,1205.5,1211.5,nan,1213.0,29073,2116165650.0,20767,1215.0,52,1214.0,40,nan,0,nan,0,nan,0,nan,0,nan,0,nan,0,nan,0,nan,0
1597988963637123072,1597988964247000064,2020-08-21 13:49:24.247000,1215.0,1218.0,1205.5,1211.5,nan,1213.0,29073,2116165650.0,20767,1215.0,52,1214.0,36,nan,0,nan,0,nan,0,nan,0,nan,0,nan,0,nan,0,nan,0
1597988964163728896,1597988964747000064,2020-08-21 13:49:24.747000,1215.0,1218.0,1205.5,1211.5,nan,1213.0,29073,2116165650.0,20767,1215.0,52,1214.0,40,nan,0,nan,0,nan,0,nan,0,nan,0,nan,0,nan,0,nan,0
1597988972163239936,1597988972749000192,2020-08-21 13:49:32.749000,1215.0,1218.0,1205.5,1211.5,nan,1213.0,29073,2116165650.0,20767,1215.0,53,1214.0,40,nan,0,nan,0,nan,0,nan,0,nan,0,nan,0,nan,0,nan,0
1597988973635070976,1597988974236000000,2020-08-21 13:49:34.236000,1215.0,1218.0,1205.5,1211.5,nan,1213.0,29073,2116165650.0,20767,1215.0,54,1214.0,40,nan,0,nan,0,nan,0,nan,0,nan,0,nan,0,nan,0,nan,0
1597988975178878976,1597988975592999936,2020-08-21 13:49:35.593000,1215.0,1218.0,1205.5,1211.5,nan,1213.0,29073,2116165650.0,20767,1215.0,51,1214.0,40,nan,0,nan,0,nan,0,nan,0,nan,0,nan,0,nan,0,nan,0
1597988975636741888,1597988976232999936,2020-08-21 13:49:36.233000,1215.0,1218.0,1205.5,1211.5,nan,1213.0,29074,2116238550.0,20767,1215.0,51,1214.0,40,nan,0,nan,0,nan,0,nan,0,nan,0,nan,0,nan,0,nan,0
1597988976153235968,1597988976747000064,2020-08-21 13:49:36.747000,1215.0,1218.0,1205.5,1211.5,nan,1213.0,29074,2116238550.0,20767,1215.0,52,1214.0,40,nan,0,nan,0,nan,0,nan,0,nan,0,nan,0,nan,0,nan,0
1597988978187478016,1597988978728000000,2020-08-21 13:49:38.728000,1215.0,1218.0,1205.5,1211.5,nan,1213.0,29075,2116311450.0,20766,1215.0,51,1214.0,40,nan,0,nan,0,nan,0,nan,0,nan,0,nan,0,nan,0,nan,0
1597988980145961984,1597988980744999936,2020-08-21 13:49:40.745000,1215.0,1218.0,1205.5,1211.5,nan,1213.0,29075,2116311450.0,20766,1215.0,50,1214.0,40,nan,0,nan,0,nan,0,nan,0,nan,0,nan,0,nan,0,nan,0
1597988995656453888,1597988996198999808,2020-08-21 13:49:56.199000,1215.0,1218.0,1205.5,1211.5,nan,1213.0,29075,2116311450.0,20766,1215.0,50,1214.0,45,nan,0,nan,0,nan,0,nan,0,nan,0,nan,0,nan,0,nan,0
1597988996161776128,1597988996739000064,2020-08-21 13:49:56.739000,1215.0,1218.0,1205.5,1211.5,nan,1213.0,29075,2116311450.0,20766,1215.0,50,1214.0,46,nan,0,nan,0,nan,0,nan,0,nan,0,nan,0,nan,0,nan,0
1597988997637856000,1597988998229000192,2020-08-21 13:49:58.229000,1215.0,1218.0,1205.5,1211.5,nan,1213.0,29075,2116311450.0,20766,1214.5,2,1214.0,46,nan,0,nan,0,nan,0,nan,0,nan,0,nan,0,nan,0,nan,0
1597988998129644032,1597988998727000064,2020-08-21 13:49:58.727000,1215.0,1218.0,1205.5,1211.5,nan,1213.0,29075,2116311450.0,20766,1214.5,3,1214.0,46,nan,0,nan,0,nan,0,nan,0,nan,0,nan,0,nan,0,nan,0
1597988998648438016,1597988999134000128,2020-08-21 13:49:59.134000,1214.0,1218.0,1205.5,1211.5,nan,1213.0,29076,2116384290.0,20766,1214.5,2,1214.0,45,nan,0,nan,0,nan,0,nan,0,nan,0,nan,0,nan,0,nan,0
1597989000176816896,1597989000737999872,2020-08-21 13:50:00.738000,1214.5,1218.0,1205.5,1211.5,nan,1213.0,29078,2116530030.0,20767,1215.0,61,1214.0,45,nan,0,nan,0,nan,0,nan,0,nan,0,nan,0,nan,0,nan,0
1597989001634052096,1597989002236999936,2020-08-21 13:50:02.237000,1214.5,1218.0,1205.5,1211.5,nan,1213.0,29078,2116530030.0,20767,1215.0,61,1214.0,47,nan,0,nan,0,nan,0,nan,0,nan,0,nan,0,nan,0,nan,0
1597989006153733120,1597989006714999808,2020-08-21 13:50:06.715000,1215.0,1218.0,1205.5,1211.5,nan,1213.0,29079,2116602930.0,20767,1215.0,60,1214.0,47,nan,0,nan,0,nan,0,nan,0,nan,0,nan,0,nan,0,nan,0
1597989007127598080,1597989007707000064,2020-08-21 13:50:07.707000,1215.0,1218.0,1205.5,1211.5,nan,1213.0,29079,2116602930.0,20767,1215.0,48,1214.0,47,nan,0,nan,0,nan,0,nan,0,nan,0,nan,0,nan,0,nan,0
1597989007641306112,1597989008148000000,2020-08-21 13:50:08.148000,1215.0,1218.0,1205.5,1211.5,nan,1213.0,29079,2116602930.0,20767,1215.0,60,1214.0,47,nan,0,nan,0,nan,0,nan,0,nan,0,nan,0,nan,0,nan,0
1597989008629358080,1597989009219000064,2020-08-21 13:50:09.219000,1215.0,1218.0,1205.5,1211.5,nan,1213.0,29079,2116602930.0,20767,1215.0,48,1214.0,47,nan,0,nan,0,nan,0,nan,0,nan,0,nan,0,nan,0,nan,0
1597989009645281024,1597989010228000000,2020-08-21 13:50:10.228000,1215.0,1218.0,1205.5,1211.5,nan,1213.0,29080,2116675830.0,20767,1215.0,48,1214.0,47,nan,0,nan,0,nan,0,nan,0,nan,0,nan,0,nan,0,nan,0
1597989011638735872,1597989012249000192,2020-08-21 13:50:12.249000,1215.0,1218.0,1205.5,1211.5,nan,1213.0,29081,2116748730.0,20768,1215.0,48,1214.0,47,nan,0,nan,0,nan,0,nan,0,nan,0,nan,0,nan,0,nan,0
1597989013643462912,1597989014229000192,2020-08-21 13:50:14.229000,1215.0,1218.0,1205.5,1211.5,nan,1213.0,29083,2116894530.0,20770,1215.0,56,1214.0,47,nan,0,nan,0,nan,0,nan,0,nan,0,nan,0,nan,0,nan,0
1597989014637724928,1597989015250999808,2020-08-21 13:50:15.251000,1215.0,1218.0,1205.5,1211.5,nan,1213.0,29083,2116894530.0,20770,1215.0,57,1214.0,47,nan,0,nan,0,nan,0,nan,0,nan,0,nan,0,nan,0,nan,0
1597989015161487104,1597989015712000000,2020-08-21 13:50:15.712000,1215.0,1218.0,1205.5,1211.5,nan,1213.0,29083,2116894530.0,20770,1215.0,57,1214.5,1,nan,0,nan,0,nan,0,nan,0,nan,0,nan,0,nan,0,nan,0
1597989015631120896,1597989016230000128,2020-08-21 13:50:16.230000,1214.5,1218.0,1205.5,1211.5,nan,1213.0,29094,2117696100.0,20760,1214.5,4,1214.0,38,nan,0,nan,0,nan,0,nan,0,nan,0,nan,0,nan,0,nan,0
1597989016135801088,1597989016681999872,2020-08-21 13:50:16.682000,1214.5,1218.0,1205.5,1211.5,nan,1213.0,29095,2117768970.0,20760,1214.5,3,1214.0,43,nan,0,nan,0,nan,0,nan,0,nan,0,nan,0,nan,0,nan,0
1597989017629040896,1597989018247000064,2020-08-21 13:50:18.247000,1214.5,1218.0,1205.5,1211.5,nan,1213.0,29096,2117841840.0,20760,1214.5,2,1214.0,43,nan,0,nan,0,nan,0,nan,0,nan,0,nan,0,nan,0,nan,0
1597989019141790976,1597989019749000192,2020-08-21 13:50:19.749000,1214.5,1218.0,1205.5,1211.5,nan,1213.0,29097,2117914710.0,20760,1214.5,3,1214.0,43,nan,0,nan,0,nan,0,nan,0,nan,0,nan,0,nan,0,nan,0
1597989025131076096,1597989025740000000,2020-08-21 13:50:25.740000,1214.5,1218.0,1205.5,1211.5,nan,1213.0,29100,2118133320.0,20760,1215.0,56,1214.5,6,nan,0,nan,0,nan,0,nan,0,nan,0,nan,0,nan,0,nan,0
1597989025647290112,1597989026192000000,2020-08-21 13:50:26.192000,1215.0,1218.0,1205.5,1211.5,nan,1213.0,29112,2119007970.0,20764,1215.0,48,1214.5,18,nan,0,nan,0,nan,0,nan,0,nan,0,nan,0,nan,0,nan,0
1597989026131409920,1597989026694000128,2020-08-21 13:50:26.694000,1214.5,1218.0,1205.5,1211.5,nan,1213.0,29113,2119080840.0,20764,1215.0,48,1214.5,18,nan,0,nan,0,nan,0,nan,0,nan,0,nan,0,nan,0,nan,0
1597989028137676032,1597989028748000000,2020-08-21 13:50:28.748000,1214.5,1218.0,1205.5,1211.5,nan,1213.0,29117,2119372320.0,20764,1215.0,44,1214.5,14,nan,0,nan,0,nan,0,nan,0,nan,0,nan,0,nan,0,nan,0
1597989028645644032,1597989029248000000,2020-08-21 13:50:29.248000,1214.5,1218.0,1205.5,1211.5,nan,1213.0,29117,2119372320.0,20764,1215.0,44,1214.5,23,nan,0,nan,0,nan,0,nan,0,nan,0,nan,0,nan,0,nan,0
1597989029161669888,1597989029740999936,2020-08-21 13:50:29.741000,1214.5,1218.0,1205.5,1211.5,nan,1213.0,29118,2119445190.0,20764,1215.0,43,1214.5,22,nan,0,nan,0,nan,0,nan,0,nan,0,nan,0,nan,0,nan,0
1597989030154616064,1597989030747000064,2020-08-21 13:50:30.747000,1214.5,1218.0,1205.5,1211.5,nan,1213.0,29119,2119518060.0,20764,1215.0,42,1214.5,21,nan,0,nan,0,nan,0,nan,0,nan,0,nan,0,nan,0,nan,0
1597989033637926912,1597989034249999872,2020-08-21 13:50:34.250000,1214.5,1218.0,1205.5,1211.5,nan,1213.0,29121,2119663800.0,20765,1215.0,40,1214.5,19,nan,0,nan,0,nan,0,nan,0,nan,0,nan,0,nan,0,nan,0
1597989034133756928,1597989034737999872,2020-08-21 13:50:34.738000,1215.0,1218.0,1205.5,1211.5,nan,1213.0,29122,2119736700.0,20766,1215.0,40,1214.5,19,nan,0,nan,0,nan,0,nan,0,nan,0,nan,0,nan,0,nan,0
1597989034639706112,1597989035196000000,2020-08-21 13:50:35.196000,1214.5,1218.0,1205.5,1211.5,nan,1213.0,29123,2119809570.0,20766,1215.0,40,1214.5,18,nan,0,nan,0,nan,0,nan,0,nan,0,nan,0,nan,0,nan,0
1597989046130469888,1597989046686000128,2020-08-21 13:50:46.686000,1214.5,1218.0,1205.5,1211.5,nan,1213.0,29123,2119809570.0,20766,1215.0,42,1214.5,18,nan,0,nan,0,nan,0,nan,0,nan,0,nan,0,nan,0,nan,0
1597989046633428992,1597989047249999872,2020-08-21 13:50:47.250000,1215.0,1218.0,1205.5,1211.5,nan,1213.0,29124,2119882470.0,20767,1215.0,39,1214.5,18,nan,0,nan,0,nan,0,nan,0,nan,0,nan,0,nan,0,nan,0
1597989050634358016,1597989051144000000,2020-08-21 13:50:51.144000,1215.0,1218.0,1205.5,1211.5,nan,1213.0,29124,2119882470.0,20767,1215.0,41,1214.5,18,nan,0,nan,0,nan,0,nan,0,nan,0,nan,0,nan,0,nan,0
1597989051151756032,1597989051740000000,2020-08-21 13:50:51.740000,1214.5,1218.0,1205.5,1211.5,nan,1213.0,29138,2120902650.0,20758,1214.5,6,1214.0,34,nan,0,nan,0,nan,0,nan,0,nan,0,nan,0,nan,0,nan,0
1597989051634232064,1597989052232000000,2020-08-21 13:50:52.232000,1214.5,1218.0,1205.5,1211.5,nan,1213.0,29139,2120975520.0,20758,1214.5,5,1214.0,34,nan,0,nan,0,nan,0,nan,0,nan,0,nan,0,nan,0,nan,0
1597989062639247104,1597989063233999872,2020-08-21 13:51:03.234000,1214.5,1218.0,1205.5,1211.5,nan,1213.0,29139,2120975520.0,20758,1214.5,6,1214.0,34,nan,0,nan,0,nan,0,nan,0,nan,0,nan,0,nan,0,nan,0
1597989063158601984,1597989063729000192,2020-08-21 13:51:03.729000,1214.5,1218.0,1205.5,1211.5,nan,1213.0,29140,2121048390.0,20758,1214.5,5,1214.0,34,nan,0,nan,0,nan,0,nan,0,nan,0,nan,0,nan,0,nan,0
1597989069639331072,1597989070243000064,2020-08-21 13:51:10.243000,1214.5,1218.0,1205.5,1211.5,nan,1213.0,29141,2121121260.0,20758,1214.5,4,1214.0,34,nan,0,nan,0,nan,0,nan,0,nan,0,nan,0,nan,0,nan,0
1597989075162057984,1597989075675000064,2020-08-21 13:51:15.675000,1214.5,1218.0,1205.5,1211.5,nan,1213.0,29141,2121121260.0,20758,1214.5,6,1214.0,34,nan,0,nan,0,nan,0,nan,0,nan,0,nan,0,nan,0,nan,0
1597989075662748928,1597989076240000000,2020-08-21 13:51:16.240000,1214.5,1218.0,1205.5,1211.5,nan,1213.0,29141,2121121260.0,20758,1214.5,4,1214.0,36,nan,0,nan,0,nan,0,nan,0,nan,0,nan,0,nan,0,nan,0
1597989076657891072,1597989077250999808,2020-08-21 13:51:17.251000,1214.0,1218.0,1205.5,1211.5,nan,1213.0,29146,2121485460.0,20758,1214.5,11,1214.0,31,nan,0,nan,0,nan,0,nan,0,nan,0,nan,0,nan,0,nan,0
1597989077166454016,1597989077750999808,2020-08-21 13:51:17.751000,1214.0,1218.0,1205.5,1211.5,nan,1213.0,29146,2121485460.0,20758,1214.5,19,1214.0,21,nan,0,nan,0,nan,0,nan,0,nan,0,nan,0,nan,0,nan,0
1597989077638443008,1597989078249000192,2020-08-21 13:51:18.249000,1214.0,1218.0,1205.5,1211.5,nan,1213.0,29146,2121485460.0,20758,1214.5,19,1214.0,21,nan,0,nan,0,nan,0,nan,0,nan,0,nan,0,nan,0,nan,0
1597989082650940928,1597989083239000064,2020-08-21 13:51:23.239000,1214.0,1218.0,1205.5,1211.5,nan,1213.0,29146,2121485460.0,20758,1214.5,19,1214.0,18,nan,0,nan,0,nan,0,nan,0,nan,0,nan,0,nan,0,nan,0
1597989083145081088,1597989083739000064,2020-08-21 13:51:23.739000,1214.0,1218.0,1205.5,1211.5,nan,1213.0,29158,2122359540.0,20756,1214.5,25,1213.5,29,nan,0,nan,0,nan,0,nan,0,nan,0,nan,0,nan,0,nan,0
1597989087636587008,1597989088220000000,2020-08-21 13:51:28.220000,1214.0,1218.0,1205.5,1211.5,nan,1213.0,29158,2122359540.0,20756,1214.0,1,1213.5,29,nan,0,nan,0,nan,0,nan,0,nan,0,nan,0,nan,0,nan,0
1597989088145613056,1597989088749000192,2020-08-21 13:51:28.749000,1214.0,1218.0,1205.5,1211.5,nan,1213.0,29158,2122359540.0,20756,1214.0,8,1213.5,29,nan,0,nan,0,nan,0,nan,0,nan,0,nan,0,nan,0,nan,0
1597989099644075008,1597989100200000000,2020-08-21 13:51:40.200000,1213.5,1218.0,1205.5,1211.5,nan,1213.0,29159,2122432350.0,20756,1214.0,8,1213.5,29,nan,0,nan,0,nan,0,nan,0,nan,0,nan,0,nan,0,nan,0
1597989101634610944,1597989102083000064,2020-08-21 13:51:42.083000,1213.5,1218.0,1205.5,1211.5,nan,1213.0,29159,2122432350.0,20756,1214.0,7,1213.5,29,nan,0,nan,0,nan,0,nan,0,nan,0,nan,0,nan,0,nan,0
1597989104633643008,1597989105236999936,2020-08-21 13:51:45.237000,1213.5,1218.0,1205.5,1211.5,nan,1213.0,29160,2122505160.0,20755,1214.0,7,1213.5,28,nan,0,nan,0,nan,0,nan,0,nan,0,nan,0,nan,0,nan,0
1597989107635049984,1597989108248000000,2020-08-21 13:51:48.248000,1213.5,1218.0,1205.5,1211.5,nan,1213.0,29160,2122505160.0,20755,1214.0,8,1213.5,28,nan,0,nan,0,nan,0,nan,0,nan,0,nan,0,nan,0,nan,0
1597989114143879936,1597989114740999936,2020-08-21 13:51:54.741000,1213.5,1218.0,1205.5,1211.5,nan,1213.0,29163,2122723590.0,20753,1214.0,11,1213.5,24,nan,0,nan,0,nan,0,nan,0,nan,0,nan,0,nan,0,nan,0
1597989114629670912,1597989115249000192,2020-08-21 13:51:55.249000,1213.5,1218.0,1205.5,1211.5,nan,1213.0,29182,2124106980.0,20745,1214.0,21,1213.0,32,nan,0,nan,0,nan,0,nan,0,nan,0,nan,0,nan,0,nan,0
1597989117642899968,1597989118248000000,2020-08-21 13:51:58.248000,1213.5,1218.0,1205.5,1211.5,nan,1213.0,29182,2124106980.0,20745,1213.5,6,1213.0,32,nan,0,nan,0,nan,0,nan,0,nan,0,nan,0,nan,0,nan,0
1597989118164773888,1597989118736999936,2020-08-21 13:51:58.737000,1213.5,1218.0,1205.5,1211.5,nan,1213.0,29182,2124106980.0,20745,1213.5,20,1213.0,16,nan,0,nan,0,nan,0,nan,0,nan,0,nan,0,nan,0,nan,0
1597989118639586048,1597989119240000000,2020-08-21 13:51:59.240000,1213.5,1218.0,1205.5,1211.5,nan,1213.0,29182,2124106980.0,20745,1213.5,21,1213.0,16,nan,0,nan,0,nan,0,nan,0,nan,0,nan,0,nan,0,nan,0
1597989134639998976,1597989135207000064,2020-08-21 13:52:15.207000,1213.5,1218.0,1205.5,1211.5,nan,1213.0,29182,2124106980.0,20745,1213.5,23,1213.0,16,nan,0,nan,0,nan,0,nan,0,nan,0,nan,0,nan,0,nan,0
1597989135176847872,1597989135733999872,2020-08-21 13:52:15.734000,1213.0,1218.0,1205.5,1211.5,nan,1213.0,29185,2124325320.0,20745,1213.5,22,1213.0,17,nan,0,nan,0,nan,0,nan,0,nan,0,nan,0,nan,0,nan,0
1597989140637707008,1597989141232999936,2020-08-21 13:52:21.233000,1213.0,1218.0,1205.5,1211.5,nan,1213.0,29185,2124325320.0,20745,1213.5,23,1213.0,17,nan,0,nan,0,nan,0,nan,0,nan,0,nan,0,nan,0,nan,0
1597989142137755904,1597989142750000128,2020-08-21 13:52:22.750000,1213.0,1218.0,1205.5,1211.5,nan,1213.0,29185,2124325320.0,20745,1213.5,33,1213.0,17,nan,0,nan,0,nan,0,nan,0,nan,0,nan,0,nan,0,nan,0
1597989146161746944,1597989146746000128,2020-08-21 13:52:26.746000,1213.0,1218.0,1205.5,1211.5,nan,1213.0,29185,2124325320.0,20745,1213.5,34,1213.0,17,nan,0,nan,0,nan,0,nan,0,nan,0,nan,0,nan,0,nan,0
1597989147629775104,1597989148234999808,2020-08-21 13:52:28.235000,1213.0,1218.0,1205.5,1211.5,nan,1213.0,29186,2124398100.0,20746,1213.5,34,1213.0,16,nan,0,nan,0,nan,0,nan,0,nan,0,nan,0,nan,0,nan,0
1597989148639549952,1597989149198999808,2020-08-21 13:52:29.199000,1213.0,1218.0,1205.5,1211.5,nan,1213.0,29202,2125562580.0,20736,1213.0,3,1212.5,4,nan,0,nan,0,nan,0,nan,0,nan,0,nan,0,nan,0,nan,0
1597989149166055936,1597989149732000000,2020-08-21 13:52:29.732000,1212.5,1218.0,1205.5,1211.5,nan,1213.0,29206,2125853580.0,20733,1213.0,23,1212.0,41,nan,0,nan,0,nan,0,nan,0,nan,0,nan,0,nan,0,nan,0
1597989149633586944,1597989150244000000,2020-08-21 13:52:30.244000,1212.0,1218.0,1205.5,1211.5,nan,1213.0,29211,2126217210.0,20731,1213.0,23,1212.0,38,nan,0,nan,0,nan,0,nan,0,nan,0,nan,0,nan,0,nan,0
1597989150178484992,1597989150750000128,2020-08-21 13:52:30.750000,1212.0,1218.0,1205.5,1211.5,nan,1213.0,29220,2126871690.0,20724,1213.0,23,1212.0,29,nan,0,nan,0,nan,0,nan,0,nan,0,nan,0,nan,0,nan,0
1597989150636389120,1597989151244999936,2020-08-21 13:52:31.245000,1212.0,1218.0,1205.5,1211.5,nan,1213.0,29228,2127453450.0,20724,1213.0,23,1212.0,21,nan,0,nan,0,nan,0,nan,0,nan,0,nan,0,nan,0,nan,0
1597989151645628928,1597989152144000000,2020-08-21 13:52:32.144000,1212.0,1218.0,1205.5,1211.5,nan,1213.0,29228,2127453450.0,20724,1213.0,23,1212.0,22,nan,0,nan,0,nan,0,nan,0,nan,0,nan,0,nan,0,nan,0
1597989157636954880,1597989158236000000,2020-08-21 13:52:38.236000,1212.0,1218.0,1205.5,1211.5,nan,1213.0,29229,2127526170.0,20725,1212.5,3,1212.0,21,nan,0,nan,0,nan,0,nan,0,nan,0,nan,0,nan,0,nan,0
1597989158137588992,1597989158747000064,2020-08-21 13:52:38.747000,1212.0,1218.0,1205.5,1211.5,nan,1213.0,29229,2127526170.0,20725,1212.5,26,1212.0,21,nan,0,nan,0,nan,0,nan,0,nan,0,nan,0,nan,0,nan,0
1597989158638646016,1597989159203000064,2020-08-21 13:52:39.203000,1212.0,1218.0,1205.5,1211.5,nan,1213.0,29229,2127526170.0,20725,1212.5,26,1212.0,18,nan,0,nan,0,nan,0,nan,0,nan,0,nan,0,nan,0,nan,0
1597989160137533952,1597989160733999872,2020-08-21 13:52:40.734000,1212.5,1218.0,1205.5,1211.5,nan,1213.0,29240,2128326120.0,20735,1212.5,25,1212.0,8,nan,0,nan,0,nan,0,nan,0,nan,0,nan,0,nan,0,nan,0
1597989160643917056,1597989161181999872,2020-08-21 13:52:41.182000,1212.5,1218.0,1205.5,1211.5,nan,1213.0,29240,2128326120.0,20735,1212.5,26,1212.0,7,nan,0,nan,0,nan,0,nan,0,nan,0,nan,0,nan,0,nan,0
1597989161638629120,1597989162249999872,2020-08-21 13:52:42.250000,1212.5,1218.0,1205.5,1211.5,nan,1213.0,29241,2128398870.0,20736,1212.5,25,1212.0,7,nan,0,nan,0,nan,0,nan,0,nan,0,nan,0,nan,0,nan,0
1597989162181470976,1597989162744999936,2020-08-21 13:52:42.745000,1212.5,1218.0,1205.5,1211.5,nan,1213.0,29241,2128398870.0,20736,1212.5,25,1212.0,8,nan,0,nan,0,nan,0,nan,0,nan,0,nan,0,nan,0,nan,0
1597989163632461056,1597989164244000000,2020-08-21 13:52:44.244000,1212.5,1218.0,1205.5,1211.5,nan,1213.0,29243,2128544370.0,20735,1212.5,23,1212.0,8,nan,0,nan,0,nan,0,nan,0,nan,0,nan,0,nan,0,nan,0
1597989165165272064,1597989165743000064,2020-08-21 13:52:45.743000,1212.5,1218.0,1205.5,1211.5,nan,1213.0,29243,2128544370.0,20735,1212.5,23,1212.0,10,nan,0,nan,0,nan,0,nan,0,nan,0,nan,0,nan,0,nan,0
1597989165644794112,1597989166223000064,2020-08-21 13:52:46.223000,1212.5,1218.0,1205.5,1211.5,nan,1213.0,29266,2130217620.0,20740,1213.0,23,1212.5,9,nan,0,nan,0,nan,0,nan,0,nan,0,nan,0,nan,0,nan,0
1597989166299962880,1597989166742000128,2020-08-21 13:52:46.742000,1212.5,1218.0,1205.5,1211.5,nan,1213.0,29266,2130217620.0,20740,1213.0,24,1212.5,9,nan,0,nan,0,nan,0,nan,0,nan,0,nan,0,nan,0,nan,0
1597989166645735936,1597989167223000064,2020-08-21 13:52:47.223000,1212.5,1218.0,1205.5,1211.5,nan,1213.0,29266,2130217620.0,20740,1213.0,24,1212.5,12,nan,0,nan,0,nan,0,nan,0,nan,0,nan,0,nan,0,nan,0
1597989176133746944,1597989176728000000,2020-08-21 13:52:56.728000,1212.5,1218.0,1205.5,1211.5,nan,1213.0,29266,2130217620.0,20740,1213.0,29,1212.5,10,nan,0,nan,0,nan,0,nan,0,nan,0,nan,0,nan,0,nan,0
1597989185640666880,1597989186250999808,2020-08-21 13:53:06.251000,1212.5,1218.0,1205.5,1211.5,nan,1213.0,29268,2130363120.0,20740,1213.0,29,1212.5,8,nan,0,nan,0,nan,0,nan,0,nan,0,nan,0,nan,0,nan,0
1597989186178881024,1597989186696999936,2020-08-21 13:53:06.697000,1212.5,1218.0,1205.5,1211.5,nan,1213.0,29268,2130363120.0,20740,1213.0,29,1212.5,10,nan,0,nan,0,nan,0,nan,0,nan,0,nan,0,nan,0,nan,0
1597989193140425984,1597989193746000128,2020-08-21 13:53:13.746000,1212.5,1218.0,1205.5,1211.5,nan,1213.0,29268,2130363120.0,20740,1213.0,29,1212.5,11,nan,0,nan,0,nan,0,nan,0,nan,0,nan,0,nan,0,nan,0
1597989194148987904,1597989194744999936,2020-08-21 13:53:14.745000,1212.5,1218.0,1205.5,1211.5,nan,1213.0,29269,2130435870.0,20740,1213.0,29,1212.5,10,nan,0,nan,0,nan,0,nan,0,nan,0,nan,0,nan,0,nan,0
1597989197157293056,1597989197730000128,2020-08-21 13:53:17.730000,1212.5,1218.0,1205.5,1211.5,nan,1213.0,29269,2130435870.0,20740,1213.0,29,1212.5,11,nan,0,nan,0,nan,0,nan,0,nan,0,nan,0,nan,0,nan,0
1597989211644800000,1597989212153000192,2020-08-21 13:53:32.153000,1212.5,1218.0,1205.5,1211.5,nan,1213.0,29269,2130435870.0,20740,1213.0,19,1212.5,20,nan,0,nan,0,nan,0,nan,0,nan,0,nan,0,nan,0,nan,0
1597989212145754112,1597989212724999936,2020-08-21 13:53:32.725000,1212.5,1218.0,1205.5,1211.5,nan,1213.0,29269,2130435870.0,20740,1213.0,18,1212.5,22,nan,0,nan,0,nan,0,nan,0,nan,0,nan,0,nan,0,nan,0
1597989213156047872,1597989213736999936,2020-08-21 13:53:33.737000,1212.5,1218.0,1205.5,1211.5,nan,1213.0,29269,2130435870.0,20740,1213.0,18,1212.5,23,nan,0,nan,0,nan,0,nan,0,nan,0,nan,0,nan,0,nan,0
1597989214134078976,1597989214737999872,2020-08-21 13:53:34.738000,1212.5,1218.0,1205.5,1211.5,nan,1213.0,29270,2130508620.0,20740,1213.0,18,1212.5,22,nan,0,nan,0,nan,0,nan,0,nan,0,nan,0,nan,0,nan,0
1597989218173260032,1597989218737999872,2020-08-21 13:53:38.738000,1213.0,1218.0,1205.5,1211.5,nan,1213.0,29271,2130581400.0,20739,1213.0,17,1212.5,22,nan,0,nan,0,nan,0,nan,0,nan,0,nan,0,nan,0,nan,0
1597989218636468992,1597989219247000064,2020-08-21 13:53:39.247000,1213.0,1218.0,1205.5,1211.5,nan,1213.0,29271,2130581400.0,20739,1213.0,10,1212.5,22,nan,0,nan,0,nan,0,nan,0,nan,0,nan,0,nan,0,nan,0
1597989219177293056,1597989219750000128,2020-08-21 13:53:39.750000,1213.0,1218.0,1205.5,1211.5,nan,1213.0,29278,2131090860.0,20737,1213.5,24,1213.0,17,nan,0,nan,0,nan,0,nan,0,nan,0,nan,0,nan,0,nan,0
1597989219650472960,1597989220250999808,2020-08-21 13:53:40.251000,1213.0,1218.0,1205.5,1211.5,nan,1213.0,29278,2131090860.0,20737,1213.5,23,1213.0,25,nan,0,nan,0,nan,0,nan,0,nan,0,nan,0,nan,0,nan,0
1597989220152641024,1597989220737999872,2020-08-21 13:53:40.738000,1213.0,1218.0,1205.5,1211.5,nan,1213.0,29278,2131090860.0,20737,1213.5,19,1213.0,26,nan,0,nan,0,nan,0,nan,0,nan,0,nan,0,nan,0,nan,0
1597989222159099904,1597989222730000128,2020-08-21 13:53:42.730000,1213.5,1218.0,1205.5,1211.5,nan,1213.0,29279,2131163670.0,20737,1213.5,19,1213.0,26,nan,0,nan,0,nan,0,nan,0,nan,0,nan,0,nan,0,nan,0
1597989231159033088,1597989231732000000,2020-08-21 13:53:51.732000,1213.5,1218.0,1205.5,1211.5,nan,1213.0,29279,2131163670.0,20737,1213.5,19,1213.0,27,nan,0,nan,0,nan,0,nan,0,nan,0,nan,0,nan,0,nan,0
1597989234644119040,1597989235233999872,2020-08-21 13:53:55.234000,1213.5,1218.0,1205.5,1211.5,nan,1213.0,29279,2131163670.0,20737,1213.5,24,1213.0,22,nan,0,nan,0,nan,0,nan,0,nan,0,nan,0,nan,0,nan,0
1597989235135742976,1597989235743000064,2020-08-21 13:53:55.743000,1213.5,1218.0,1205.5,1211.5,nan,1213.0,29279,2131163670.0,20737,1213.5,25,1213.0,16,nan,0,nan,0,nan,0,nan,0,nan,0,nan,0,nan,0,nan,0
1597989239643729920,1597989240247000064,2020-08-21 13:54:00.247000,1213.5,1218.0,1205.5,1211.5,nan,1213.0,29279,2131163670.0,20737,1213.5,25,1213.0,26,nan,0,nan,0,nan,0,nan,0,nan,0,nan,0,nan,0,nan,0
1597989240168190976,1597989240734999808,2020-08-21 13:54:00.735000,1213.5,1218.0,1205.5,1211.5,nan,1213.0,29279,2131163670.0,20737,1213.5,25,1213.0,30,nan,0,nan,0,nan,0,nan,0,nan,0,nan,0,nan,0,nan,0
1597989241147883008,1597989241743000064,2020-08-21 13:54:01.743000,1213.5,1218.0,1205.5,1211.5,nan,1213.0,29279,2131163670.0,20737,1213.5,51,1213.0,30,nan,0,nan,0,nan,0,nan,0,nan,0,nan,0,nan,0,nan,0
1597989241663677952,1597989242244000000,2020-08-21 13:54:02.244000,1213.0,1218.0,1205.5,1211.5,nan,1213.0,29306,2133128730.0,20714,1213.0,28,1212.5,10,nan,0,nan,0,nan,0,nan,0,nan,0,nan,0,nan,0,nan,0
1597989242238500096,1597989242744999936,2020-08-21 13:54:02.745000,1212.5,1218.0,1205.5,1211.5,nan,1213.0,29312,2133565230.0,20716,1212.5,16,1212.0,14,nan,0,nan,0,nan,0,nan,0,nan,0,nan,0,nan,0,nan,0
1597989242637349120,1597989243250999808,2020-08-21 13:54:03.251000,1212.5,1218.0,1205.5,1211.5,nan,1213.0,29312,2133565230.0,20716,1212.5,16,1212.0,15,nan,0,nan,0,nan,0,nan,0,nan,0,nan,0,nan,0,nan,0
1597989243180943104,1597989243747000064,2020-08-21 13:54:03.747000,1212.5,1218.0,1205.5,1211.5,nan,1213.0,29313,2133637980.0,20717,1212.5,15,1212.0,15,nan,0,nan,0,nan,0,nan,0,nan,0,nan,0,nan,0,nan,0
1597989243655800064,1597989244158999808,2020-08-21 13:54:04.159000,1212.5,1218.0,1205.5,1211.5,nan,1213.0,29313,2133637980.0,20717,1212.5,14,1212.0,18,nan,0,nan,0,nan,0,nan,0,nan,0,nan,0,nan,0,nan,0
1597989244684601088,1597989245243000064,2020-08-21 13:54:05.243000,1212.5,1218.0,1205.5,1211.5,nan,1213.0,29318,2134001730.0,20722,1213.0,27,1212.5,10,nan,0,nan,0,nan,0,nan,0,nan,0,nan,0,nan,0,nan,0
1597989245226223104,1597989245750999808,2020-08-21 13:54:05.751000,1212.5,1218.0,1205.5,1211.5,nan,1213.0,29318,2134001730.0,20722,1213.0,27,1212.5,14,nan,0,nan,0,nan,0,nan,0,nan,0,nan,0,nan,0,nan,0
1597989248178693888,1597989248728000000,2020-08-21 13:54:08.728000,1212.5,1218.0,1205.5,1211.5,nan,1213.0,29318,2134001730.0,20722,1213.0,27,1212.5,7,nan,0,nan,0,nan,0,nan,0,nan,0,nan,0,nan,0,nan,0
1597989248651220992,1597989249243000064,2020-08-21 13:54:09.243000,1212.5,1218.0,1205.5,1211.5,nan,1213.0,29320,2134147230.0,20720,1213.0,27,1212.5,5,nan,0,nan,0,nan,0,nan,0,nan,0,nan,0,nan,0,nan,0
1597989250138673920,1597989250744999936,2020-08-21 13:54:10.745000,1212.5,1218.0,1205.5,1211.5,nan,1213.0,29325,2134510980.0,20724,1213.0,27,1212.0,18,nan,0,nan,0,nan,0,nan,0,nan,0,nan,0,nan,0,nan,0
1597989250665824000,1597989251226000128,2020-08-21 13:54:11.226000,1212.5,1218.0,1205.5,1211.5,nan,1213.0,29325,2134510980.0,20724,1212.5,14,1212.0,18,nan,0,nan,0,nan,0,nan,0,nan,0,nan,0,nan,0,nan,0
1597989251657726976,1597989252250999808,2020-08-21 13:54:12.251000,1212.5,1218.0,1205.5,1211.5,nan,1213.0,29325,2134510980.0,20724,1212.5,14,1212.0,11,nan,0,nan,0,nan,0,nan,0,nan,0,nan,0,nan,0,nan,0
1597989252151382016,1597989252704000000,2020-08-21 13:54:12.704000,1212.5,1218.0,1205.5,1211.5,nan,1213.0,29325,2134510980.0,20724,1212.5,21,1212.0,11,nan,0,nan,0,nan,0,nan,0,nan,0,nan,0,nan,0,nan,0
1597989254637382912,1597989255192000000,2020-08-21 13:54:15.192000,1212.5,1218.0,1205.5,1211.5,nan,1213.0,29325,2134510980.0,20724,1212.5,22,1212.0,11,nan,0,nan,0,nan,0,nan,0,nan,0,nan,0,nan,0,nan,0
1597989258181611008,1597989258746000128,2020-08-21 13:54:18.746000,1212.0,1218.0,1205.5,1211.5,nan,1213.0,29326,2134583700.0,20724,1212.5,22,1212.0,10,nan,0,nan,0,nan,0,nan,0,nan,0,nan,0,nan,0,nan,0
1597989258642501888,1597989259250999808,2020-08-21 13:54:19.251000,1212.0,1218.0,1205.5,1211.5,nan,1213.0,29326,2134583700.0,20724,1212.5,22,1212.0,11,nan,0,nan,0,nan,0,nan,0,nan,0,nan,0,nan,0,nan,0
1597989259655215104,1597989260148000000,2020-08-21 13:54:20.148000,1212.5,1218.0,1205.5,1211.5,nan,1213.0,29327,2134656450.0,20725,1212.5,21,1212.0,11,nan,0,nan,0,nan,0,nan,0,nan,0,nan,0,nan,0,nan,0
1597989266647876096,1597989267246000128,2020-08-21 13:54:27.246000,1212.5,1218.0,1205.5,1211.5,nan,1213.0,29327,2134656450.0,20725,1212.5,21,1212.0,6,nan,0,nan,0,nan,0,nan,0,nan,0,nan,0,nan,0,nan,0
1597989267683984896,1597989268244999936,2020-08-21 13:54:28.245000,1212.0,1218.0,1205.5,1211.5,nan,1213.0,29333,2135092770.0,20724,1212.0,9,1211.5,27,nan,0,nan,0,nan,0,nan,0,nan,0,nan,0,nan,0,nan,0
1597989270671360000,1597989271223000064,2020-08-21 13:54:31.223000,1212.0,1218.0,1205.5,1211.5,nan,1213.0,29342,2135747250.0,20722,1212.5,21,1212.0,1,nan,0,nan,0,nan,0,nan,0,nan,0,nan,0,nan,0,nan,0
1597989287657957888,1597989288249000192,2020-08-21 13:54:48.249000,1212.0,1218.0,1205.5,1211.5,nan,1213.0,29343,2135819970.0,20721,1212.5,21,1211.5,32,nan,0,nan,0,nan,0,nan,0,nan,0,nan,0,nan,0,nan,0
1597989294164719104,1597989294750999808,2020-08-21 13:54:54.751000,1212.0,1218.0,1205.5,1211.5,nan,1213.0,29344,2135892690.0,20720,1212.5,21,1211.5,32,nan,0,nan,0,nan,0,nan,0,nan,0,nan,0,nan,0,nan,0
1597989294670624000,1597989295221999872,2020-08-21 13:54:55.222000,1212.0,1218.0,1205.5,1211.5,nan,1213.0,29344,2135892690.0,20720,1212.5,21,1211.5,34,nan,0,nan,0,nan,0,nan,0,nan,0,nan,0,nan,0,nan,0
1597989295651930880,1597989296221999872,2020-08-21 13:54:56.222000,1212.5,1218.0,1205.5,1211.5,nan,1213.0,29345,2135965440.0,20720,1212.5,21,1211.5,34,nan,0,nan,0,nan,0,nan,0,nan,0,nan,0,nan,0,nan,0
1597989300655481088,1597989301228000000,2020-08-21 13:55:01.228000,1212.5,1218.0,1205.5,1211.5,nan,1213.0,29345,2135965440.0,20720,1212.0,10,1211.5,34,nan,0,nan,0,nan,0,nan,0,nan,0,nan,0,nan,0,nan,0
1597989301145223936,1597989301750999808,2020-08-21 13:55:01.751000,1212.5,1218.0,1205.5,1211.5,nan,1213.0,29346,2136038190.0,20721,1212.0,14,1211.5,29,nan,0,nan,0,nan,0,nan,0,nan,0,nan,0,nan,0,nan,0
1597989301684679936,1597989302224999936,2020-08-21 13:55:02.225000,1212.5,1218.0,1205.5,1211.5,nan,1213.0,29346,2136038190.0,20721,1212.0,14,1211.5,31,nan,0,nan,0,nan,0,nan,0,nan,0,nan,0,nan,0,nan,0
1597989305186249984,1597989305730000128,2020-08-21 13:55:05.730000,1212.5,1218.0,1205.5,1211.5,nan,1213.0,29346,2136038190.0,20721,1212.0,13,1211.5,31,nan,0,nan,0,nan,0,nan,0,nan,0,nan,0,nan,0,nan,0
1597989305651464960,1597989306237999872,2020-08-21 13:55:06.238000,1212.0,1218.0,1205.5,1211.5,nan,1213.0,29349,2136256290.0,20719,1212.0,12,1211.5,30,nan,0,nan,0,nan,0,nan,0,nan,0,nan,0,nan,0,nan,0
1597989308189796096,1597989308752000000,2020-08-21 13:55:08.752000,1212.0,1218.0,1205.5,1211.5,nan,1213.0,29349,2136256290.0,20719,1212.0,13,1211.5,30,nan,0,nan,0,nan,0,nan,0,nan,0,nan,0,nan,0,nan,0
1597989308696247040,1597989309232999936,2020-08-21 13:55:09.233000,1212.0,1218.0,1205.5,1211.5,nan,1213.0,29349,2136256290.0,20719,1212.0,14,1211.5,30,nan,0,nan,0,nan,0,nan,0,nan,0,nan,0,nan,0,nan,0
1597989310662311936,1597989311248000000,2020-08-21 13:55:11.248000,1212.0,1218.0,1205.5,1211.5,nan,1213.0,29350,2136329010.0,20720,1212.0,13,1211.5,30,nan,0,nan,0,nan,0,nan,0,nan,0,nan,0,nan,0,nan,0
1597989312149984000,1597989312750999808,2020-08-21 13:55:12.751000,1212.0,1218.0,1205.5,1211.5,nan,1213.0,29350,2136329010.0,20720,1212.0,13,1211.5,32,nan,0,nan,0,nan,0,nan,0,nan,0,nan,0,nan,0,nan,0
1597989313144687104,1597989313732000000,2020-08-21 13:55:13.732000,1212.0,1218.0,1205.5,1211.5,nan,1213.0,29350,2136329010.0,20720,1212.0,12,1211.5,32,nan,0,nan,0,nan,0,nan,0,nan,0,nan,0,nan,0,nan,0
1597989313670263040,1597989314234999808,2020-08-21 13:55:14.235000,1212.0,1218.0,1205.5,1211.5,nan,1213.0,29350,2136329010.0,20720,1212.0,11,1211.5,32,nan,0,nan,0,nan,0,nan,0,nan,0,nan,0,nan,0,nan,0
1597989317675906048,1597989318229000192,2020-08-21 13:55:18.229000,1212.0,1218.0,1205.5,1211.5,nan,1213.0,29350,2136329010.0,20720,1212.0,8,1211.5,32,nan,0,nan,0,nan,0,nan,0,nan,0,nan,0,nan,0,nan,0
1597989318237244928,1597989318752000000,2020-08-21 13:55:18.752000,1212.0,1218.0,1205.5,1211.5,nan,1213.0,29358,2136910770.0,20727,1212.5,20,1212.0,2,nan,0,nan,0,nan,0,nan,0,nan,0,nan,0,nan,0,nan,0
1597989318668840960,1597989319236999936,2020-08-21 13:55:19.237000,1212.0,1218.0,1205.5,1211.5,nan,1213.0,29358,2136910770.0,20727,1212.5,20,1212.0,11,nan,0,nan,0,nan,0,nan,0,nan,0,nan,0,nan,0,nan,0
1597989319175127040,1597989319750000128,2020-08-21 13:55:19.750000,1212.0,1218.0,1205.5,1211.5,nan,1213.0,29358,2136910770.0,20727,1212.5,20,1212.0,15,nan,0,nan,0,nan,0,nan,0,nan,0,nan,0,nan,0,nan,0
1597989319698763008,1597989320244000000,2020-08-21 13:55:20.244000,1212.0,1218.0,1205.5,1211.5,nan,1213.0,29358,2136910770.0,20727,1212.5,20,1212.0,16,nan,0,nan,0,nan,0,nan,0,nan,0,nan,0,nan,0,nan,0
1597989320641188096,1597989321233999872,2020-08-21 13:55:21.234000,1212.5,1218.0,1205.5,1211.5,nan,1213.0,29359,2136983520.0,20727,1212.5,19,1212.0,16,nan,0,nan,0,nan,0,nan,0,nan,0,nan,0,nan,0,nan,0
1597989321184135936,1597989321744999936,2020-08-21 13:55:21.745000,1212.5,1218.0,1205.5,1211.5,nan,1213.0,29360,2137056270.0,20728,1212.5,17,1212.0,19,nan,0,nan,0,nan,0,nan,0,nan,0,nan,0,nan,0,nan,0
1597989323156894976,1597989323750000128,2020-08-21 13:55:23.750000,1212.5,1218.0,1205.5,1211.5,nan,1213.0,29360,2137056270.0,20728,1212.5,16,1212.0,19,nan,0,nan,0,nan,0,nan,0,nan,0,nan,0,nan,0,nan,0
1597989326668759040,1597989327233999872,2020-08-21 13:55:27.234000,1212.5,1218.0,1205.5,1211.5,nan,1213.0,29361,2137129020.0,20729,1212.5,12,1212.0,19,nan,0,nan,0,nan,0,nan,0,nan,0,nan,0,nan,0,nan,0
1597989336156928000,1597989336731000064,2020-08-21 13:55:36.731000,1212.5,1218.0,1205.5,1211.5,nan,1213.0,29361,2137129020.0,20729,1212.5,12,1212.0,20,nan,0,nan,0,nan,0,nan,0,nan,0,nan,0,nan,0,nan,0
1597989336689903104,1597989337227000064,2020-08-21 13:55:37.227000,1212.5,1218.0,1205.5,1211.5,nan,1213.0,29363,2137274520.0,20731,1212.5,4,1212.0,20,nan,0,nan,0,nan,0,nan,0,nan,0,nan,0,nan,0,nan,0
1597989337145776896,1597989337736999936,2020-08-21 13:55:37.737000,1212.5,1218.0,1205.5,1211.5,nan,1213.0,29363,2137274520.0,20731,1212.5,1,1212.0,26,nan,0,nan,0,nan,0,nan,0,nan,0,nan,0,nan,0,nan,0
1597989337646262016,1597989338246000128,2020-08-21 13:55:38.246000,1212.5,1218.0,1205.5,1211.5,nan,1213.0,29364,2137347270.0,20732,1213.0,27,1212.5,3,nan,0,nan,0,nan,0,nan,0,nan,0,nan,0,nan,0,nan,0
1597989338150582016,1597989338744999936,2020-08-21 13:55:38.745000,1212.5,1218.0,1205.5,1211.5,nan,1213.0,29369,2137711020.0,20730,1213.0,27,1212.0,23,nan,0,nan,0,nan,0,nan,0,nan,0,nan,0,nan,0,nan,0
1597989338656777984,1597989339242000128,2020-08-21 13:55:39.242000,1212.5,1218.0,1205.5,1211.5,nan,1213.0,29369,2137711020.0,20730,1213.0,27,1212.0,24,nan,0,nan,0,nan,0,nan,0,nan,0,nan,0,nan,0,nan,0
1597989339679085056,1597989340236999936,2020-08-21 13:55:40.237000,1213.0,1218.0,1205.5,1211.5,nan,1213.0,29375,2138147700.0,20733,1213.0,21,1212.0,24,nan,0,nan,0,nan,0,nan,0,nan,0,nan,0,nan,0,nan,0
1597989340140484096,1597989340736000000,2020-08-21 13:55:40.736000,1212.0,1218.0,1205.5,1211.5,nan,1213.0,29376,2138220420.0,20733,1213.0,21,1212.0,23,nan,0,nan,0,nan,0,nan,0,nan,0,nan,0,nan,0,nan,0
1597989353153647104,1597989353744999936,2020-08-21 13:55:53.745000,1212.0,1218.0,1205.5,1211.5,nan,1213.0,29376,2138220420.0,20733,1213.0,21,1212.0,24,nan,0,nan,0,nan,0,nan,0,nan,0,nan,0,nan,0,nan,0
1597989353658584064,1597989354244000000,2020-08-21 13:55:54.244000,1212.5,1218.0,1205.5,1211.5,nan,1213.0,29378,2138365920.0,20735,1212.5,10,1212.0,24,nan,0,nan,0,nan,0,nan,0,nan,0,nan,0,nan,0,nan,0
1597989356139165952,1597989356736000000,2020-08-21 13:55:56.736000,1212.5,1218.0,1205.5,1211.5,nan,1213.0,29380,2138511420.0,20733,1212.5,8,1212.0,24,nan,0,nan,0,nan,0,nan,0,nan,0,nan,0,nan,0,nan,0
1597989360179831040,1597989360716999936,2020-08-21 13:56:00.717000,1212.0,1218.0,1205.5,1211.5,nan,1213.0,29382,2138656860.0,20735,1212.5,8,1212.0,22,nan,0,nan,0,nan,0,nan,0,nan,0,nan,0,nan,0,nan,0
1597989360642249984,1597989361243000064,2020-08-21 13:56:01.243000,1212.0,1218.0,1205.5,1211.5,nan,1213.0,29382,2138656860.0,20735,1212.5,18,1212.0,22,nan,0,nan,0,nan,0,nan,0,nan,0,nan,0,nan,0,nan,0
1597989361147698944,1597989361731000064,2020-08-21 13:56:01.731000,1212.0,1218.0,1205.5,1211.5,nan,1213.0,29382,2138656860.0,20735,1212.5,19,1212.0,22,nan,0,nan,0,nan,0,nan,0,nan,0,nan,0,nan,0,nan,0
1597989362194848000,1597989362737999872,2020-08-21 13:56:02.738000,1212.0,1218.0,1205.5,1211.5,nan,1213.0,29382,2138656860.0,20735,1212.5,19,1212.0,25,nan,0,nan,0,nan,0,nan,0,nan,0,nan,0,nan,0,nan,0
1597989362638467072,1597989363226000128,2020-08-21 13:56:03.226000,1212.0,1218.0,1205.5,1211.5,nan,1213.0,29382,2138656860.0,20735,1212.5,19,1212.0,22,nan,0,nan,0,nan,0,nan,0,nan,0,nan,0,nan,0,nan,0
1597989363642486016,1597989364226000128,2020-08-21 13:56:04.226000,1212.0,1218.0,1205.5,1211.5,nan,1213.0,29382,2138656860.0,20735,1212.5,19,1212.0,19,nan,0,nan,0,nan,0,nan,0,nan,0,nan,0,nan,0,nan,0
1597989364134067968,1597989364752000000,2020-08-21 13:56:04.752000,1212.5,1218.0,1205.5,1211.5,nan,1213.0,29383,2138729610.0,20735,1212.5,18,1212.0,22,nan,0,nan,0,nan,0,nan,0,nan,0,nan,0,nan,0,nan,0
1597989364629697024,1597989365233999872,2020-08-21 13:56:05.234000,1212.5,1218.0,1205.5,1211.5,nan,1213.0,29383,2138729610.0,20735,1212.5,18,1212.0,23,nan,0,nan,0,nan,0,nan,0,nan,0,nan,0,nan,0,nan,0
1597989368147933952,1597989368744999936,2020-08-21 13:56:08.745000,1212.5,1218.0,1205.5,1211.5,nan,1213.0,29383,2138729610.0,20735,1212.5,19,1212.0,22,nan,0,nan,0,nan,0,nan,0,nan,0,nan,0,nan,0,nan,0
1597989368644587008,1597989369244000000,2020-08-21 13:56:09.244000,1212.5,1218.0,1205.5,1211.5,nan,1213.0,29383,2138729610.0,20735,1212.5,19,1212.0,13,nan,0,nan,0,nan,0,nan,0,nan,0,nan,0,nan,0,nan,0
1597989369693765120,1597989370252999936,2020-08-21 13:56:10.253000,1212.5,1218.0,1205.5,1211.5,nan,1213.0,29383,2138729610.0,20735,1212.5,19,1212.0,7,nan,0,nan,0,nan,0,nan,0,nan,0,nan,0,nan,0,nan,0
1597989370155307008,1597989370707000064,2020-08-21 13:56:10.707000,1212.0,1218.0,1205.5,1211.5,nan,1213.0,29390,2139238650.0,20734,1212.5,22,1211.5,31,nan,0,nan,0,nan,0,nan,0,nan,0,nan,0,nan,0,nan,0
1597989370662731008,1597989371247000064,2020-08-21 13:56:11.247000,1212.0,1218.0,1205.5,1211.5,nan,1213.0,29390,2139238650.0,20734,1212.5,22,1211.5,32,nan,0,nan,0,nan,0,nan,0,nan,0,nan,0,nan,0,nan,0
1597989371706684928,1597989372234999808,2020-08-21 13:56:12.235000,1212.0,1218.0,1205.5,1211.5,nan,1213.0,29390,2139238650.0,20734,1212.5,25,1211.5,32,nan,0,nan,0,nan,0,nan,0,nan,0,nan,0,nan,0,nan,0
1597989372714691072,1597989373252000000,2020-08-21 13:56:13.252000,1212.0,1218.0,1205.5,1211.5,nan,1213.0,29390,2139238650.0,20734,1212.5,28,1211.5,32,nan,0,nan,0,nan,0,nan,0,nan,0,nan,0,nan,0,nan,0
1597989375177138944,1597989375730000128,2020-08-21 13:56:15.730000,1212.0,1218.0,1205.5,1211.5,nan,1213.0,29390,2139238650.0,20734,1212.0,1,1211.5,32,nan,0,nan,0,nan,0,nan,0,nan,0,nan,0,nan,0,nan,0
1597989375655843072,1597989376228000000,2020-08-21 13:56:16.228000,1212.0,1218.0,1205.5,1211.5,nan,1213.0,29391,2139311370.0,20734,1212.0,1,1211.5,32,nan,0,nan,0,nan,0,nan,0,nan,0,nan,0,nan,0,nan,0
1597989379140104960,1597989379752999936,2020-08-21 13:56:19.753000,1212.0,1218.0,1205.5,1211.5,nan,1213.0,29392,2139384090.0,20734,1212.5,28,1211.5,32,nan,0,nan,0,nan,0,nan,0,nan,0,nan,0,nan,0,nan,0
