local_nano_time,quote_nano_time,datetime,last_price,highest,lowest,open,close,average,volume,amount,open_interest,ask_price1,ask_volume1,bid_price1,bid_volume1,ask_price2,ask_volume2,bid_price2,bid_volume2,ask_price3,ask_volume3,bid_price3,bid_volume3,ask_price4,ask_volume4,bid_price4,bid_volume4,ask_price5,ask_volume5,bid_price5,bid_volume5
1597988229839225088,1597988230432000000,2020-08-21 13:37:10.432000,5622.0,5650.0,5554.0,5610.0,nan,5602.0,624619,35003300780.0,378941,5622.0,76,5620.0,189,nan,0,nan,0,nan,0,nan,0,nan,0,nan,0,nan,0,nan,0
1597988230365168128,1597988230935000064,2020-08-21 13:37:10.935000,5622.0,5650.0,5554.0,5610.0,nan,5602.0,624626,35003694320.0,378936,5622.0,105,5620.0,184,nan,0,nan,0,nan,0,nan,0,nan,0,nan,0,nan,0,nan,0
1597988230827493120,1597988231436999936,2020-08-21 13:37:11.437000,5622.0,5650.0,5554.0,5610.0,nan,5602.0,624628,35003806760.0,378936,5622.0,175,5620.0,184,nan,0,nan,0,nan,0,nan,0,nan,0,nan,0,nan,0,nan,0
1597988231334127104,1597988231910000128,2020-08-21 13:37:11.910000,5622.0,5650.0,5554.0,5610.0,nan,5602.0,624650,35005043600.0,378951,5622.0,161,5620.0,165,nan,0,nan,0,nan,0,nan,0,nan,0,nan,0,nan,0,nan,0
1597988231834777088,1597988232423000064,2020-08-21 13:37:12.423000,5622.0,5650.0,5554.0,5610.0,nan,5602.0,624652,35005156040.0,378953,5622.0,161,5620.0,166,nan,0,nan,0,nan,0,nan,0,nan,0,nan,0,nan,0,nan,0
1597988232336158976,1597988232932000000,2020-08-21 13:37:12.932000,5622.0,5650.0,5554.0,5610.0,nan,5602.0,624652,35005156040.0,378953,5622.0,163,5620.0,167,nan,0,nan,0,nan,0,nan,0,nan,0,nan,0,nan,0,nan,0
1597988233350074880,1597988233912000000,2020-08-21 13:37:13.912000,5620.0,5650.0,5554.0,5610.0,nan,5602.0,624653,35005212240.0,378954,5622.0,167,5620.0,173,nan,0,nan,0,nan,0,nan,0,nan,0,nan,0,nan,0,nan,0
1597988233837637888,1597988234420999936,2020-08-21 13:37:14.421000,5620.0,5650.0,5554.0,5610.0,nan,5602.0,624813,35014204240.0,378952,5620.0,28,5618.0,220,nan,0,nan,0,nan,0,nan,0,nan,0,nan,0,nan,0,nan,0
1597988234336198912,1597988234937999872,2020-08-21 13:37:14.938000,5620.0,5650.0,5554.0,5610.0,nan,5602.0,624908,35019543240.0,378950,5622.0,174,5620.0,3,nan,0,nan,0,nan,0,nan,0,nan,0,nan,0,nan,0,nan,0
1597988234827952896,1597988235413000192,2020-08-21 13:37:15.413000,5622.0,5650.0,5554.0,5610.0,nan,5602.0,624909,35019599460.0,378950,5622.0,170,5620.0,95,nan,0,nan,0,nan,0,nan,0,nan,0,nan,0,nan,0,nan,0
1597988235352869120,1597988235905999872,2020-08-21 13:37:15.906000,5620.0,5650.0,5554.0,5610.0,nan,5602.0,624910,35019655660.0,378951,5622.0,175,5620.0,101,nan,0,nan,0,nan,0,nan,0,nan,0,nan,0,nan,0,nan,0
1597988235828442112,1597988236432000000,2020-08-21 13:37:16.432000,5620.0,5650.0,5554.0,5610.0,nan,5602.0,624911,35019711860.0,378952,5622.0,176,5620.0,122,nan,0,nan,0,nan,0,nan,0,nan,0,nan,0,nan,0,nan,0
1597988236329453056,1597988236918999808,2020-08-21 13:37:16.919000,5620.0,5650.0,5554.0,5610.0,nan,5602.0,624917,35020049140.0,378953,5622.0,173,5620.0,124,nan,0,nan,0,nan,0,nan,0,nan,0,nan,0,nan,0,nan,0
1597988236830182912,1597988237435000064,2020-08-21 13:37:17.435000,5620.0,5650.0,5554.0,5610.0,nan,5602.0,624927,35020611140.0,378953,5622.0,176,5620.0,116,nan,0,nan,0,nan,0,nan,0,nan,0,nan,0,nan,0,nan,0
1597988237325424128,1597988237934000128,2020-08-21 13:37:17.934000,5620.0,5650.0,5554.0,5610.0,nan,5602.0,624929,35020723540.0,378955,5622.0,180,5620.0,115,nan,0,nan,0,nan,0,nan,0,nan,0,nan,0,nan,0,nan,0
1597988237826387968,1597988238430000128,2020-08-21 13:37:18.430000,5620.0,5650.0,5554.0,5610.0,nan,5602.0,624929,35020723540.0,378955,5622.0,191,5620.0,59,nan,0,nan,0,nan,0,nan,0,nan,0,nan,0,nan,0,nan,0
1597988238358475008,1597988238932000000,2020-08-21 13:37:18.932000,5620.0,5650.0,5554.0,5610.0,nan,5602.0,624934,35021004560.0,378959,5622.0,197,5620.0,57,nan,0,nan,0,nan,0,nan,0,nan,0,nan,0,nan,0,nan,0
1597988238824768000,1597988239420999936,2020-08-21 13:37:19.421000,5622.0,5650.0,5554.0,5610.0,nan,5602.0,624935,35021060780.0,378960,5622.0,196,5620.0,57,nan,0,nan,0,nan,0,nan,0,nan,0,nan,0,nan,0,nan,0
1597988239339984896,1597988239932000000,2020-08-21 13:37:19.932000,5620.0,5650.0,5554.0,5610.0,nan,5602.0,624938,35021229420.0,378962,5622.0,193,5620.0,58,nan,0,nan,0,nan,0,nan,0,nan,0,nan,0,nan,0,nan,0
1597988239838041088,1597988240416999936,2020-08-21 13:37:20.417000,5622.0,5650.0,5554.0,5610.0,nan,5602.0,624943,35021510520.0,378967,5622.0,191,5620.0,68,nan,0,nan,0,nan,0,nan,0,nan,0,nan,0,nan,0,nan,0
1597988240327496960,1597988240916000000,2020-08-21 13:37:20.916000,5620.0,5650.0,5554.0,5610.0,nan,5602.0,624948,35021791520.0,378967,5622.0,203,5620.0,80,nan,0,nan,0,nan,0,nan,0,nan,0,nan,0,nan,0,nan,0
1597988240835506944,1597988241423000064,2020-08-21 13:37:21.423000,5622.0,5650.0,5554.0,5610.0,nan,5602.0,624949,35021847740.0,378968,5622.0,205,5620.0,81,nan,0,nan,0,nan,0,nan,0,nan,0,nan,0,nan,0,nan,0
1597988241327315968,1597988241936000000,2020-08-21 13:37:21.936000,5622.0,5650.0,5554.0,5610.0,nan,5602.0,624949,35021847740.0,378968,5622.0,207,5620.0,93,nan,0,nan,0,nan,0,nan,0,nan,0,nan,0,nan,0,nan,0
1597988241826807040,1597988242423000064,2020-08-21 13:37:22.423000,5620.0,5650.0,5554.0,5610.0,nan,5602.0,624950,35021903940.0,378969,5622.0,209,5620.0,95,nan,0,nan,0,nan,0,nan,0,nan,0,nan,0,nan,0,nan,0
1597988242348233984,1597988242935000064,2020-08-21 13:37:22.935000,5620.0,5650.0,5554.0,5610.0,nan,5602.0,624980,35023589980.0,378968,5622.0,210,5620.0,75,nan,0,nan,0,nan,0,nan,0,nan,0,nan,0,nan,0,nan,0
1597988242825678080,1597988243432000000,2020-08-21 13:37:23.432000,5620.0,5650.0,5554.0,5610.0,nan,5602.0,624983,35023758600.0,378969,5622.0,209,5620.0,60,nan,0,nan,0,nan,0,nan,0,nan,0,nan,0,nan,0,nan,0
1597988243329307904,1597988243917999872,2020-08-21 13:37:23.918000,5620.0,5650.0,5554.0,5610.0,nan,5602.0,625044,35027186800.0,379008,5620.0,78,5618.0,232,nan,0,nan,0,nan,0,nan,0,nan,0,nan,0,nan,0,nan,0
1597988243827609088,1597988244433000192,2020-08-21 13:37:24.433000,5620.0,5650.0,5554.0,5610.0,nan,5602.0,625054,35027748780.0,379016,5620.0,80,5618.0,232,nan,0,nan,0,nan,0,nan,0,nan,0,nan,0,nan,0,nan,0
1597988244349195008,1597988244932000000,2020-08-21 13:37:24.932000,5620.0,5650.0,5554.0,5610.0,nan,5602.0,625060,35028085980.0,379022,5620.0,97,5618.0,223,nan,0,nan,0,nan,0,nan,0,nan,0,nan,0,nan,0,nan,0
1597988244837288960,1597988245427000064,2020-08-21 13:37:25.427000,5620.0,5650.0,5554.0,5610.0,nan,5602.0,625066,35028423160.0,379028,5620.0,78,5618.0,222,nan,0,nan,0,nan,0,nan,0,nan,0,nan,0,nan,0,nan,0
1597988245343272960,1597988245882999808,2020-08-21 13:37:25.883000,5620.0,5650.0,5554.0,5610.0,nan,5602.0,625070,35028647960.0,379032,5620.0,77,5618.0,229,nan,0,nan,0,nan,0,nan,0,nan,0,nan,0,nan,0,nan,0
1597988245825190912,1597988246423000064,2020-08-21 13:37:26.423000,5620.0,5650.0,5554.0,5610.0,nan,5602.0,625073,35028816560.0,379035,5620.0,81,5618.0,224,nan,0,nan,0,nan,0,nan,0,nan,0,nan,0,nan,0,nan,0
1597988246335695104,1597988246932000000,2020-08-21 13:37:26.932000,5620.0,5650.0,5554.0,5610.0,nan,5602.0,625073,35028816560.0,379035,5620.0,86,5618.0,224,nan,0,nan,0,nan,0,nan,0,nan,0,nan,0,nan,0,nan,0
1597988246825147904,1597988247436999936,2020-08-21 13:37:27.437000,5620.0,5650.0,5554.0,5610.0,nan,5602.0,625082,35029322220.0,379037,5620.0,85,5618.0,217,nan,0,nan,0,nan,0,nan,0,nan,0,nan,0,nan,0,nan,0
1597988247831673088,1597988248420999936,2020-08-21 13:37:28.421000,5618.0,5650.0,5554.0,5610.0,nan,5602.0,625086,35029546940.0,379037,5620.0,102,5618.0,213,nan,0,nan,0,nan,0,nan,0,nan,0,nan,0,nan,0,nan,0
1597988248355320064,1597988248938999808,2020-08-21 13:37:28.939000,5620.0,5650.0,5554.0,5610.0,nan,5602.0,625089,35029715540.0,379039,5620.0,97,5618.0,222,nan,0,nan,0,nan,0,nan,0,nan,0,nan,0,nan,0,nan,0
1597988248832503040,1597988249420000000,2020-08-21 13:37:29.420000,5620.0,5650.0,5554.0,5610.0,nan,5602.0,625090,35029771740.0,379040,5620.0,91,5618.0,222,nan,0,nan,0,nan,0,nan,0,nan,0,nan,0,nan,0,nan,0
1597988249330019072,1597988249930000128,2020-08-21 13:37:29.930000,5620.0,5650.0,5554.0,5610.0,nan,5602.0,625090,35029771740.0,379040,5620.0,97,5618.0,222,nan,0,nan,0,nan,0,nan,0,nan,0,nan,0,nan,0,nan,0
1597988249850974976,1597988250435000064,2020-08-21 13:37:30.435000,5620.0,5650.0,5554.0,5610.0,nan,5602.0,625090,35029771740.0,379040,5620.0,103,5618.0,222,nan,0,nan,0,nan,0,nan,0,nan,0,nan,0,nan,0,nan,0
1597988250337172992,1597988250933000192,2020-08-21 13:37:30.933000,5620.0,5650.0,5554.0,5610.0,nan,5602.0,625093,35029940340.0,379041,5620.0,112,5618.0,222,nan,0,nan,0,nan,0,nan,0,nan,0,nan,0,nan,0,nan,0
1597988250827900928,1597988251436000000,2020-08-21 13:37:31.436000,5618.0,5650.0,5554.0,5610.0,nan,5602.0,625097,35030165120.0,379043,5620.0,99,5618.0,222,nan,0,nan,0,nan,0,nan,0,nan,0,nan,0,nan,0,nan,0
1597988251352940032,1597988251914000128,2020-08-21 13:37:31.914000,5618.0,5650.0,5554.0,5610.0,nan,5602.0,625102,35030446020.0,379045,5620.0,113,5618.0,248,nan,0,nan,0,nan,0,nan,0,nan,0,nan,0,nan,0,nan,0
1597988251837622016,1597988252421999872,2020-08-21 13:37:32.422000,5620.0,5650.0,5554.0,5610.0,nan,5602.0,625103,35030502220.0,379046,5620.0,107,5618.0,250,nan,0,nan,0,nan,0,nan,0,nan,0,nan,0,nan,0,nan,0
1597988252400660992,1597988252915000064,2020-08-21 13:37:32.915000,5618.0,5650.0,5554.0,5610.0,nan,5602.0,625105,35030614580.0,379047,5620.0,91,5618.0,248,nan,0,nan,0,nan,0,nan,0,nan,0,nan,0,nan,0,nan,0
1597988252829004032,1597988253424000000,2020-08-21 13:37:33.424000,5618.0,5650.0,5554.0,5610.0,nan,5602.0,625105,35030614580.0,379047,5620.0,114,5618.0,248,nan,0,nan,0,nan,0,nan,0,nan,0,nan,0,nan,0,nan,0
1597988253337356032,1597988253898999808,2020-08-21 13:37:33.899000,5618.0,5650.0,5554.0,5610.0,nan,5602.0,625120,35031457280.0,379061,5620.0,116,5618.0,240,nan,0,nan,0,nan,0,nan,0,nan,0,nan,0,nan,0,nan,0
1597988253845417984,1597988254438999808,2020-08-21 13:37:34.439000,5618.0,5650.0,5554.0,5610.0,nan,5602.0,625129,35031962900.0,379065,5620.0,130,5618.0,230,nan,0,nan,0,nan,0,nan,0,nan,0,nan,0,nan,0,nan,0
1597988254348218880,1597988254935000064,2020-08-21 13:37:34.935000,5618.0,5650.0,5554.0,5610.0,nan,5602.0,625133,35032187620.0,379063,5620.0,130,5618.0,226,nan,0,nan,0,nan,0,nan,0,nan,0,nan,0,nan,0,nan,0
1597988254859739904,1597988255433000192,2020-08-21 13:37:35.433000,5620.0,5650.0,5554.0,5610.0,nan,5602.0,625136,35032356180.0,379066,5620.0,159,5618.0,224,nan,0,nan,0,nan,0,nan,0,nan,0,nan,0,nan,0,nan,0
1597988255343394048,1597988255931000064,2020-08-21 13:37:35.931000,5620.0,5650.0,5554.0,5610.0,nan,5602.0,625136,35032356180.0,379066,5620.0,165,5618.0,224,nan,0,nan,0,nan,0,nan,0,nan,0,nan,0,nan,0,nan,0
1597988255844483072,1597988256426000128,2020-08-21 13:37:36.426000,5620.0,5650.0,5554.0,5610.0,nan,5602.0,625137,35032412380.0,379066,5620.0,171,5618.0,224,nan,0,nan,0,nan,0,nan,0,nan,0,nan,0,nan,0,nan,0
1597988256339611904,1597988256924999936,2020-08-21 13:37:36.925000,5620.0,5650.0,5554.0,5610.0,nan,5602.0,625137,35032412380.0,379066,5620.0,171,5618.0,227,nan,0,nan,0,nan,0,nan,0,nan,0,nan,0,nan,0,nan,0
1597988256833314048,1597988257427000064,2020-08-21 13:37:37.427000,5618.0,5650.0,5554.0,5610.0,nan,5602.0,625138,35032468560.0,379067,5620.0,167,5618.0,226,nan,0,nan,0,nan,0,nan,0,nan,0,nan,0,nan,0,nan,0
1597988257353947904,1597988257933000192,2020-08-21 13:37:37.933000,5618.0,5650.0,5554.0,5610.0,nan,5602.0,625146,35032918000.0,379064,5620.0,167,5618.0,220,nan,0,nan,0,nan,0,nan,0,nan,0,nan,0,nan,0,nan,0
1597988257836633088,1597988258416999936,2020-08-21 13:37:38.417000,5618.0,5650.0,5554.0,5610.0,nan,5602.0,625157,35033535980.0,379064,5620.0,164,5618.0,209,nan,0,nan,0,nan,0,nan,0,nan,0,nan,0,nan,0,nan,0
1597988258339183104,1597988258935000064,2020-08-21 13:37:38.935000,5618.0,5650.0,5554.0,5610.0,nan,5602.0,625159,35033648340.0,379062,5620.0,164,5618.0,207,nan,0,nan,0,nan,0,nan,0,nan,0,nan,0,nan,0,nan,0
1597988258826433024,1597988259405999872,2020-08-21 13:37:39.406000,5618.0,5650.0,5554.0,5610.0,nan,5602.0,625159,35033648340.0,379062,5620.0,169,5618.0,207,nan,0,nan,0,nan,0,nan,0,nan,0,nan,0,nan,0,nan,0
1597988259328934912,1597988259921999872,2020-08-21 13:37:39.922000,5620.0,5650.0,5554.0,5610.0,nan,5602.0,625160,35033704540.0,379062,5620.0,168,5618.0,207,nan,0,nan,0,nan,0,nan,0,nan,0,nan,0,nan,0,nan,0
1597988259840975104,1597988260427000064,2020-08-21 13:37:40.427000,5620.0,5650.0,5554.0,5610.0,nan,5602.0,625160,35033704540.0,379062,5620.0,175,5618.0,210,nan,0,nan,0,nan,0,nan,0,nan,0,nan,0,nan,0,nan,0
1597988260837849088,1597988261436000000,2020-08-21 13:37:41.436000,5620.0,5650.0,5554.0,5610.0,nan,5602.0,625161,35033760740.0,379063,5620.0,174,5618.0,212,nan,0,nan,0,nan,0,nan,0,nan,0,nan,0,nan,0,nan,0
1597988261333504000,1597988261931000064,2020-08-21 13:37:41.931000,5618.0,5650.0,5554.0,5610.0,nan,5602.0,625162,35033816920.0,379064,5620.0,176,5618.0,213,nan,0,nan,0,nan,0,nan,0,nan,0,nan,0,nan,0,nan,0
1597988261837133056,1597988262435000064,2020-08-21 13:37:42.435000,5618.0,5650.0,5554.0,5610.0,nan,5602.0,625167,35034097820.0,379062,5620.0,176,5618.0,225,nan,0,nan,0,nan,0,nan,0,nan,0,nan,0,nan,0,nan,0
1597988262343918080,1597988262910000128,2020-08-21 13:37:42.910000,5618.0,5650.0,5554.0,5610.0,nan,5602.0,625167,35034097820.0,379062,5620.0,177,5618.0,225,nan,0,nan,0,nan,0,nan,0,nan,0,nan,0,nan,0,nan,0
1597988262826720000,1597988263379000064,2020-08-21 13:37:43.379000,5618.0,5650.0,5554.0,5610.0,nan,5602.0,625167,35034097820.0,379062,5620.0,149,5618.0,225,nan,0,nan,0,nan,0,nan,0,nan,0,nan,0,nan,0,nan,0
1597988263350469888,1597988263930000128,2020-08-21 13:37:43.930000,5620.0,5650.0,5554.0,5610.0,nan,5602.0,625168,35034154020.0,379063,5620.0,146,5618.0,226,nan,0,nan,0,nan,0,nan,0,nan,0,nan,0,nan,0,nan,0
1597988263833729024,1597988264433000192,2020-08-21 13:37:44.433000,5618.0,5650.0,5554.0,5610.0,nan,5602.0,625169,35034210200.0,379062,5620.0,146,5618.0,225,nan,0,nan,0,nan,0,nan,0,nan,0,nan,0,nan,0,nan,0
1597988264833938944,1597988265413000192,2020-08-21 13:37:45.413000,5620.0,5650.0,5554.0,5610.0,nan,5602.0,625175,35034547320.0,379060,5620.0,148,5618.0,221,nan,0,nan,0,nan,0,nan,0,nan,0,nan,0,nan,0,nan,0
1597988265344984064,1597988265935000064,2020-08-21 13:37:45.935000,5620.0,5650.0,5554.0,5610.0,nan,5602.0,625176,35034603520.0,379061,5620.0,148,5618.0,221,nan,0,nan,0,nan,0,nan,0,nan,0,nan,0,nan,0,nan,0
1597988265844965120,1597988266424999936,2020-08-21 13:37:46.425000,5620.0,5650.0,5554.0,5610.0,nan,5602.0,625178,35034715900.0,379062,5620.0,179,5618.0,220,nan,0,nan,0,nan,0,nan,0,nan,0,nan,0,nan,0,nan,0
1597988266337782016,1597988266924000000,2020-08-21 13:37:46.924000,5620.0,5650.0,5554.0,5610.0,nan,5602.0,625180,35034828300.0,379062,5620.0,177,5618.0,222,nan,0,nan,0,nan,0,nan,0,nan,0,nan,0,nan,0,nan,0
1597988266832281088,1597988267416999936,2020-08-21 13:37:47.417000,5620.0,5650.0,5554.0,5610.0,nan,5602.0,625181,35034884500.0,379062,5620.0,165,5618.0,234,nan,0,nan,0,nan,0,nan,0,nan,0,nan,0,nan,0,nan,0
1597988267332689920,1597988267938999808,2020-08-21 13:37:47.939000,5618.0,5650.0,5554.0,5610.0,nan,5602.0,625349,35044326040.0,379177,5622.0,206,5620.0,59,nan,0,nan,0,nan,0,nan,0,nan,0,nan,0,nan,0,nan,0
1597988267835227904,1597988268428999936,2020-08-21 13:37:48.429000,5620.0,5650.0,5554.0,5610.0,nan,5602.0,625350,35044382240.0,379176,5622.0,207,5620.0,68,nan,0,nan,0,nan,0,nan,0,nan,0,nan,0,nan,0,nan,0
1597988268335289088,1597988268924999936,2020-08-21 13:37:48.925000,5622.0,5650.0,5554.0,5610.0,nan,5602.0,625353,35044550900.0,379176,5622.0,204,5620.0,68,nan,0,nan,0,nan,0,nan,0,nan,0,nan,0,nan,0,nan,0
1597988268832168960,1597988269407000064,2020-08-21 13:37:49.407000,5622.0,5650.0,5554.0,5610.0,nan,5602.0,625357,35044775780.0,379176,5622.0,200,5620.0,93,nan,0,nan,0,nan,0,nan,0,nan,0,nan,0,nan,0,nan,0
1597988269353797888,1597988269923000064,2020-08-21 13:37:49.923000,5622.0,5650.0,5554.0,5610.0,nan,5602.0,625362,35045056800.0,379176,5622.0,199,5620.0,93,nan,0,nan,0,nan,0,nan,0,nan,0,nan,0,nan,0,nan,0
1597988270327640064,1597988270935000064,2020-08-21 13:37:50.935000,5622.0,5650.0,5554.0,5610.0,nan,5602.0,625368,35045394080.0,379175,5622.0,195,5620.0,91,nan,0,nan,0,nan,0,nan,0,nan,0,nan,0,nan,0,nan,0
1597988270837210112,1597988271434000128,2020-08-21 13:37:51.434000,5620.0,5650.0,5554.0,5610.0,nan,5602.0,625416,35048091680.0,379175,5622.0,195,5620.0,23,nan,0,nan,0,nan,0,nan,0,nan,0,nan,0,nan,0,nan,0
1597988271333390080,1597988271913000192,2020-08-21 13:37:51.913000,5622.0,5650.0,5554.0,5610.0,nan,5602.0,625418,35048204120.0,379175,5622.0,204,5620.0,84,nan,0,nan,0,nan,0,nan,0,nan,0,nan,0,nan,0,nan,0
1597988271827066112,1597988272432000000,2020-08-21 13:37:52.432000,5622.0,5650.0,5554.0,5610.0,nan,5602.0,625418,35048204120.0,379175,5622.0,203,5620.0,107,nan,0,nan,0,nan,0,nan,0,nan,0,nan,0,nan,0,nan,0
1597988272337946880,1597988272932000000,2020-08-21 13:37:52.932000,5622.0,5650.0,5554.0,5610.0,nan,5602.0,625420,35048316540.0,379175,5622.0,212,5620.0,102,nan,0,nan,0,nan,0,nan,0,nan,0,nan,0,nan,0,nan,0
1597988272835976960,1597988273434000128,2020-08-21 13:37:53.434000,5622.0,5650.0,5554.0,5610.0,nan,5602.0,625425,35048597640.0,379178,5622.0,206,5620.0,102,nan,0,nan,0,nan,0,nan,0,nan,0,nan,0,nan,0,nan,0
1597988273327866112,1597988273932000000,2020-08-21 13:37:53.932000,5622.0,5650.0,5554.0,5610.0,nan,5602.0,625428,35048766300.0,379180,5622.0,197,5620.0,108,nan,0,nan,0,nan,0,nan,0,nan,0,nan,0,nan,0,nan,0
1597988273826545920,1597988274432000000,2020-08-21 13:37:54.432000,5622.0,5650.0,5554.0,5610.0,nan,5602.0,625428,35048766300.0,379180,5622.0,192,5620.0,121,nan,0,nan,0,nan,0,nan,0,nan,0,nan,0,nan,0,nan,0
1597988274331731968,1597988274931000064,2020-08-21 13:37:54.931000,5622.0,5650.0,5554.0,5610.0,nan,5602.0,625438,35049328340.0,379187,5622.0,198,5620.0,110,nan,0,nan,0,nan,0,nan,0,nan,0,nan,0,nan,0,nan,0
1597988274829307904,1597988275411000064,2020-08-21 13:37:55.411000,5622.0,5650.0,5554.0,5610.0,nan,5602.0,625438,35049328340.0,379187,5622.0,198,5620.0,111,nan,0,nan,0,nan,0,nan,0,nan,0,nan,0,nan,0,nan,0
1597988275352224000,1597988275917999872,2020-08-21 13:37:55.918000,5622.0,5650.0,5554.0,5610.0,nan,5602.0,625444,35049665620.0,379190,5622.0,194,5620.0,110,nan,0,nan,0,nan,0,nan,0,nan,0,nan,0,nan,0,nan,0
1597988275831185920,1597988276408000000,2020-08-21 13:37:56.408000,5622.0,5650.0,5554.0,5610.0,nan,5602.0,625445,35049721840.0,379191,5622.0,193,5620.0,114,nan,0,nan,0,nan,0,nan,0,nan,0,nan,0,nan,0,nan,0
1597988276359065088,1597988276926000128,2020-08-21 13:37:56.926000,5622.0,5650.0,5554.0,5610.0,nan,5602.0,625445,35049721840.0,379191,5622.0,203,5620.0,119,nan,0,nan,0,nan,0,nan,0,nan,0,nan,0,nan,0,nan,0
1597988276831468032,1597988277428999936,2020-08-21 13:37:57.429000,5622.0,5650.0,5554.0,5610.0,nan,5602.0,625463,35050733500.0,379200,5622.0,201,5620.0,100,nan,0,nan,0,nan,0,nan,0,nan,0,nan,0,nan,0,nan,0
1597988277331983872,1597988277920000000,2020-08-21 13:37:57.920000,5622.0,5650.0,5554.0,5610.0,nan,5602.0,625467,35050958380.0,379200,5622.0,197,5620.0,101,nan,0,nan,0,nan,0,nan,0,nan,0,nan,0,nan,0,nan,0
1597988277827535872,1597988278436000000,2020-08-21 13:37:58.436000,5622.0,5650.0,5554.0,5610.0,nan,5602.0,625474,35051351920.0,379198,5622.0,190,5620.0,100,nan,0,nan,0,nan,0,nan,0,nan,0,nan,0,nan,0,nan,0
1597988278356819968,1597988278937999872,2020-08-21 13:37:58.938000,5620.0,5650.0,5554.0,5610.0,nan,5602.0,625478,35051576720.0,379197,5622.0,190,5620.0,99,nan,0,nan,0,nan,0,nan,0,nan,0,nan,0,nan,0,nan,0
1597988278836776960,1597988279436000000,2020-08-21 13:37:59.436000,5622.0,5650.0,5554.0,5610.0,nan,5602.0,625480,35051689160.0,379196,5622.0,190,5620.0,99,nan,0,nan,0,nan,0,nan,0,nan,0,nan,0,nan,0,nan,0
1597988279333936896,1597988279936999936,2020-08-21 13:37:59.937000,5620.0,5650.0,5554.0,5610.0,nan,5602.0,625481,35051745360.0,379195,5622.0,191,5620.0,99,nan,0,nan,0,nan,0,nan,0,nan,0,nan,0,nan,0,nan,0
1597988279837441024,1597988280436000000,2020-08-21 13:38:00.436000,5620.0,5650.0,5554.0,5610.0,nan,5602.0,625482,35051801560.0,379195,5622.0,191,5620.0,104,nan,0,nan,0,nan,0,nan,0,nan,0,nan,0,nan,0,nan,0
1597988280343155968,1597988280933000192,2020-08-21 13:38:00.933000,5620.0,5650.0,5554.0,5610.0,nan,5602.0,625482,35051801560.0,379195,5622.0,191,5620.0,112,nan,0,nan,0,nan,0,nan,0,nan,0,nan,0,nan,0,nan,0
1597988280834478080,1597988281398999808,2020-08-21 13:38:01.399000,5620.0,5650.0,5554.0,5610.0,nan,5602.0,625562,35056297660.0,379125,5622.0,181,5620.0,109,nan,0,nan,0,nan,0,nan,0,nan,0,nan,0,nan,0,nan,0
1597988281346915072,1597988281924999936,2020-08-21 13:38:01.925000,5620.0,5650.0,5554.0,5610.0,nan,5602.0,625568,35056634960.0,379124,5622.0,177,5620.0,111,nan,0,nan,0,nan,0,nan,0,nan,0,nan,0,nan,0,nan,0
1597988281832432896,1597988282423000064,2020-08-21 13:38:02.423000,5620.0,5650.0,5554.0,5610.0,nan,5602.0,625568,35056634960.0,379124,5622.0,177,5620.0,125,nan,0,nan,0,nan,0,nan,0,nan,0,nan,0,nan,0,nan,0
1597988282336712960,1597988282935000064,2020-08-21 13:38:02.935000,5620.0,5650.0,5554.0,5610.0,nan,5602.0,625568,35056634960.0,379124,5622.0,178,5620.0,130,nan,0,nan,0,nan,0,nan,0,nan,0,nan,0,nan,0,nan,0
1597988282833885952,1597988283430000128,2020-08-21 13:38:03.430000,5620.0,5650.0,5554.0,5610.0,nan,5602.0,625568,35056634960.0,379124,5622.0,178,5620.0,165,nan,0,nan,0,nan,0,nan,0,nan,0,nan,0,nan,0,nan,0
1597988283333656064,1597988283913000192,2020-08-21 13:38:03.913000,5622.0,5650.0,5554.0,5610.0,nan,5602.0,625573,35056916060.0,379122,5622.0,173,5620.0,165,nan,0,nan,0,nan,0,nan,0,nan,0,nan,0,nan,0,nan,0
1597988283837528064,1597988284435000064,2020-08-21 13:38:04.435000,5620.0,5650.0,5554.0,5610.0,nan,5602.0,625821,35070858780.0,379177,5624.0,295,5620.0,176,nan,0,nan,0,nan,0,nan,0,nan,0,nan,0,nan,0,nan,0
1597988284355864064,1597988284932000000,2020-08-21 13:38:04.932000,5622.0,5650.0,5554.0,5610.0,nan,5602.0,625829,35071308540.0,379177,5622.0,33,5620.0,176,nan,0,nan,0,nan,0,nan,0,nan,0,nan,0,nan,0,nan,0
1597988284826567936,1597988285413000192,2020-08-21 13:38:05.413000,5622.0,5650.0,5554.0,5610.0,nan,5602.0,625892,35074849200.0,379160,5622.0,188,5620.0,112,nan,0,nan,0,nan,0,nan,0,nan,0,nan,0,nan,0,nan,0
1597988285336836096,1597988285937999872,2020-08-21 13:38:05.938000,5622.0,5650.0,5554.0,5610.0,nan,5602.0,625892,35074849200.0,379160,5622.0,189,5620.0,111,nan,0,nan,0,nan,0,nan,0,nan,0,nan,0,nan,0,nan,0
1597988285835012096,1597988286428000000,2020-08-21 13:38:06.428000,5622.0,5650.0,5554.0,5610.0,nan,5602.0,625893,35074905420.0,379159,5622.0,189,5620.0,112,nan,0,nan,0,nan,0,nan,0,nan,0,nan,0,nan,0,nan,0
1597988286333876992,1597988286936000000,2020-08-21 13:38:06.936000,5622.0,5650.0,5554.0,5610.0,nan,5602.0,625895,35075017860.0,379157,5622.0,188,5620.0,118,nan,0,nan,0,nan,0,nan,0,nan,0,nan,0,nan,0,nan,0
1597988286824978944,1597988287435000064,2020-08-21 13:38:07.435000,5622.0,5650.0,5554.0,5610.0,nan,5602.0,625895,35075017860.0,379157,5622.0,188,5620.0,125,nan,0,nan,0,nan,0,nan,0,nan,0,nan,0,nan,0,nan,0
1597988287352876032,1597988287937999872,2020-08-21 13:38:07.938000,5622.0,5650.0,5554.0,5610.0,nan,5602.0,625895,35075017860.0,379157,5622.0,188,5620.0,126,nan,0,nan,0,nan,0,nan,0,nan,0,nan,0,nan,0,nan,0
1597988287834573056,1597988288436999936,2020-08-21 13:38:08.437000,5622.0,5650.0,5554.0,5610.0,nan,5602.0,625895,35075017860.0,379157,5622.0,190,5620.0,145,nan,0,nan,0,nan,0,nan,0,nan,0,nan,0,nan,0,nan,0
1597988288325936128,1597988288913000192,2020-08-21 13:38:08.913000,5620.0,5650.0,5554.0,5610.0,nan,5602.0,625922,35076535700.0,379162,5622.0,169,5620.0,141,nan,0,nan,0,nan,0,nan,0,nan,0,nan,0,nan,0,nan,0
1597988288833559040,1597988289432000000,2020-08-21 13:38:09.432000,5620.0,5650.0,5554.0,5610.0,nan,5602.0,625930,35076985300.0,379162,5622.0,169,5620.0,135,nan,0,nan,0,nan,0,nan,0,nan,0,nan,0,nan,0,nan,0
1597988289329021952,1597988289911000064,2020-08-21 13:38:09.911000,5620.0,5650.0,5554.0,5610.0,nan,5602.0,625930,35076985300.0,379162,5622.0,169,5620.0,130,nan,0,nan,0,nan,0,nan,0,nan,0,nan,0,nan,0,nan,0
1597988289826938880,1597988290417999872,2020-08-21 13:38:10.418000,5620.0,5650.0,5554.0,5610.0,nan,5602.0,625930,35076985300.0,379162,5622.0,171,5620.0,131,nan,0,nan,0,nan,0,nan,0,nan,0,nan,0,nan,0,nan,0
1597988290348253952,1597988290931000064,2020-08-21 13:38:10.931000,5620.0,5650.0,5554.0,5610.0,nan,5602.0,625930,35076985300.0,379162,5622.0,222,5620.0,136,nan,0,nan,0,nan,0,nan,0,nan,0,nan,0,nan,0,nan,0
1597988290837031936,1597988291432000000,2020-08-21 13:38:11.432000,5622.0,5650.0,5554.0,5610.0,nan,5602.0,625933,35077153960.0,379165,5622.0,221,5620.0,136,nan,0,nan,0,nan,0,nan,0,nan,0,nan,0,nan,0,nan,0
1597988291342407936,1597988291936000000,2020-08-21 13:38:11.936000,5620.0,5650.0,5554.0,5610.0,nan,5602.0,625936,35077322560.0,379168,5622.0,222,5620.0,140,nan,0,nan,0,nan,0,nan,0,nan,0,nan,0,nan,0,nan,0
1597988291874400000,1597988292436999936,2020-08-21 13:38:12.437000,5620.0,5650.0,5554.0,5610.0,nan,5602.0,625937,35077378760.0,379169,5622.0,223,5620.0,134,nan,0,nan,0,nan,0,nan,0,nan,0,nan,0,nan,0,nan,0
1597988292335926016,1597988292936000000,2020-08-21 13:38:12.936000,5620.0,5650.0,5554.0,5610.0,nan,5602.0,625937,35077378760.0,379169,5622.0,223,5620.0,136,nan,0,nan,0,nan,0,nan,0,nan,0,nan,0,nan,0,nan,0
1597988292838304000,1597988293428000000,2020-08-21 13:38:13.428000,5620.0,5650.0,5554.0,5610.0,nan,5602.0,625938,35077434960.0,379169,5622.0,223,5620.0,140,nan,0,nan,0,nan,0,nan,0,nan,0,nan,0,nan,0,nan,0
1597988293349857024,1597988293931000064,2020-08-21 13:38:13.931000,5620.0,5650.0,5554.0,5610.0,nan,5602.0,625938,35077434960.0,379169,5622.0,224,5620.0,140,nan,0,nan,0,nan,0,nan,0,nan,0,nan,0,nan,0,nan,0
1597988293835983104,1597988294430000128,2020-08-21 13:38:14.430000,5620.0,5650.0,5554.0,5610.0,nan,5602.0,625939,35077491160.0,379170,5622.0,224,5620.0,141,nan,0,nan,0,nan,0,nan,0,nan,0,nan,0,nan,0,nan,0
1597988294347866880,1597988294933000192,2020-08-21 13:38:14.933000,5620.0,5650.0,5554.0,5610.0,nan,5602.0,625939,35077491160.0,379170,5622.0,225,5620.0,132,nan,0,nan,0,nan,0,nan,0,nan,0,nan,0,nan,0,nan,0
1597988294826513920,1597988295438999808,2020-08-21 13:38:15.439000,5620.0,5650.0,5554.0,5610.0,nan,5602.0,625939,35077491160.0,379170,5622.0,227,5620.0,138,nan,0,nan,0,nan,0,nan,0,nan,0,nan,0,nan,0,nan,0
1597988295329424896,1597988295937999872,2020-08-21 13:38:15.938000,5620.0,5650.0,5554.0,5610.0,nan,5602.0,625939,35077491160.0,379170,5622.0,228,5620.0,138,nan,0,nan,0,nan,0,nan,0,nan,0,nan,0,nan,0,nan,0
1597988295827432960,1597988296431000064,2020-08-21 13:38:16.431000,5620.0,5650.0,5554.0,5610.0,nan,5602.0,625944,35077772180.0,379170,5622.0,227,5620.0,153,nan,0,nan,0,nan,0,nan,0,nan,0,nan,0,nan,0,nan,0
1597988296334021120,1597988296903000064,2020-08-21 13:38:16.903000,5622.0,5650.0,5554.0,5610.0,nan,5602.0,625945,35077828400.0,379170,5622.0,226,5620.0,153,nan,0,nan,0,nan,0,nan,0,nan,0,nan,0,nan,0,nan,0
1597988296826734080,1597988297424999936,2020-08-21 13:38:17.425000,5622.0,5650.0,5554.0,5610.0,nan,5602.0,625948,35077997040.0,379170,5622.0,225,5620.0,152,nan,0,nan,0,nan,0,nan,0,nan,0,nan,0,nan,0,nan,0
1597988297325601024,1597988297933000192,2020-08-21 13:38:17.933000,5622.0,5650.0,5554.0,5610.0,nan,5602.0,625955,35078390460.0,379173,5622.0,226,5620.0,144,nan,0,nan,0,nan,0,nan,0,nan,0,nan,0,nan,0,nan,0
1597988297826263040,1597988298433000192,2020-08-21 13:38:18.433000,5622.0,5650.0,5554.0,5610.0,nan,5602.0,625955,35078390460.0,379173,5622.0,226,5620.0,145,nan,0,nan,0,nan,0,nan,0,nan,0,nan,0,nan,0,nan,0
1597988298326088960,1597988298876000000,2020-08-21 13:38:18.876000,5620.0,5650.0,5554.0,5610.0,nan,5602.0,625956,35078446660.0,379174,5622.0,226,5620.0,144,nan,0,nan,0,nan,0,nan,0,nan,0,nan,0,nan,0,nan,0
1597988298827075072,1597988299417999872,2020-08-21 13:38:19.418000,5620.0,5650.0,5554.0,5610.0,nan,5602.0,625963,35078840060.0,379180,5622.0,227,5620.0,138,nan,0,nan,0,nan,0,nan,0,nan,0,nan,0,nan,0,nan,0
1597988299345472000,1597988299933000192,2020-08-21 13:38:19.933000,5620.0,5650.0,5554.0,5610.0,nan,5602.0,626105,35086820460.0,379114,5620.0,82,5618.0,288,nan,0,nan,0,nan,0,nan,0,nan,0,nan,0,nan,0,nan,0
1597988299827316992,1597988300403000064,2020-08-21 13:38:20.403000,5620.0,5650.0,5554.0,5610.0,nan,5602.0,626115,35087382460.0,379124,5620.0,84,5618.0,291,nan,0,nan,0,nan,0,nan,0,nan,0,nan,0,nan,0,nan,0
1597988300337059072,1597988300936999936,2020-08-21 13:38:20.937000,5620.0,5650.0,5554.0,5610.0,nan,5602.0,626119,35087607260.0,379127,5620.0,101,5618.0,223,nan,0,nan,0,nan,0,nan,0,nan,0,nan,0,nan,0,nan,0
1597988300828954112,1597988301433000192,2020-08-21 13:38:21.433000,5620.0,5650.0,5554.0,5610.0,nan,5602.0,626145,35089068460.0,379127,5620.0,70,5618.0,227,nan,0,nan,0,nan,0,nan,0,nan,0,nan,0,nan,0,nan,0
1597988301457303040,1597988301933000192,2020-08-21 13:38:21.933000,5620.0,5650.0,5554.0,5610.0,nan,5602.0,626148,35089237020.0,379130,5620.0,120,5618.0,225,nan,0,nan,0,nan,0,nan,0,nan,0,nan,0,nan,0,nan,0
1597988302075593984,1597988302412000000,2020-08-21 13:38:22.412000,5620.0,5650.0,5554.0,5610.0,nan,5602.0,626148,35089237020.0,379130,5620.0,145,5618.0,225,nan,0,nan,0,nan,0,nan,0,nan,0,nan,0,nan,0,nan,0
1597988302349423104,1597988302921999872,2020-08-21 13:38:22.922000,5618.0,5650.0,5554.0,5610.0,nan,5602.0,626149,35089293200.0,379130,5620.0,138,5618.0,225,nan,0,nan,0,nan,0,nan,0,nan,0,nan,0,nan,0,nan,0
1597988302858358016,1597988303398000128,2020-08-21 13:38:23.398000,5620.0,5650.0,5554.0,5610.0,nan,5602.0,626213,35092890000.0,379176,5620.0,74,5618.0,241,nan,0,nan,0,nan,0,nan,0,nan,0,nan,0,nan,0,nan,0
1597988303336430080,1597988303917999872,2020-08-21 13:38:23.918000,5620.0,5650.0,5554.0,5610.0,nan,5602.0,626214,35092946200.0,379176,5620.0,73,5618.0,248,nan,0,nan,0,nan,0,nan,0,nan,0,nan,0,nan,0,nan,0
1597988303850328064,1597988304435000064,2020-08-21 13:38:24.435000,5620.0,5650.0,5554.0,5610.0,nan,5602.0,626221,35093339480.0,379172,5620.0,88,5618.0,245,nan,0,nan,0,nan,0,nan,0,nan,0,nan,0,nan,0,nan,0
1597988304337475072,1597988304928999936,2020-08-21 13:38:24.929000,5620.0,5650.0,5554.0,5610.0,nan,5602.0,626222,35093395680.0,379172,5620.0,91,5618.0,246,nan,0,nan,0,nan,0,nan,0,nan,0,nan,0,nan,0,nan,0
1597988304833780992,1597988305433000192,2020-08-21 13:38:25.433000,5618.0,5650.0,5554.0,5610.0,nan,5602.0,626225,35093564260.0,379173,5620.0,96,5618.0,245,nan,0,nan,0,nan,0,nan,0,nan,0,nan,0,nan,0,nan,0
1597988305359587072,1597988305936999936,2020-08-21 13:38:25.937000,5618.0,5650.0,5554.0,5610.0,nan,5602.0,626225,35093564260.0,379173,5620.0,99,5618.0,245,nan,0,nan,0,nan,0,nan,0,nan,0,nan,0,nan,0,nan,0
1597988305835386880,1597988306417999872,2020-08-21 13:38:26.418000,5618.0,5650.0,5554.0,5610.0,nan,5602.0,626225,35093564260.0,379173,5620.0,99,5618.0,247,nan,0,nan,0,nan,0,nan,0,nan,0,nan,0,nan,0,nan,0
1597988306327463936,1597988306932000000,2020-08-21 13:38:26.932000,5620.0,5650.0,5554.0,5610.0,nan,5602.0,626227,35093676660.0,379175,5620.0,94,5618.0,252,nan,0,nan,0,nan,0,nan,0,nan,0,nan,0,nan,0,nan,0
1597988306827362048,1597988307413000192,2020-08-21 13:38:27.413000,5620.0,5650.0,5554.0,5610.0,nan,5602.0,626227,35093676660.0,379175,5620.0,92,5618.0,252,nan,0,nan,0,nan,0,nan,0,nan,0,nan,0,nan,0,nan,0
1597988307327536128,1597988307923000064,2020-08-21 13:38:27.923000,5618.0,5650.0,5554.0,5610.0,nan,5602.0,626234,35094069920.0,379180,5620.0,95,5618.0,248,nan,0,nan,0,nan,0,nan,0,nan,0,nan,0,nan,0,nan,0
1597988307833788928,1597988308432000000,2020-08-21 13:38:28.432000,5618.0,5650.0,5554.0,5610.0,nan,5602.0,626241,35094463180.0,379183,5620.0,110,5618.0,254,nan,0,nan,0,nan,0,nan,0,nan,0,nan,0,nan,0,nan,0
1597988308400064000,1597988308936999936,2020-08-21 13:38:28.937000,5618.0,5650.0,5554.0,5610.0,nan,5602.0,626243,35094575560.0,379184,5620.0,111,5618.0,253,nan,0,nan,0,nan,0,nan,0,nan,0,nan,0,nan,0,nan,0
1597988308829145088,1597988309418999808,2020-08-21 13:38:29.419000,5620.0,5650.0,5554.0,5610.0,nan,5602.0,626244,35094631760.0,379185,5620.0,112,5618.0,258,nan,0,nan,0,nan,0,nan,0,nan,0,nan,0,nan,0,nan,0
1597988309335649024,1597988309932000000,2020-08-21 13:38:29.932000,5620.0,5650.0,5554.0,5610.0,nan,5602.0,626246,35094744160.0,379185,5620.0,110,5618.0,258,nan,0,nan,0,nan,0,nan,0,nan,0,nan,0,nan,0,nan,0
1597988309964672000,1597988310433000192,2020-08-21 13:38:30.433000,5620.0,5650.0,5554.0,5610.0,nan,5602.0,626246,35094744160.0,379185,5620.0,117,5618.0,258,nan,0,nan,0,nan,0,nan,0,nan,0,nan,0,nan,0,nan,0
1597988310452848896,1597988310916000000,2020-08-21 13:38:30.916000,5620.0,5650.0,5554.0,5610.0,nan,5602.0,626248,35094856560.0,379187,5620.0,114,5618.0,258,nan,0,nan,0,nan,0,nan,0,nan,0,nan,0,nan,0,nan,0
1597988310857180928,1597988311407000064,2020-08-21 13:38:31.407000,5620.0,5650.0,5554.0,5610.0,nan,5602.0,626251,35095025140.0,379187,5620.0,115,5618.0,257,nan,0,nan,0,nan,0,nan,0,nan,0,nan,0,nan,0,nan,0
1597988311358576128,1597988311936000000,2020-08-21 13:38:31.936000,5618.0,5650.0,5554.0,5610.0,nan,5602.0,626252,35095081320.0,379188,5620.0,116,5618.0,256,nan,0,nan,0,nan,0,nan,0,nan,0,nan,0,nan,0,nan,0
1597988312830806016,1597988313424000000,2020-08-21 13:38:33.424000,5620.0,5650.0,5554.0,5610.0,nan,5602.0,626253,35095137520.0,379188,5620.0,115,5618.0,256,nan,0,nan,0,nan,0,nan,0,nan,0,nan,0,nan,0,nan,0
1597988313824220928,1597988314420999936,2020-08-21 13:38:34.421000,5618.0,5650.0,5554.0,5610.0,nan,5602.0,626254,35095193700.0,379189,5620.0,117,5618.0,255,nan,0,nan,0,nan,0,nan,0,nan,0,nan,0,nan,0,nan,0
1597988314357521920,1597988314897000192,2020-08-21 13:38:34.897000,5618.0,5650.0,5554.0,5610.0,nan,5602.0,626278,35096542040.0,379213,5620.0,117,5618.0,232,nan,0,nan,0,nan,0,nan,0,nan,0,nan,0,nan,0,nan,0
1597988314833780992,1597988315403000064,2020-08-21 13:38:35.403000,5618.0,5650.0,5554.0,5610.0,nan,5602.0,626280,35096654400.0,379214,5620.0,120,5618.0,237,nan,0,nan,0,nan,0,nan,0,nan,0,nan,0,nan,0,nan,0
1597988315327441920,1597988315878000128,2020-08-21 13:38:35.878000,5618.0,5650.0,5554.0,5610.0,nan,5602.0,626280,35096654400.0,379214,5620.0,120,5618.0,236,nan,0,nan,0,nan,0,nan,0,nan,0,nan,0,nan,0,nan,0
1597988315833443072,1597988316420000000,2020-08-21 13:38:36.420000,5618.0,5650.0,5554.0,5610.0,nan,5602.0,626282,35096766780.0,379214,5620.0,119,5618.0,235,nan,0,nan,0,nan,0,nan,0,nan,0,nan,0,nan,0,nan,0
1597988316325798912,1597988316920999936,2020-08-21 13:38:36.921000,5618.0,5650.0,5554.0,5610.0,nan,5602.0,626282,35096766780.0,379214,5620.0,120,5618.0,235,nan,0,nan,0,nan,0,nan,0,nan,0,nan,0,nan,0,nan,0
1597988316839034112,1597988317431000064,2020-08-21 13:38:37.431000,5618.0,5650.0,5554.0,5610.0,nan,5602.0,626282,35096766780.0,379214,5620.0,134,5618.0,235,nan,0,nan,0,nan,0,nan,0,nan,0,nan,0,nan,0,nan,0
1597988317343992064,1597988317900999936,2020-08-21 13:38:37.901000,5618.0,5650.0,5554.0,5610.0,nan,5602.0,626283,35096822960.0,379215,5620.0,135,5618.0,234,nan,0,nan,0,nan,0,nan,0,nan,0,nan,0,nan,0,nan,0
1597988318333805056,1597988318931000064,2020-08-21 13:38:38.931000,5620.0,5650.0,5554.0,5610.0,nan,5602.0,626284,35096879160.0,379216,5620.0,134,5618.0,234,nan,0,nan,0,nan,0,nan,0,nan,0,nan,0,nan,0,nan,0
1597988318837873920,1597988319404000000,2020-08-21 13:38:39.404000,5618.0,5650.0,5554.0,5610.0,nan,5602.0,626286,35096991520.0,379217,5620.0,141,5618.0,232,nan,0,nan,0,nan,0,nan,0,nan,0,nan,0,nan,0,nan,0
1597988319338435072,1597988319927000064,2020-08-21 13:38:39.927000,5620.0,5650.0,5554.0,5610.0,nan,5602.0,626309,35098283860.0,379237,5620.0,134,5618.0,220,nan,0,nan,0,nan,0,nan,0,nan,0,nan,0,nan,0,nan,0
1597988319827471872,1597988320428999936,2020-08-21 13:38:40.429000,5618.0,5650.0,5554.0,5610.0,nan,5602.0,626314,35098564760.0,379242,5620.0,134,5618.0,210,nan,0,nan,0,nan,0,nan,0,nan,0,nan,0,nan,0,nan,0
1597988320357900032,1597988320934000128,2020-08-21 13:38:40.934000,5620.0,5650.0,5554.0,5610.0,nan,5602.0,626323,35099070560.0,379235,5620.0,125,5618.0,209,nan,0,nan,0,nan,0,nan,0,nan,0,nan,0,nan,0,nan,0
1597988320826266880,1597988321436999936,2020-08-21 13:38:41.437000,5618.0,5650.0,5554.0,5610.0,nan,5602.0,626325,35099182920.0,379237,5620.0,126,5618.0,211,nan,0,nan,0,nan,0,nan,0,nan,0,nan,0,nan,0,nan,0
1597988321326163968,1597988321938999808,2020-08-21 13:38:41.939000,5618.0,5650.0,5554.0,5610.0,nan,5602.0,626331,35099520000.0,379237,5620.0,136,5618.0,205,nan,0,nan,0,nan,0,nan,0,nan,0,nan,0,nan,0,nan,0
1597988321826908928,1597988322426000128,2020-08-21 13:38:42.426000,5618.0,5650.0,5554.0,5610.0,nan,5602.0,626332,35099576180.0,379237,5620.0,136,5618.0,204,nan,0,nan,0,nan,0,nan,0,nan,0,nan,0,nan,0,nan,0
1597988322324402944,1597988322928999936,2020-08-21 13:38:42.929000,5618.0,5650.0,5554.0,5610.0,nan,5602.0,626332,35099576180.0,379237,5620.0,142,5618.0,194,nan,0,nan,0,nan,0,nan,0,nan,0,nan,0,nan,0,nan,0
1597988322825136896,1597988323428999936,2020-08-21 13:38:43.429000,5618.0,5650.0,5554.0,5610.0,nan,5602.0,626344,35100250340.0,379246,5620.0,168,5618.0,186,nan,0,nan,0,nan,0,nan,0,nan,0,nan,0,nan,0,nan,0
1597988323352201984,1597988323924999936,2020-08-21 13:38:43.925000,5620.0,5650.0,5554.0,5610.0,nan,5602.0,626576,35113284140.0,379240,5620.0,177,5616.0,350,nan,0,nan,0,nan,0,nan,0,nan,0,nan,0,nan,0,nan,0
1597988323833096960,1597988324411000064,2020-08-21 13:38:44.411000,5618.0,5650.0,5554.0,5610.0,nan,5602.0,626582,35113621240.0,379235,5620.0,186,5618.0,43,nan,0,nan,0,nan,0,nan,0,nan,0,nan,0,nan,0,nan,0
1597988324323657984,1597988324895000064,2020-08-21 13:38:44.895000,5618.0,5650.0,5554.0,5610.0,nan,5602.0,626582,35113621240.0,379235,5620.0,186,5618.0,57,nan,0,nan,0,nan,0,nan,0,nan,0,nan,0,nan,0,nan,0
1597988324829767936,1597988325424000000,2020-08-21 13:38:45.424000,5618.0,5650.0,5554.0,5610.0,nan,5602.0,626583,35113677420.0,379235,5620.0,191,5618.0,57,nan,0,nan,0,nan,0,nan,0,nan,0,nan,0,nan,0,nan,0
1597988325402226944,1597988325935000064,2020-08-21 13:38:45.935000,5618.0,5650.0,5554.0,5610.0,nan,5602.0,626584,35113733600.0,379235,5620.0,190,5618.0,56,nan,0,nan,0,nan,0,nan,0,nan,0,nan,0,nan,0,nan,0
1597988325872659968,1597988326413000192,2020-08-21 13:38:46.413000,5618.0,5650.0,5554.0,5610.0,nan,5602.0,626678,35119014520.0,379223,5620.0,193,5616.0,363,nan,0,nan,0,nan,0,nan,0,nan,0,nan,0,nan,0,nan,0
1597988326410466048,1597988326921999872,2020-08-21 13:38:46.922000,5618.0,5650.0,5554.0,5610.0,nan,5602.0,626681,35119183060.0,379221,5620.0,195,5618.0,34,nan,0,nan,0,nan,0,nan,0,nan,0,nan,0,nan,0,nan,0
1597988326835596032,1597988327434000128,2020-08-21 13:38:47.434000,5618.0,5650.0,5554.0,5610.0,nan,5602.0,626682,35119239240.0,379221,5620.0,207,5618.0,33,nan,0,nan,0,nan,0,nan,0,nan,0,nan,0,nan,0,nan,0
1597988327902053120,1597988328431000064,2020-08-21 13:38:48.431000,5618.0,5650.0,5554.0,5610.0,nan,5602.0,626699,35120194300.0,379221,5620.0,217,5618.0,19,nan,0,nan,0,nan,0,nan,0,nan,0,nan,0,nan,0,nan,0
1597988328464520960,1597988328881999872,2020-08-21 13:38:48.882000,5618.0,5650.0,5554.0,5610.0,nan,5602.0,626699,35120194300.0,379221,5620.0,221,5618.0,19,nan,0,nan,0,nan,0,nan,0,nan,0,nan,0,nan,0,nan,0
1597988328843493888,1597988329394000128,2020-08-21 13:38:49.394000,5618.0,5650.0,5554.0,5610.0,nan,5602.0,626719,35121317900.0,379207,5618.0,10,5616.0,363,nan,0,nan,0,nan,0,nan,0,nan,0,nan,0,nan,0,nan,0
1597988329481711104,1597988329930000128,2020-08-21 13:38:49.930000,5618.0,5650.0,5554.0,5610.0,nan,5602.0,626720,35121374080.0,379206,5618.0,68,5616.0,357,nan,0,nan,0,nan,0,nan,0,nan,0,nan,0,nan,0,nan,0
1597988329865253120,1597988330434000128,2020-08-21 13:38:50.434000,5616.0,5650.0,5554.0,5610.0,nan,5602.0,626721,35121430240.0,379207,5618.0,76,5616.0,353,nan,0,nan,0,nan,0,nan,0,nan,0,nan,0,nan,0,nan,0
1597988330339899904,1597988330931000064,2020-08-21 13:38:50.931000,5618.0,5650.0,5554.0,5610.0,nan,5602.0,626723,35121542600.0,379207,5618.0,80,5616.0,359,nan,0,nan,0,nan,0,nan,0,nan,0,nan,0,nan,0,nan,0
1597988330834753024,1597988331408000000,2020-08-21 13:38:51.408000,5618.0,5650.0,5554.0,5610.0,nan,5602.0,626727,35121767280.0,379207,5618.0,78,5616.0,359,nan,0,nan,0,nan,0,nan,0,nan,0,nan,0,nan,0,nan,0
1597988331330115072,1597988331923000064,2020-08-21 13:38:51.923000,5618.0,5650.0,5554.0,5610.0,nan,5602.0,626734,35122160520.0,379203,5618.0,79,5616.0,353,nan,0,nan,0,nan,0,nan,0,nan,0,nan,0,nan,0,nan,0
1597988331822253056,1597988332421999872,2020-08-21 13:38:52.422000,5616.0,5650.0,5554.0,5610.0,nan,5602.0,626735,35122216680.0,379203,5618.0,79,5616.0,352,nan,0,nan,0,nan,0,nan,0,nan,0,nan,0,nan,0,nan,0
1597988332351751936,1597988332932000000,2020-08-21 13:38:52.932000,5618.0,5650.0,5554.0,5610.0,nan,5602.0,626736,35122272860.0,379203,5618.0,80,5616.0,371,nan,0,nan,0,nan,0,nan,0,nan,0,nan,0,nan,0,nan,0
1597988332823908096,1597988333436000000,2020-08-21 13:38:53.436000,5618.0,5650.0,5554.0,5610.0,nan,5602.0,626736,35122272860.0,379203,5618.0,80,5616.0,374,nan,0,nan,0,nan,0,nan,0,nan,0,nan,0,nan,0,nan,0
1597988333327941120,1597988333913000192,2020-08-21 13:38:53.913000,5618.0,5650.0,5554.0,5610.0,nan,5602.0,626736,35122272860.0,379203,5618.0,80,5616.0,375,nan,0,nan,0,nan,0,nan,0,nan,0,nan,0,nan,0,nan,0
1597988333871166976,1597988334436000000,2020-08-21 13:38:54.436000,5618.0,5650.0,5554.0,5610.0,nan,5602.0,626741,35122553760.0,379201,5618.0,80,5616.0,375,nan,0,nan,0,nan,0,nan,0,nan,0,nan,0,nan,0,nan,0
1597988334323350016,1597988334927000064,2020-08-21 13:38:54.927000,5616.0,5650.0,5554.0,5610.0,nan,5602.0,626742,35122609920.0,379202,5618.0,82,5616.0,373,nan,0,nan,0,nan,0,nan,0,nan,0,nan,0,nan,0,nan,0
1597988334845961984,1597988335376000000,2020-08-21 13:38:55.376000,5618.0,5650.0,5554.0,5610.0,nan,5602.0,626750,35123059300.0,379194,5618.0,78,5616.0,370,nan,0,nan,0,nan,0,nan,0,nan,0,nan,0,nan,0,nan,0
1597988335326621952,1597988335924999936,2020-08-21 13:38:55.925000,5616.0,5650.0,5554.0,5610.0,nan,5602.0,626752,35123171620.0,379193,5618.0,78,5616.0,368,nan,0,nan,0,nan,0,nan,0,nan,0,nan,0,nan,0,nan,0
1597988335823497984,1597988336403000064,2020-08-21 13:38:56.403000,5616.0,5650.0,5554.0,5610.0,nan,5602.0,626752,35123171620.0,379193,5618.0,86,5616.0,368,nan,0,nan,0,nan,0,nan,0,nan,0,nan,0,nan,0,nan,0
1597988336333376000,1597988336936999936,2020-08-21 13:38:56.937000,5616.0,5650.0,5554.0,5610.0,nan,5602.0,626752,35123171620.0,379193,5618.0,90,5616.0,371,nan,0,nan,0,nan,0,nan,0,nan,0,nan,0,nan,0,nan,0
1597988336860453120,1597988337416999936,2020-08-21 13:38:57.417000,5618.0,5650.0,5554.0,5610.0,nan,5602.0,626753,35123227800.0,379193,5618.0,85,5616.0,417,nan,0,nan,0,nan,0,nan,0,nan,0,nan,0,nan,0,nan,0
1597988337325769984,1597988337934000128,2020-08-21 13:38:57.934000,5618.0,5650.0,5554.0,5610.0,nan,5602.0,626755,35123340140.0,379193,5618.0,86,5616.0,418,nan,0,nan,0,nan,0,nan,0,nan,0,nan,0,nan,0,nan,0
1597988337859153920,1597988338411000064,2020-08-21 13:38:58.411000,5618.0,5650.0,5554.0,5610.0,nan,5602.0,626755,35123340140.0,379193,5618.0,86,5616.0,419,nan,0,nan,0,nan,0,nan,0,nan,0,nan,0,nan,0,nan,0
1597988338346178048,1597988338928999936,2020-08-21 13:38:58.929000,5618.0,5650.0,5554.0,5610.0,nan,5602.0,626755,35123340140.0,379193,5618.0,103,5616.0,424,nan,0,nan,0,nan,0,nan,0,nan,0,nan,0,nan,0,nan,0
1597988338823581952,1597988339424000000,2020-08-21 13:38:59.424000,5618.0,5650.0,5554.0,5610.0,nan,5602.0,626768,35124070260.0,379200,5618.0,115,5616.0,415,nan,0,nan,0,nan,0,nan,0,nan,0,nan,0,nan,0,nan,0
1597988339369110016,1597988339934000128,2020-08-21 13:38:59.934000,5618.0,5650.0,5554.0,5610.0,nan,5604.0,626896,35131261280.0,379239,5620.0,215,5618.0,37,nan,0,nan,0,nan,0,nan,0,nan,0,nan,0,nan,0,nan,0
1597988339827277056,1597988340432000000,2020-08-21 13:39:00.432000,5618.0,5650.0,5554.0,5610.0,nan,5604.0,626905,35131766900.0,379237,5620.0,215,5618.0,32,nan,0,nan,0,nan,0,nan,0,nan,0,nan,0,nan,0,nan,0
1597988340331595008,1597988340924000000,2020-08-21 13:39:00.924000,5618.0,5650.0,5554.0,5610.0,nan,5604.0,626907,35131879260.0,379237,5620.0,218,5618.0,36,nan,0,nan,0,nan,0,nan,0,nan,0,nan,0,nan,0,nan,0
1597988341334540032,1597988341936999936,2020-08-21 13:39:01.937000,5618.0,5650.0,5554.0,5610.0,nan,5604.0,626916,35132384880.0,379229,5620.0,218,5618.0,28,nan,0,nan,0,nan,0,nan,0,nan,0,nan,0,nan,0,nan,0
1597988341886748928,1597988342410000128,2020-08-21 13:39:02.410000,5618.0,5650.0,5554.0,5610.0,nan,5604.0,626919,35132553420.0,379229,5620.0,217,5618.0,67,nan,0,nan,0,nan,0,nan,0,nan,0,nan,0,nan,0,nan,0
1597988342327014912,1597988342924999936,2020-08-21 13:39:02.925000,5620.0,5650.0,5554.0,5610.0,nan,5604.0,626920,35132609620.0,379229,5620.0,210,5618.0,107,nan,0,nan,0,nan,0,nan,0,nan,0,nan,0,nan,0,nan,0
1597988342827237888,1597988343435000064,2020-08-21 13:39:03.435000,5620.0,5650.0,5554.0,5610.0,nan,5604.0,626920,35132609620.0,379229,5620.0,209,5618.0,132,nan,0,nan,0,nan,0,nan,0,nan,0,nan,0,nan,0,nan,0
1597988343335138048,1597988343936999936,2020-08-21 13:39:03.937000,5618.0,5650.0,5554.0,5610.0,nan,5604.0,626922,35132721980.0,379229,5620.0,199,5618.0,169,nan,0,nan,0,nan,0,nan,0,nan,0,nan,0,nan,0,nan,0
1597988343863578880,1597988344371000064,2020-08-21 13:39:04.371000,5618.0,5650.0,5554.0,5610.0,nan,5604.0,626925,35132890520.0,379226,5620.0,197,5618.0,167,nan,0,nan,0,nan,0,nan,0,nan,0,nan,0,nan,0,nan,0
1597988344379115008,1597988344918999808,2020-08-21 13:39:04.919000,5618.0,5650.0,5554.0,5610.0,nan,5604.0,626930,35133171480.0,379227,5620.0,197,5618.0,171,nan,0,nan,0,nan,0,nan,0,nan,0,nan,0,nan,0,nan,0
1597988344958255104,1597988345416999936,2020-08-21 13:39:05.417000,5620.0,5650.0,5554.0,5610.0,nan,5604.0,626931,35133227680.0,379228,5620.0,199,5618.0,172,nan,0,nan,0,nan,0,nan,0,nan,0,nan,0,nan,0,nan,0
1597988345378888960,1597988345923000064,2020-08-21 13:39:05.923000,5620.0,5650.0,5554.0,5610.0,nan,5604.0,626931,35133227680.0,379228,5620.0,198,5618.0,172,nan,0,nan,0,nan,0,nan,0,nan,0,nan,0,nan,0,nan,0
1597988345860989952,1597988346420999936,2020-08-21 13:39:06.421000,5618.0,5650.0,5554.0,5610.0,nan,5604.0,626932,35133283860.0,379229,5620.0,195,5618.0,174,nan,0,nan,0,nan,0,nan,0,nan,0,nan,0,nan,0,nan,0
1597988346419425024,1597988346920000000,2020-08-21 13:39:06.920000,5618.0,5650.0,5554.0,5610.0,nan,5604.0,626933,35133340040.0,379230,5620.0,196,5618.0,177,nan,0,nan,0,nan,0,nan,0,nan,0,nan,0,nan,0,nan,0
1597988346935706880,1597988347420999936,2020-08-21 13:39:07.421000,5618.0,5650.0,5554.0,5610.0,nan,5604.0,626934,35133396220.0,379231,5620.0,195,5618.0,177,nan,0,nan,0,nan,0,nan,0,nan,0,nan,0,nan,0,nan,0
1597988347388877056,1597988347923000064,2020-08-21 13:39:07.923000,5618.0,5650.0,5554.0,5610.0,nan,5604.0,626940,35133733300.0,379236,5620.0,201,5618.0,179,nan,0,nan,0,nan,0,nan,0,nan,0,nan,0,nan,0,nan,0
1597988347823820032,1597988348430000128,2020-08-21 13:39:08.430000,5618.0,5650.0,5554.0,5610.0,nan,5604.0,626940,35133733300.0,379236,5620.0,202,5618.0,181,nan,0,nan,0,nan,0,nan,0,nan,0,nan,0,nan,0,nan,0
1597988348329108992,1597988348932000000,2020-08-21 13:39:08.932000,5620.0,5650.0,5554.0,5610.0,nan,5604.0,626945,35134014300.0,379241,5620.0,197,5618.0,184,nan,0,nan,0,nan,0,nan,0,nan,0,nan,0,nan,0,nan,0
1597988348835332096,1597988349437999872,2020-08-21 13:39:09.438000,5620.0,5650.0,5554.0,5610.0,nan,5604.0,626945,35134014300.0,379241,5620.0,198,5618.0,185,nan,0,nan,0,nan,0,nan,0,nan,0,nan,0,nan,0,nan,0
1597988349332300032,1597988349898000128,2020-08-21 13:39:09.898000,5618.0,5650.0,5554.0,5610.0,nan,5604.0,626946,35134070480.0,379241,5620.0,198,5618.0,185,nan,0,nan,0,nan,0,nan,0,nan,0,nan,0,nan,0,nan,0
1597988349822107904,1597988350412000000,2020-08-21 13:39:10.412000,5618.0,5650.0,5554.0,5610.0,nan,5604.0,626957,35134688460.0,379242,5620.0,198,5618.0,175,nan,0,nan,0,nan,0,nan,0,nan,0,nan,0,nan,0,nan,0
1597988350412657920,1597988350888000000,2020-08-21 13:39:10.888000,5618.0,5650.0,5554.0,5610.0,nan,5604.0,626961,35134913180.0,379244,5620.0,198,5618.0,171,nan,0,nan,0,nan,0,nan,0,nan,0,nan,0,nan,0,nan,0
1597988350891010048,1597988351423000064,2020-08-21 13:39:11.423000,5618.0,5650.0,5554.0,5610.0,nan,5604.0,626962,35134969360.0,379245,5620.0,198,5618.0,170,nan,0,nan,0,nan,0,nan,0,nan,0,nan,0,nan,0,nan,0
1597988351329766912,1597988351935000064,2020-08-21 13:39:11.935000,5618.0,5650.0,5554.0,5610.0,nan,5604.0,626962,35134969360.0,379245,5620.0,201,5618.0,171,nan,0,nan,0,nan,0,nan,0,nan,0,nan,0,nan,0,nan,0
1597988351826696960,1597988352436999936,2020-08-21 13:39:12.437000,5618.0,5650.0,5554.0,5610.0,nan,5604.0,626962,35134969360.0,379245,5620.0,201,5618.0,179,nan,0,nan,0,nan,0,nan,0,nan,0,nan,0,nan,0,nan,0
1597988352412572928,1597988352927000064,2020-08-21 13:39:12.927000,5618.0,5650.0,5554.0,5610.0,nan,5604.0,626963,35135025540.0,379246,5620.0,201,5618.0,178,nan,0,nan,0,nan,0,nan,0,nan,0,nan,0,nan,0,nan,0
1597988352911408896,1597988353404999936,2020-08-21 13:39:13.405000,5618.0,5650.0,5554.0,5610.0,nan,5604.0,626963,35135025540.0,379246,5620.0,202,5618.0,179,nan,0,nan,0,nan,0,nan,0,nan,0,nan,0,nan,0,nan,0
1597988353336845056,1597988353924999936,2020-08-21 13:39:13.925000,5618.0,5650.0,5554.0,5610.0,nan,5604.0,626963,35135025540.0,379246,5620.0,202,5618.0,180,nan,0,nan,0,nan,0,nan,0,nan,0,nan,0,nan,0,nan,0
1597988353833555968,1597988354382999808,2020-08-21 13:39:14.383000,5618.0,5650.0,5554.0,5610.0,nan,5604.0,626965,35135137900.0,379246,5620.0,203,5618.0,177,nan,0,nan,0,nan,0,nan,0,nan,0,nan,0,nan,0,nan,0
1597988354326205952,1597988354903000064,2020-08-21 13:39:14.903000,5618.0,5650.0,5554.0,5610.0,nan,5604.0,626967,35135250260.0,379246,5620.0,204,5618.0,171,nan,0,nan,0,nan,0,nan,0,nan,0,nan,0,nan,0,nan,0
1597988354825264896,1597988355434000128,2020-08-21 13:39:15.434000,5618.0,5650.0,5554.0,5610.0,nan,5604.0,626967,35135250260.0,379246,5620.0,206,5618.0,171,nan,0,nan,0,nan,0,nan,0,nan,0,nan,0,nan,0,nan,0
1597988355332940032,1597988355934000128,2020-08-21 13:39:15.934000,5618.0,5650.0,5554.0,5610.0,nan,5604.0,626968,35135306440.0,379247,5620.0,206,5618.0,155,nan,0,nan,0,nan,0,nan,0,nan,0,nan,0,nan,0,nan,0
1597988355823696896,1597988356436000000,2020-08-21 13:39:16.436000,5618.0,5650.0,5554.0,5610.0,nan,5604.0,626968,35135306440.0,379247,5620.0,210,5618.0,158,nan,0,nan,0,nan,0,nan,0,nan,0,nan,0,nan,0,nan,0
1597988356351902976,1597988356924999936,2020-08-21 13:39:16.925000,5618.0,5650.0,5554.0,5610.0,nan,5604.0,626968,35135306440.0,379247,5620.0,211,5618.0,157,nan,0,nan,0,nan,0,nan,0,nan,0,nan,0,nan,0,nan,0
1597988356823493888,1597988357430000128,2020-08-21 13:39:17.430000,5618.0,5650.0,5554.0,5610.0,nan,5604.0,626968,35135306440.0,379247,5620.0,211,5618.0,154,nan,0,nan,0,nan,0,nan,0,nan,0,nan,0,nan,0,nan,0
1597988357325254912,1597988357908999936,2020-08-21 13:39:17.909000,5618.0,5650.0,5554.0,5610.0,nan,5604.0,626968,35135306440.0,379247,5620.0,211,5618.0,156,nan,0,nan,0,nan,0,nan,0,nan,0,nan,0,nan,0,nan,0
1597988357832292096,1597988358344000000,2020-08-21 13:39:18.344000,5618.0,5650.0,5554.0,5610.0,nan,5604.0,626968,35135306440.0,379247,5620.0,211,5618.0,159,nan,0,nan,0,nan,0,nan,0,nan,0,nan,0,nan,0,nan,0
1597988358327776000,1597988358920000000,2020-08-21 13:39:18.920000,5618.0,5650.0,5554.0,5610.0,nan,5604.0,626969,35135362620.0,379248,5620.0,211,5618.0,158,nan,0,nan,0,nan,0,nan,0,nan,0,nan,0,nan,0,nan,0
1597988358824151040,1597988359424999936,2020-08-21 13:39:19.425000,5618.0,5650.0,5554.0,5610.0,nan,5604.0,626970,35135418800.0,379248,5620.0,211,5618.0,157,nan,0,nan,0,nan,0,nan,0,nan,0,nan,0,nan,0,nan,0
1597988359338387968,1597988359923000064,2020-08-21 13:39:19.923000,5618.0,5650.0,5554.0,5610.0,nan,5604.0,626972,35135531160.0,379250,5620.0,211,5618.0,155,nan,0,nan,0,nan,0,nan,0,nan,0,nan,0,nan,0,nan,0
1597988359825709056,1597988360408999936,2020-08-21 13:39:20.409000,5618.0,5650.0,5554.0,5610.0,nan,5604.0,626984,35136205320.0,379261,5620.0,213,5618.0,149,nan,0,nan,0,nan,0,nan,0,nan,0,nan,0,nan,0,nan,0
1597988360326853120,1597988360845999872,2020-08-21 13:39:20.846000,5618.0,5650.0,5554.0,5610.0,nan,5604.0,626984,35136205320.0,379261,5620.0,214,5618.0,144,nan,0,nan,0,nan,0,nan,0,nan,0,nan,0,nan,0,nan,0
1597988360825758976,1597988361430000128,2020-08-21 13:39:21.430000,5618.0,5650.0,5554.0,5610.0,nan,5604.0,626984,35136205320.0,379261,5620.0,215,5618.0,144,nan,0,nan,0,nan,0,nan,0,nan,0,nan,0,nan,0,nan,0
1597988361325633024,1597988361904000000,2020-08-21 13:39:21.904000,5618.0,5650.0,5554.0,5610.0,nan,5604.0,626987,35136373860.0,379264,5620.0,218,5618.0,141,nan,0,nan,0,nan,0,nan,0,nan,0,nan,0,nan,0,nan,0
1597988361826096128,1597988362424999936,2020-08-21 13:39:22.425000,5618.0,5650.0,5554.0,5610.0,nan,5604.0,626989,35136486220.0,379264,5620.0,218,5618.0,139,nan,0,nan,0,nan,0,nan,0,nan,0,nan,0,nan,0,nan,0
1597988362832660992,1597988363433000192,2020-08-21 13:39:23.433000,5618.0,5650.0,5554.0,5610.0,nan,5604.0,626990,35136542400.0,379264,5620.0,218,5618.0,138,nan,0,nan,0,nan,0,nan,0,nan,0,nan,0,nan,0,nan,0
1597988363325633024,1597988363923000064,2020-08-21 13:39:23.923000,5620.0,5650.0,5554.0,5610.0,nan,5604.0,626995,35136823400.0,379269,5620.0,214,5618.0,143,nan,0,nan,0,nan,0,nan,0,nan,0,nan,0,nan,0,nan,0
1597988363826191104,1597988364416000000,2020-08-21 13:39:24.416000,5620.0,5650.0,5554.0,5610.0,nan,5604.0,626995,35136823400.0,379269,5620.0,223,5618.0,143,nan,0,nan,0,nan,0,nan,0,nan,0,nan,0,nan,0,nan,0
1597988364825659904,1597988365427000064,2020-08-21 13:39:25.427000,5618.0,5650.0,5554.0,5610.0,nan,5604.0,626998,35136991940.0,379272,5620.0,223,5618.0,140,nan,0,nan,0,nan,0,nan,0,nan,0,nan,0,nan,0,nan,0
1597988365346810112,1597988365927000064,2020-08-21 13:39:25.927000,5620.0,5650.0,5554.0,5610.0,nan,5604.0,627000,35137104340.0,379274,5620.0,221,5618.0,141,nan,0,nan,0,nan,0,nan,0,nan,0,nan,0,nan,0,nan,0
1597988365833539072,1597988366421999872,2020-08-21 13:39:26.422000,5618.0,5650.0,5554.0,5610.0,nan,5604.0,627001,35137160520.0,379274,5620.0,221,5618.0,140,nan,0,nan,0,nan,0,nan,0,nan,0,nan,0,nan,0,nan,0
1597988366326375936,1597988366920000000,2020-08-21 13:39:26.920000,5618.0,5650.0,5554.0,5610.0,nan,5604.0,627002,35137216700.0,379275,5620.0,222,5618.0,139,nan,0,nan,0,nan,0,nan,0,nan,0,nan,0,nan,0,nan,0
1597988367330877952,1597988367898999808,2020-08-21 13:39:27.899000,5618.0,5650.0,5554.0,5610.0,nan,5604.0,627002,35137216700.0,379275,5620.0,231,5618.0,134,nan,0,nan,0,nan,0,nan,0,nan,0,nan,0,nan,0,nan,0
1597988367825808896,1597988368420999936,2020-08-21 13:39:28.421000,5620.0,5650.0,5554.0,5610.0,nan,5604.0,627013,35137834860.0,379269,5620.0,226,5618.0,115,nan,0,nan,0,nan,0,nan,0,nan,0,nan,0,nan,0,nan,0
1597988368332168960,1597988368928999936,2020-08-21 13:39:28.929000,5620.0,5650.0,5554.0,5610.0,nan,5604.0,627018,35138115860.0,379269,5620.0,223,5618.0,121,nan,0,nan,0,nan,0,nan,0,nan,0,nan,0,nan,0,nan,0
1597988368848921088,1597988369394000128,2020-08-21 13:39:29.394000,5618.0,5650.0,5554.0,5610.0,nan,5604.0,627030,35138790020.0,379259,5620.0,223,5618.0,109,nan,0,nan,0,nan,0,nan,0,nan,0,nan,0,nan,0,nan,0
1597988369324621056,1597988369829999872,2020-08-21 13:39:29.830000,5618.0,5650.0,5554.0,5610.0,nan,5604.0,627038,35139239480.0,379262,5620.0,222,5618.0,144,nan,0,nan,0,nan,0,nan,0,nan,0,nan,0,nan,0,nan,0
1597988369824827904,1597988370428999936,2020-08-21 13:39:30.429000,5618.0,5650.0,5554.0,5610.0,nan,5604.0,627039,35139295660.0,379263,5620.0,240,5618.0,143,nan,0,nan,0,nan,0,nan,0,nan,0,nan,0,nan,0,nan,0
1597988370822932992,1597988371364000000,2020-08-21 13:39:31.364000,5618.0,5650.0,5554.0,5610.0,nan,5604.0,627039,35139295660.0,379263,5620.0,241,5618.0,144,nan,0,nan,0,nan,0,nan,0,nan,0,nan,0,nan,0,nan,0
1597988371332632064,1597988371914000128,2020-08-21 13:39:31.914000,5618.0,5650.0,5554.0,5610.0,nan,5604.0,627040,35139351840.0,379264,5620.0,241,5618.0,144,nan,0,nan,0,nan,0,nan,0,nan,0,nan,0,nan,0,nan,0
1597988371839779072,1597988372426000128,2020-08-21 13:39:32.426000,5620.0,5650.0,5554.0,5610.0,nan,5604.0,627046,35139688940.0,379269,5620.0,240,5618.0,134,nan,0,nan,0,nan,0,nan,0,nan,0,nan,0,nan,0,nan,0
1597988372323418880,1597988372927000064,2020-08-21 13:39:32.927000,5620.0,5650.0,5554.0,5610.0,nan,5604.0,627046,35139688940.0,379269,5620.0,241,5618.0,150,nan,0,nan,0,nan,0,nan,0,nan,0,nan,0,nan,0,nan,0
1597988373323852032,1597988373934000128,2020-08-21 13:39:33.934000,5618.0,5650.0,5554.0,5610.0,nan,5604.0,627047,35139745120.0,379269,5620.0,241,5618.0,154,nan,0,nan,0,nan,0,nan,0,nan,0,nan,0,nan,0,nan,0
1597988373823164928,1597988374433000192,2020-08-21 13:39:34.433000,5618.0,5650.0,5554.0,5610.0,nan,5604.0,627052,35140026020.0,379269,5620.0,241,5618.0,150,nan,0,nan,0,nan,0,nan,0,nan,0,nan,0,nan,0,nan,0
1597988374367188992,1597988374936999936,2020-08-21 13:39:34.937000,5618.0,5650.0,5554.0,5610.0,nan,5604.0,627053,35140082200.0,379269,5620.0,242,5618.0,151,nan,0,nan,0,nan,0,nan,0,nan,0,nan,0,nan,0,nan,0
1597988375327441920,1597988375897000192,2020-08-21 13:39:35.897000,5618.0,5650.0,5554.0,5610.0,nan,5604.0,627053,35140082200.0,379269,5620.0,234,5618.0,155,nan,0,nan,0,nan,0,nan,0,nan,0,nan,0,nan,0,nan,0
1597988375822243072,1597988376411000064,2020-08-21 13:39:36.411000,5618.0,5650.0,5554.0,5610.0,nan,5604.0,627053,35140082200.0,379269,5620.0,243,5618.0,160,nan,0,nan,0,nan,0,nan,0,nan,0,nan,0,nan,0,nan,0
1597988376328610048,1597988376935000064,2020-08-21 13:39:36.935000,5618.0,5650.0,5554.0,5610.0,nan,5604.0,627053,35140082200.0,379269,5620.0,243,5618.0,161,nan,0,nan,0,nan,0,nan,0,nan,0,nan,0,nan,0,nan,0
1597988376826806016,1597988377420999936,2020-08-21 13:39:37.421000,5620.0,5650.0,5554.0,5610.0,nan,5604.0,627054,35140138400.0,379269,5620.0,246,5618.0,168,nan,0,nan,0,nan,0,nan,0,nan,0,nan,0,nan,0,nan,0
1597988377336998912,1597988377936000000,2020-08-21 13:39:37.936000,5620.0,5650.0,5554.0,5610.0,nan,5604.0,627056,35140250800.0,379269,5620.0,244,5618.0,173,nan,0,nan,0,nan,0,nan,0,nan,0,nan,0,nan,0,nan,0
1597988377822433024,1597988378437999872,2020-08-21 13:39:38.438000,5618.0,5650.0,5554.0,5610.0,nan,5604.0,627061,35140531700.0,379269,5620.0,244,5618.0,164,nan,0,nan,0,nan,0,nan,0,nan,0,nan,0,nan,0,nan,0
1597988378826571008,1597988379394000128,2020-08-21 13:39:39.394000,5618.0,5650.0,5554.0,5610.0,nan,5604.0,627061,35140531700.0,379269,5620.0,245,5618.0,164,nan,0,nan,0,nan,0,nan,0,nan,0,nan,0,nan,0,nan,0
1597988379848140032,1597988380382999808,2020-08-21 13:39:40.383000,5620.0,5650.0,5554.0,5610.0,nan,5604.0,627063,35140644080.0,379269,5620.0,249,5618.0,163,nan,0,nan,0,nan,0,nan,0,nan,0,nan,0,nan,0,nan,0
1597988380354513920,1597988380934000128,2020-08-21 13:39:40.934000,5618.0,5650.0,5554.0,5610.0,nan,5604.0,627064,35140700260.0,379269,5620.0,255,5618.0,159,nan,0,nan,0,nan,0,nan,0,nan,0,nan,0,nan,0,nan,0
1597988380826531072,1597988381404000000,2020-08-21 13:39:41.404000,5620.0,5650.0,5554.0,5610.0,nan,5604.0,627065,35140756460.0,379270,5620.0,256,5618.0,159,nan,0,nan,0,nan,0,nan,0,nan,0,nan,0,nan,0,nan,0
1597988381326202880,1597988381904999936,2020-08-21 13:39:41.905000,5620.0,5650.0,5554.0,5610.0,nan,5604.0,627066,35140812660.0,379270,5620.0,255,5618.0,159,nan,0,nan,0,nan,0,nan,0,nan,0,nan,0,nan,0,nan,0
1597988381826105088,1597988382435000064,2020-08-21 13:39:42.435000,5620.0,5650.0,5554.0,5610.0,nan,5604.0,627066,35140812660.0,379270,5620.0,254,5618.0,164,nan,0,nan,0,nan,0,nan,0,nan,0,nan,0,nan,0,nan,0
1597988382322931968,1597988382921999872,2020-08-21 13:39:42.922000,5620.0,5650.0,5554.0,5610.0,nan,5604.0,627069,35140981220.0,379270,5620.0,253,5618.0,162,nan,0,nan,0,nan,0,nan,0,nan,0,nan,0,nan,0,nan,0
1597988382827831040,1597988383423000064,2020-08-21 13:39:43.423000,5618.0,5650.0,5554.0,5610.0,nan,5604.0,627072,35141149800.0,379271,5620.0,251,5618.0,169,nan,0,nan,0,nan,0,nan,0,nan,0,nan,0,nan,0,nan,0
1597988383348774912,1597988383916000000,2020-08-21 13:39:43.916000,5618.0,5650.0,5554.0,5610.0,nan,5604.0,627076,35141374520.0,379275,5620.0,256,5618.0,167,nan,0,nan,0,nan,0,nan,0,nan,0,nan,0,nan,0,nan,0
1597988384326007040,1597988384924000000,2020-08-21 13:39:44.924000,5618.0,5650.0,5554.0,5610.0,nan,5604.0,627081,35141655420.0,379275,5620.0,256,5618.0,165,nan,0,nan,0,nan,0,nan,0,nan,0,nan,0,nan,0,nan,0
1597988384823802112,1597988385400999936,2020-08-21 13:39:45.401000,5618.0,5650.0,5554.0,5610.0,nan,5604.0,627081,35141655420.0,379275,5620.0,256,5618.0,167,nan,0,nan,0,nan,0,nan,0,nan,0,nan,0,nan,0,nan,0
1597988385325139968,1597988385924000000,2020-08-21 13:39:45.924000,5620.0,5650.0,5554.0,5610.0,nan,5604.0,627082,35141711620.0,379274,5620.0,255,5618.0,167,nan,0,nan,0,nan,0,nan,0,nan,0,nan,0,nan,0,nan,0
1597988386337876992,1597988386927000064,2020-08-21 13:39:46.927000,5618.0,5650.0,5554.0,5610.0,nan,5604.0,627083,35141767800.0,379274,5620.0,255,5618.0,167,nan,0,nan,0,nan,0,nan,0,nan,0,nan,0,nan,0,nan,0
1597988386824399104,1597988387426000128,2020-08-21 13:39:47.426000,5618.0,5650.0,5554.0,5610.0,nan,5604.0,627083,35141767800.0,379274,5620.0,256,5618.0,167,nan,0,nan,0,nan,0,nan,0,nan,0,nan,0,nan,0,nan,0
1597988387323812096,1597988387872000000,2020-08-21 13:39:47.872000,5620.0,5650.0,5554.0,5610.0,nan,5604.0,627086,35141936380.0,379275,5620.0,246,5618.0,171,nan,0,nan,0,nan,0,nan,0,nan,0,nan,0,nan,0,nan,0
1597988387823664128,1597988388424000000,2020-08-21 13:39:48.424000,5620.0,5650.0,5554.0,5610.0,nan,5604.0,627086,35141936380.0,379275,5620.0,252,5618.0,173,nan,0,nan,0,nan,0,nan,0,nan,0,nan,0,nan,0,nan,0
1597988388326002944,1597988388936000000,2020-08-21 13:39:48.936000,5618.0,5650.0,5554.0,5610.0,nan,5604.0,627087,35141992560.0,379274,5620.0,252,5618.0,170,nan,0,nan,0,nan,0,nan,0,nan,0,nan,0,nan,0,nan,0
1597988388823482880,1597988389374000128,2020-08-21 13:39:49.374000,5618.0,5650.0,5554.0,5610.0,nan,5604.0,627092,35142273460.0,379274,5620.0,253,5618.0,165,nan,0,nan,0,nan,0,nan,0,nan,0,nan,0,nan,0,nan,0
1597988389339962880,1597988389934000128,2020-08-21 13:39:49.934000,5618.0,5650.0,5554.0,5610.0,nan,5604.0,627093,35142329640.0,379273,5620.0,257,5618.0,163,nan,0,nan,0,nan,0,nan,0,nan,0,nan,0,nan,0,nan,0
1597988389825210880,1597988390432000000,2020-08-21 13:39:50.432000,5618.0,5650.0,5554.0,5610.0,nan,5604.0,627095,35142442000.0,379273,5620.0,276,5618.0,163,nan,0,nan,0,nan,0,nan,0,nan,0,nan,0,nan,0,nan,0
1597988390327981056,1597988390937999872,2020-08-21 13:39:50.938000,5620.0,5650.0,5554.0,5610.0,nan,5604.0,627097,35142554400.0,379272,5620.0,274,5618.0,174,nan,0,nan,0,nan,0,nan,0,nan,0,nan,0,nan,0,nan,0
1597988390826524928,1597988391348000000,2020-08-21 13:39:51.348000,5620.0,5650.0,5554.0,5610.0,nan,5604.0,627097,35142554400.0,379272,5620.0,273,5618.0,175,nan,0,nan,0,nan,0,nan,0,nan,0,nan,0,nan,0,nan,0
1597988391324965120,1597988391932000000,2020-08-21 13:39:51.932000,5620.0,5650.0,5554.0,5610.0,nan,5604.0,627098,35142610600.0,379271,5620.0,272,5618.0,175,nan,0,nan,0,nan,0,nan,0,nan,0,nan,0,nan,0,nan,0
1597988391825061888,1597988392435000064,2020-08-21 13:39:52.435000,5620.0,5650.0,5554.0,5610.0,nan,5604.0,627098,35142610600.0,379271,5620.0,273,5618.0,175,nan,0,nan,0,nan,0,nan,0,nan,0,nan,0,nan,0,nan,0
1597988392342560000,1597988392937999872,2020-08-21 13:39:52.938000,5618.0,5650.0,5554.0,5610.0,nan,5604.0,627101,35142779140.0,379272,5620.0,274,5618.0,172,nan,0,nan,0,nan,0,nan,0,nan,0,nan,0,nan,0,nan,0
1597988392825254912,1597988393432000000,2020-08-21 13:39:53.432000,5620.0,5650.0,5554.0,5610.0,nan,5604.0,627111,35143341140.0,379277,5620.0,264,5618.0,173,nan,0,nan,0,nan,0,nan,0,nan,0,nan,0,nan,0,nan,0
1597988393324498944,1597988393904999936,2020-08-21 13:39:53.905000,5620.0,5650.0,5554.0,5610.0,nan,5604.0,627111,35143341140.0,379277,5620.0,269,5618.0,184,nan,0,nan,0,nan,0,nan,0,nan,0,nan,0,nan,0,nan,0
1597988393827678976,1597988394424999936,2020-08-21 13:39:54.425000,5620.0,5650.0,5554.0,5610.0,nan,5604.0,627111,35143341140.0,379277,5620.0,269,5618.0,186,nan,0,nan,0,nan,0,nan,0,nan,0,nan,0,nan,0,nan,0
1597988394325178112,1597988394903000064,2020-08-21 13:39:54.903000,5620.0,5650.0,5554.0,5610.0,nan,5604.0,627116,35143622140.0,379274,5620.0,259,5618.0,186,nan,0,nan,0,nan,0,nan,0,nan,0,nan,0,nan,0,nan,0
1597988394828278016,1597988395416000000,2020-08-21 13:39:55.416000,5620.0,5650.0,5554.0,5610.0,nan,5604.0,627116,35143622140.0,379274,5620.0,260,5618.0,186,nan,0,nan,0,nan,0,nan,0,nan,0,nan,0,nan,0,nan,0
1597988395335601920,1597988395937999872,2020-08-21 13:39:55.938000,5618.0,5650.0,5554.0,5610.0,nan,5604.0,627117,35143678320.0,379274,5620.0,266,5618.0,191,nan,0,nan,0,nan,0,nan,0,nan,0,nan,0,nan,0,nan,0
1597988395825176064,1597988396436000000,2020-08-21 13:39:56.436000,5618.0,5650.0,5554.0,5610.0,nan,5604.0,627117,35143678320.0,379274,5620.0,260,5618.0,191,nan,0,nan,0,nan,0,nan,0,nan,0,nan,0,nan,0,nan,0
1597988396325827072,1597988396937999872,2020-08-21 13:39:56.938000,5618.0,5650.0,5554.0,5610.0,nan,5604.0,627117,35143678320.0,379274,5620.0,260,5618.0,193,nan,0,nan,0,nan,0,nan,0,nan,0,nan,0,nan,0,nan,0
1597988397950775040,1597988398421999872,2020-08-21 13:39:58.422000,5620.0,5650.0,5554.0,5610.0,nan,5604.0,627118,35143734520.0,379275,5620.0,259,5618.0,162,nan,0,nan,0,nan,0,nan,0,nan,0,nan,0,nan,0,nan,0
1597988398332018944,1597988398860999936,2020-08-21 13:39:58.861000,5620.0,5650.0,5554.0,5610.0,nan,5604.0,627118,35143734520.0,379275,5620.0,267,5618.0,162,nan,0,nan,0,nan,0,nan,0,nan,0,nan,0,nan,0,nan,0
1597988398824265984,1597988399408999936,2020-08-21 13:39:59.409000,5620.0,5650.0,5554.0,5610.0,nan,5604.0,627118,35143734520.0,379275,5620.0,262,5618.0,162,nan,0,nan,0,nan,0,nan,0,nan,0,nan,0,nan,0,nan,0
1597988399323751936,1597988399916000000,2020-08-21 13:39:59.916000,5620.0,5650.0,5554.0,5610.0,nan,5604.0,627158,35145982520.0,379308,5620.0,216,5618.0,168,nan,0,nan,0,nan,0,nan,0,nan,0,nan,0,nan,0,nan,0
1597988399856423936,1597988400420999936,2020-08-21 13:40:00.421000,5620.0,5650.0,5554.0,5610.0,nan,5604.0,627158,35145982520.0,379308,5620.0,218,5618.0,168,nan,0,nan,0,nan,0,nan,0,nan,0,nan,0,nan,0,nan,0
1597988400324849920,1597988400937999872,2020-08-21 13:40:00.938000,5618.0,5650.0,5554.0,5610.0,nan,5604.0,627164,35146319600.0,379305,5620.0,224,5618.0,164,nan,0,nan,0,nan,0,nan,0,nan,0,nan,0,nan,0,nan,0
1597988400825419008,1597988401428999936,2020-08-21 13:40:01.429000,5618.0,5650.0,5554.0,5610.0,nan,5604.0,627169,35146600500.0,379301,5620.0,224,5618.0,160,nan,0,nan,0,nan,0,nan,0,nan,0,nan,0,nan,0,nan,0
1597988401358874880,1597988401930000128,2020-08-21 13:40:01.930000,5618.0,5650.0,5554.0,5610.0,nan,5604.0,627173,35146825220.0,379302,5620.0,224,5618.0,157,nan,0,nan,0,nan,0,nan,0,nan,0,nan,0,nan,0,nan,0
1597988402326624000,1597988402918999808,2020-08-21 13:40:02.919000,5618.0,5650.0,5554.0,5610.0,nan,5604.0,627176,35146993760.0,379300,5620.0,226,5618.0,150,nan,0,nan,0,nan,0,nan,0,nan,0,nan,0,nan,0,nan,0
1597988402824463104,1597988403420999936,2020-08-21 13:40:03.421000,5618.0,5650.0,5554.0,5610.0,nan,5604.0,627185,35147499380.0,379308,5620.0,225,5618.0,141,nan,0,nan,0,nan,0,nan,0,nan,0,nan,0,nan,0,nan,0
1597988403333530112,1597988403924000000,2020-08-21 13:40:03.924000,5620.0,5650.0,5554.0,5610.0,nan,5604.0,627189,35147724180.0,379308,5620.0,221,5618.0,146,nan,0,nan,0,nan,0,nan,0,nan,0,nan,0,nan,0,nan,0
1597988403826157056,1597988404411000064,2020-08-21 13:40:04.411000,5618.0,5650.0,5554.0,5610.0,nan,5604.0,627190,35147780360.0,379308,5620.0,223,5618.0,145,nan,0,nan,0,nan,0,nan,0,nan,0,nan,0,nan,0,nan,0
1597988404360698880,1597988404903000064,2020-08-21 13:40:04.903000,5618.0,5650.0,5554.0,5610.0,nan,5604.0,627192,35147892720.0,379308,5620.0,223,5618.0,140,nan,0,nan,0,nan,0,nan,0,nan,0,nan,0,nan,0,nan,0
1597988404823337984,1597988405417999872,2020-08-21 13:40:05.418000,5620.0,5650.0,5554.0,5610.0,nan,5604.0,627199,35148286120.0,379308,5620.0,216,5618.0,144,nan,0,nan,0,nan,0,nan,0,nan,0,nan,0,nan,0,nan,0
1597988405324817920,1597988405897000192,2020-08-21 13:40:05.897000,5618.0,5650.0,5554.0,5610.0,nan,5604.0,627207,35148735560.0,379304,5620.0,218,5618.0,152,nan,0,nan,0,nan,0,nan,0,nan,0,nan,0,nan,0,nan,0
1597988405826127104,1597988406427000064,2020-08-21 13:40:06.427000,5618.0,5650.0,5554.0,5610.0,nan,5604.0,627212,35149016460.0,379305,5620.0,218,5618.0,148,nan,0,nan,0,nan,0,nan,0,nan,0,nan,0,nan,0,nan,0
1597988406335620096,1597988406927000064,2020-08-21 13:40:06.927000,5618.0,5650.0,5554.0,5610.0,nan,5604.0,627214,35149128820.0,379305,5620.0,221,5618.0,146,nan,0,nan,0,nan,0,nan,0,nan,0,nan,0,nan,0,nan,0
1597988406837307904,1597988407437999872,2020-08-21 13:40:07.438000,5620.0,5650.0,5554.0,5610.0,nan,5604.0,627216,35149241200.0,379305,5620.0,221,5618.0,146,nan,0,nan,0,nan,0,nan,0,nan,0,nan,0,nan,0,nan,0
1597988407345264896,1597988407897000192,2020-08-21 13:40:07.897000,5618.0,5650.0,5554.0,5610.0,nan,5604.0,627217,35149297380.0,379305,5620.0,222,5618.0,143,nan,0,nan,0,nan,0,nan,0,nan,0,nan,0,nan,0,nan,0
1597988407822885888,1597988408367000064,2020-08-21 13:40:08.367000,5618.0,5650.0,5554.0,5610.0,nan,5604.0,627218,35149353560.0,379304,5620.0,220,5618.0,139,nan,0,nan,0,nan,0,nan,0,nan,0,nan,0,nan,0,nan,0
1597988408322969088,1597988408918999808,2020-08-21 13:40:08.919000,5618.0,5650.0,5554.0,5610.0,nan,5604.0,627220,35149465940.0,379305,5620.0,221,5618.0,138,nan,0,nan,0,nan,0,nan,0,nan,0,nan,0,nan,0,nan,0
1597988408851644928,1597988409415000064,2020-08-21 13:40:09.415000,5618.0,5650.0,5554.0,5610.0,nan,5604.0,627221,35149522120.0,379306,5620.0,221,5618.0,142,nan,0,nan,0,nan,0,nan,0,nan,0,nan,0,nan,0,nan,0
1597988409324468992,1597988409904999936,2020-08-21 13:40:09.905000,5618.0,5650.0,5554.0,5610.0,nan,5604.0,627221,35149522120.0,379306,5620.0,220,5618.0,142,nan,0,nan,0,nan,0,nan,0,nan,0,nan,0,nan,0,nan,0
1597988410341882112,1597988410931000064,2020-08-21 13:40:10.931000,5618.0,5650.0,5554.0,5610.0,nan,5604.0,627222,35149578300.0,379307,5620.0,221,5618.0,141,nan,0,nan,0,nan,0,nan,0,nan,0,nan,0,nan,0,nan,0
1597988410827617024,1597988411436000000,2020-08-21 13:40:11.436000,5618.0,5650.0,5554.0,5610.0,nan,5604.0,627222,35149578300.0,379307,5620.0,220,5618.0,142,nan,0,nan,0,nan,0,nan,0,nan,0,nan,0,nan,0,nan,0
1597988411322034944,1597988411924999936,2020-08-21 13:40:11.925000,5620.0,5650.0,5554.0,5610.0,nan,5604.0,627223,35149634500.0,379308,5620.0,219,5618.0,146,nan,0,nan,0,nan,0,nan,0,nan,0,nan,0,nan,0,nan,0
1597988411824545024,1597988412411000064,2020-08-21 13:40:12.411000,5618.0,5650.0,5554.0,5610.0,nan,5604.0,627230,35150027780.0,379303,5620.0,224,5618.0,144,nan,0,nan,0,nan,0,nan,0,nan,0,nan,0,nan,0,nan,0
1597988412323982080,1597988412930000128,2020-08-21 13:40:12.930000,5618.0,5650.0,5554.0,5610.0,nan,5604.0,627231,35150083960.0,379303,5620.0,225,5618.0,144,nan,0,nan,0,nan,0,nan,0,nan,0,nan,0,nan,0,nan,0
1597988413344740096,1597988413895000064,2020-08-21 13:40:13.895000,5618.0,5650.0,5554.0,5610.0,nan,5604.0,627231,35150083960.0,379303,5620.0,225,5618.0,149,nan,0,nan,0,nan,0,nan,0,nan,0,nan,0,nan,0,nan,0
1597988413825508096,1597988414356000000,2020-08-21 13:40:14.356000,5618.0,5650.0,5554.0,5610.0,nan,5604.0,627232,35150140140.0,379302,5620.0,225,5618.0,146,nan,0,nan,0,nan,0,nan,0,nan,0,nan,0,nan,0,nan,0
1597988414325800960,1597988414881999872,2020-08-21 13:40:14.882000,5620.0,5650.0,5554.0,5610.0,nan,5604.0,627233,35150196340.0,379301,5620.0,224,5618.0,146,nan,0,nan,0,nan,0,nan,0,nan,0,nan,0,nan,0,nan,0
1597988414830033920,1597988415384999936,2020-08-21 13:40:15.385000,5618.0,5650.0,5554.0,5610.0,nan,5604.0,627234,35150252520.0,379301,5620.0,225,5618.0,146,nan,0,nan,0,nan,0,nan,0,nan,0,nan,0,nan,0,nan,0
1597988415324619008,1597988415935000064,2020-08-21 13:40:15.935000,5618.0,5650.0,5554.0,5610.0,nan,5604.0,627240,35150589600.0,379301,5620.0,217,5618.0,141,nan,0,nan,0,nan,0,nan,0,nan,0,nan,0,nan,0,nan,0
1597988415830348032,1597988416316000000,2020-08-21 13:40:16.316000,5618.0,5650.0,5554.0,5610.0,nan,5604.0,627240,35150589600.0,379301,5620.0,218,5618.0,141,nan,0,nan,0,nan,0,nan,0,nan,0,nan,0,nan,0,nan,0
1597988416827347968,1597988417420999936,2020-08-21 13:40:17.421000,5618.0,5650.0,5554.0,5610.0,nan,5604.0,627240,35150589600.0,379301,5620.0,213,5618.0,147,nan,0,nan,0,nan,0,nan,0,nan,0,nan,0,nan,0,nan,0
1597988417324026880,1597988417892999936,2020-08-21 13:40:17.893000,5618.0,5650.0,5554.0,5610.0,nan,5604.0,627240,35150589600.0,379301,5620.0,214,5618.0,147,nan,0,nan,0,nan,0,nan,0,nan,0,nan,0,nan,0,nan,0
1597988417858462976,1597988418427000064,2020-08-21 13:40:18.427000,5618.0,5650.0,5554.0,5610.0,nan,5604.0,627245,35150870500.0,379302,5620.0,209,5618.0,142,nan,0,nan,0,nan,0,nan,0,nan,0,nan,0,nan,0,nan,0
1597988418324728064,1597988418917999872,2020-08-21 13:40:18.918000,5620.0,5650.0,5554.0,5610.0,nan,5604.0,627258,35151600900.0,379289,5620.0,206,5618.0,134,nan,0,nan,0,nan,0,nan,0,nan,0,nan,0,nan,0,nan,0
1597988418823835904,1597988419430000128,2020-08-21 13:40:19.430000,5620.0,5650.0,5554.0,5610.0,nan,5604.0,627258,35151600900.0,379289,5620.0,208,5618.0,135,nan,0,nan,0,nan,0,nan,0,nan,0,nan,0,nan,0,nan,0
1597988419378831104,1597988419924999936,2020-08-21 13:40:19.925000,5620.0,5650.0,5554.0,5610.0,nan,5604.0,627262,35151825700.0,379285,5620.0,202,5618.0,154,nan,0,nan,0,nan,0,nan,0,nan,0,nan,0,nan,0,nan,0
1597988419824103936,1597988420433000192,2020-08-21 13:40:20.433000,5620.0,5650.0,5554.0,5610.0,nan,5604.0,627475,35163796300.0,379357,5622.0,313,5620.0,115,nan,0,nan,0,nan,0,nan,0,nan,0,nan,0,nan,0,nan,0
1597988420335192064,1597988420932000000,2020-08-21 13:40:20.932000,5620.0,5650.0,5554.0,5610.0,nan,5604.0,627483,35164245900.0,379356,5622.0,306,5620.0,109,nan,0,nan,0,nan,0,nan,0,nan,0,nan,0,nan,0,nan,0
1597988420837872128,1597988421390000128,2020-08-21 13:40:21.390000,5620.0,5650.0,5554.0,5610.0,nan,5604.0,627483,35164245900.0,379356,5622.0,313,5620.0,114,nan,0,nan,0,nan,0,nan,0,nan,0,nan,0,nan,0,nan,0
1597988421322510080,1597988421928000000,2020-08-21 13:40:21.928000,5620.0,5650.0,5554.0,5610.0,nan,5604.0,627484,35164302100.0,379356,5622.0,315,5620.0,114,nan,0,nan,0,nan,0,nan,0,nan,0,nan,0,nan,0,nan,0
1597988421829388032,1597988422401999872,2020-08-21 13:40:22.402000,5622.0,5650.0,5554.0,5610.0,nan,5604.0,627485,35164358320.0,379356,5622.0,316,5620.0,115,nan,0,nan,0,nan,0,nan,0,nan,0,nan,0,nan,0,nan,0
1597988422387878912,1597988422921999872,2020-08-21 13:40:22.922000,5622.0,5650.0,5554.0,5610.0,nan,5604.0,627498,35165089040.0,379353,5622.0,309,5620.0,109,nan,0,nan,0,nan,0,nan,0,nan,0,nan,0,nan,0,nan,0
1597988422824699904,1597988423430000128,2020-08-21 13:40:23.430000,5620.0,5650.0,5554.0,5610.0,nan,5604.0,627499,35165145240.0,379352,5622.0,306,5620.0,110,nan,0,nan,0,nan,0,nan,0,nan,0,nan,0,nan,0,nan,0
1597988423324872960,1597988423857000192,2020-08-21 13:40:23.857000,5622.0,5650.0,5554.0,5610.0,nan,5604.0,627500,35165201460.0,379351,5622.0,300,5620.0,111,nan,0,nan,0,nan,0,nan,0,nan,0,nan,0,nan,0,nan,0
1597988423834306048,1597988424434000128,2020-08-21 13:40:24.434000,5620.0,5650.0,5554.0,5610.0,nan,5604.0,627501,35165257660.0,379350,5622.0,300,5620.0,112,nan,0,nan,0,nan,0,nan,0,nan,0,nan,0,nan,0,nan,0
1597988424323025920,1597988424924000000,2020-08-21 13:40:24.924000,5622.0,5650.0,5554.0,5610.0,nan,5604.0,627522,35166438280.0,379350,5622.0,281,5620.0,120,nan,0,nan,0,nan,0,nan,0,nan,0,nan,0,nan,0,nan,0
1597988424829948928,1597988425424999936,2020-08-21 13:40:25.425000,5620.0,5650.0,5554.0,5610.0,nan,5604.0,627524,35166550700.0,379348,5622.0,279,5620.0,125,nan,0,nan,0,nan,0,nan,0,nan,0,nan,0,nan,0,nan,0
1597988425358906880,1597988425930000128,2020-08-21 13:40:25.930000,5622.0,5650.0,5554.0,5610.0,nan,5604.0,627534,35167112880.0,379341,5622.0,272,5620.0,129,nan,0,nan,0,nan,0,nan,0,nan,0,nan,0,nan,0,nan,0
1597988425823879936,1597988426431000064,2020-08-21 13:40:26.431000,5622.0,5650.0,5554.0,5610.0,nan,5604.0,627535,35167169100.0,379341,5622.0,271,5620.0,131,nan,0,nan,0,nan,0,nan,0,nan,0,nan,0,nan,0,nan,0
1597988426377171968,1597988426934000128,2020-08-21 13:40:26.934000,5620.0,5650.0,5554.0,5610.0,nan,5604.0,627537,35167281500.0,379341,5622.0,283,5620.0,122,nan,0,nan,0,nan,0,nan,0,nan,0,nan,0,nan,0,nan,0
1597988426869554944,1597988427434000128,2020-08-21 13:40:27.434000,5620.0,5650.0,5554.0,5610.0,nan,5604.0,627539,35167393900.0,379339,5622.0,289,5620.0,116,nan,0,nan,0,nan,0,nan,0,nan,0,nan,0,nan,0,nan,0
1597988427323223040,1597988427918999808,2020-08-21 13:40:27.919000,5620.0,5650.0,5554.0,5610.0,nan,5604.0,627542,35167562540.0,379339,5622.0,288,5620.0,115,nan,0,nan,0,nan,0,nan,0,nan,0,nan,0,nan,0,nan,0
1597988427827855104,1597988428412000000,2020-08-21 13:40:28.412000,5620.0,5650.0,5554.0,5610.0,nan,5604.0,627563,35168742760.0,379339,5622.0,287,5620.0,105,nan,0,nan,0,nan,0,nan,0,nan,0,nan,0,nan,0,nan,0
1597988428340705024,1597988428924999936,2020-08-21 13:40:28.925000,5620.0,5650.0,5554.0,5610.0,nan,5604.0,627566,35168911380.0,379338,5622.0,286,5620.0,107,nan,0,nan,0,nan,0,nan,0,nan,0,nan,0,nan,0,nan,0
1597988428824182016,1597988429424999936,2020-08-21 13:40:29.425000,5620.0,5650.0,5554.0,5610.0,nan,5604.0,627567,35168967580.0,379337,5622.0,275,5620.0,136,nan,0,nan,0,nan,0,nan,0,nan,0,nan,0,nan,0,nan,0
1597988429325373952,1597988429936999936,2020-08-21 13:40:29.937000,5620.0,5650.0,5554.0,5610.0,nan,5604.0,627567,35168967580.0,379337,5622.0,285,5620.0,136,nan,0,nan,0,nan,0,nan,0,nan,0,nan,0,nan,0,nan,0
1597988430377637888,1597988430927000064,2020-08-21 13:40:30.927000,5620.0,5650.0,5554.0,5610.0,nan,5604.0,627587,35170091580.0,379337,5622.0,291,5620.0,123,nan,0,nan,0,nan,0,nan,0,nan,0,nan,0,nan,0,nan,0
1597988430824122880,1597988431431000064,2020-08-21 13:40:31.431000,5620.0,5650.0,5554.0,5610.0,nan,5604.0,627589,35170204000.0,379336,5622.0,310,5620.0,122,nan,0,nan,0,nan,0,nan,0,nan,0,nan,0,nan,0,nan,0
1597988431381107968,1597988431912000000,2020-08-21 13:40:31.912000,5622.0,5650.0,5554.0,5610.0,nan,5604.0,627591,35170316420.0,379335,5622.0,309,5620.0,120,nan,0,nan,0,nan,0,nan,0,nan,0,nan,0,nan,0,nan,0
1597988431833410048,1597988432428000000,2020-08-21 13:40:32.428000,5620.0,5650.0,5554.0,5610.0,nan,5604.0,627597,35170653640.0,379330,5622.0,308,5620.0,100,nan,0,nan,0,nan,0,nan,0,nan,0,nan,0,nan,0,nan,0
1597988432325435904,1597988432936999936,2020-08-21 13:40:32.937000,5620.0,5650.0,5554.0,5610.0,nan,5604.0,627689,35175824040.0,379304,5620.0,127,5618.0,203,nan,0,nan,0,nan,0,nan,0,nan,0,nan,0,nan,0,nan,0
1597988432831259904,1597988433437999872,2020-08-21 13:40:33.438000,5620.0,5650.0,5554.0,5610.0,nan,5604.0,627690,35175880240.0,379303,5620.0,167,5618.0,148,nan,0,nan,0,nan,0,nan,0,nan,0,nan,0,nan,0,nan,0
1597988433323738112,1597988433926000128,2020-08-21 13:40:33.926000,5620.0,5650.0,5554.0,5610.0,nan,5604.0,627694,35176105040.0,379299,5620.0,175,5618.0,148,nan,0,nan,0,nan,0,nan,0,nan,0,nan,0,nan,0,nan,0
1597988433828730880,1597988434405999872,2020-08-21 13:40:34.406000,5618.0,5650.0,5554.0,5610.0,nan,5604.0,627699,35176386020.0,379297,5620.0,172,5618.0,140,nan,0,nan,0,nan,0,nan,0,nan,0,nan,0,nan,0,nan,0
1597988434349227008,1597988434923000064,2020-08-21 13:40:34.923000,5620.0,5650.0,5554.0,5610.0,nan,5604.0,627732,35178240620.0,379324,5620.0,160,5618.0,142,nan,0,nan,0,nan,0,nan,0,nan,0,nan,0,nan,0,nan,0
1597988434836099072,1597988435428999936,2020-08-21 13:40:35.429000,5620.0,5650.0,5554.0,5610.0,nan,5604.0,627733,35178296820.0,379324,5620.0,161,5618.0,149,nan,0,nan,0,nan,0,nan,0,nan,0,nan,0,nan,0,nan,0
1597988435331318016,1597988435910000128,2020-08-21 13:40:35.910000,5620.0,5650.0,5554.0,5610.0,nan,5604.0,627734,35178353020.0,379325,5620.0,160,5618.0,149,nan,0,nan,0,nan,0,nan,0,nan,0,nan,0,nan,0,nan,0
1597988435849979904,1597988436435000064,2020-08-21 13:40:36.435000,5620.0,5650.0,5554.0,5610.0,nan,5604.0,627736,35178465420.0,379327,5620.0,189,5618.0,144,nan,0,nan,0,nan,0,nan,0,nan,0,nan,0,nan,0,nan,0
1597988436336734976,1597988436894000128,2020-08-21 13:40:36.894000,5620.0,5650.0,5554.0,5610.0,nan,5604.0,627737,35178521620.0,379328,5620.0,188,5618.0,146,nan,0,nan,0,nan,0,nan,0,nan,0,nan,0,nan,0,nan,0
1597988436835352064,1597988437357000192,2020-08-21 13:40:37.357000,5618.0,5650.0,5554.0,5610.0,nan,5604.0,627739,35178634000.0,379328,5620.0,191,5618.0,145,nan,0,nan,0,nan,0,nan,0,nan,0,nan,0,nan,0,nan,0
1597988437360614912,1597988437937999872,2020-08-21 13:40:37.938000,5618.0,5650.0,5554.0,5610.0,nan,5604.0,628009,35193804840.0,379375,5618.0,177,5616.0,443,nan,0,nan,0,nan,0,nan,0,nan,0,nan,0,nan,0,nan,0
1597988437827622912,1597988438430000128,2020-08-21 13:40:38.430000,5618.0,5650.0,5554.0,5610.0,nan,5604.0,628022,35194535180.0,379388,5618.0,168,5616.0,419,nan,0,nan,0,nan,0,nan,0,nan,0,nan,0,nan,0,nan,0
1597988438324403968,1597988438908000000,2020-08-21 13:40:38.908000,5618.0,5650.0,5554.0,5610.0,nan,5604.0,628022,35194535180.0,379388,5618.0,169,5616.0,419,nan,0,nan,0,nan,0,nan,0,nan,0,nan,0,nan,0,nan,0
1597988438833782016,1597988439433000192,2020-08-21 13:40:39.433000,5616.0,5650.0,5554.0,5610.0,nan,5604.0,628024,35194647500.0,379390,5618.0,170,5616.0,418,nan,0,nan,0,nan,0,nan,0,nan,0,nan,0,nan,0,nan,0
1597988439325840896,1597988439926000128,2020-08-21 13:40:39.926000,5618.0,5650.0,5554.0,5610.0,nan,5604.0,628041,35195602560.0,379391,5618.0,162,5616.0,412,nan,0,nan,0,nan,0,nan,0,nan,0,nan,0,nan,0,nan,0
1597988439834307072,1597988440408000000,2020-08-21 13:40:40.408000,5616.0,5650.0,5554.0,5610.0,nan,5604.0,628053,35196276520.0,379396,5618.0,160,5616.0,406,nan,0,nan,0,nan,0,nan,0,nan,0,nan,0,nan,0,nan,0
1597988440359011072,1597988440912000000,2020-08-21 13:40:40.912000,5618.0,5650.0,5554.0,5610.0,nan,5604.0,628213,35205265320.0,379539,5620.0,99,5618.0,73,nan,0,nan,0,nan,0,nan,0,nan,0,nan,0,nan,0,nan,0
1597988440831226880,1597988441420999936,2020-08-21 13:40:41.421000,5620.0,5650.0,5554.0,5610.0,nan,5604.0,628235,35206501700.0,379533,5620.0,102,5618.0,130,nan,0,nan,0,nan,0,nan,0,nan,0,nan,0,nan,0,nan,0
1597988441324722944,1597988441924000000,2020-08-21 13:40:41.924000,5620.0,5650.0,5554.0,5610.0,nan,5604.0,628236,35206557900.0,379534,5620.0,95,5618.0,130,nan,0,nan,0,nan,0,nan,0,nan,0,nan,0,nan,0,nan,0
1597988441829914880,1597988442428000000,2020-08-21 13:40:42.428000,5620.0,5650.0,5554.0,5610.0,nan,5604.0,628241,35206838880.0,379534,5620.0,95,5618.0,132,nan,0,nan,0,nan,0,nan,0,nan,0,nan,0,nan,0,nan,0
1597988442331559936,1597988442924000000,2020-08-21 13:40:42.924000,5620.0,5650.0,5554.0,5610.0,nan,5604.0,628241,35206838880.0,379534,5620.0,95,5618.0,133,nan,0,nan,0,nan,0,nan,0,nan,0,nan,0,nan,0,nan,0
1597988442824349952,1597988443434000128,2020-08-21 13:40:43.434000,5620.0,5650.0,5554.0,5610.0,nan,5604.0,628360,35213526480.0,379483,5622.0,326,5618.0,132,nan,0,nan,0,nan,0,nan,0,nan,0,nan,0,nan,0,nan,0
1597988443386749952,1597988443938999808,2020-08-21 13:40:43.939000,5620.0,5650.0,5554.0,5610.0,nan,5604.0,628375,35214369460.0,379486,5622.0,288,5618.0,185,nan,0,nan,0,nan,0,nan,0,nan,0,nan,0,nan,0,nan,0
1597988443829278976,1597988444435000064,2020-08-21 13:40:44.435000,5618.0,5650.0,5554.0,5610.0,nan,5604.0,628378,35214538020.0,379486,5622.0,288,5618.0,183,nan,0,nan,0,nan,0,nan,0,nan,0,nan,0,nan,0,nan,0
1597988444355054080,1597988444904000000,2020-08-21 13:40:44.904000,5620.0,5650.0,5554.0,5610.0,nan,5604.0,628388,35215100020.0,379477,5622.0,296,5618.0,183,nan,0,nan,0,nan,0,nan,0,nan,0,nan,0,nan,0,nan,0
1597988444833622016,1597988445427000064,2020-08-21 13:40:45.427000,5618.0,5650.0,5554.0,5610.0,nan,5604.0,628398,35215661840.0,379468,5620.0,31,5618.0,148,nan,0,nan,0,nan,0,nan,0,nan,0,nan,0,nan,0,nan,0
1597988445330747904,1597988445926000128,2020-08-21 13:40:45.926000,5620.0,5650.0,5554.0,5610.0,nan,5604.0,628400,35215774240.0,379468,5620.0,146,5618.0,112,nan,0,nan,0,nan,0,nan,0,nan,0,nan,0,nan,0,nan,0
1597988445838673920,1597988446435000064,2020-08-21 13:40:46.435000,5620.0,5650.0,5554.0,5610.0,nan,5604.0,628400,35215774240.0,379468,5620.0,147,5618.0,88,nan,0,nan,0,nan,0,nan,0,nan,0,nan,0,nan,0,nan,0
1597988446369277952,1597988446924999936,2020-08-21 13:40:46.925000,5620.0,5650.0,5554.0,5610.0,nan,5604.0,628400,35215774240.0,379468,5620.0,179,5618.0,87,nan,0,nan,0,nan,0,nan,0,nan,0,nan,0,nan,0,nan,0
1597988446853637888,1597988447360999936,2020-08-21 13:40:47.361000,5620.0,5650.0,5554.0,5610.0,nan,5604.0,628401,35215830440.0,379468,5620.0,183,5618.0,77,nan,0,nan,0,nan,0,nan,0,nan,0,nan,0,nan,0,nan,0
1597988447331080960,1597988447936000000,2020-08-21 13:40:47.936000,5620.0,5650.0,5554.0,5610.0,nan,5604.0,628401,35215830440.0,379468,5620.0,185,5618.0,80,nan,0,nan,0,nan,0,nan,0,nan,0,nan,0,nan,0,nan,0
1597988447829187072,1597988448424999936,2020-08-21 13:40:48.425000,5618.0,5650.0,5554.0,5610.0,nan,5604.0,628414,35216560780.0,379457,5620.0,172,5618.0,42,nan,0,nan,0,nan,0,nan,0,nan,0,nan,0,nan,0,nan,0
1597988448327384064,1597988448924999936,2020-08-21 13:40:48.925000,5618.0,5650.0,5554.0,5610.0,nan,5604.0,628416,35216673140.0,379455,5620.0,173,5618.0,42,nan,0,nan,0,nan,0,nan,0,nan,0,nan,0,nan,0,nan,0
1597988448856432128,1597988449431000064,2020-08-21 13:40:49.431000,5618.0,5650.0,5554.0,5610.0,nan,5604.0,628458,35219032700.0,379468,5618.0,8,5616.0,426,nan,0,nan,0,nan,0,nan,0,nan,0,nan,0,nan,0,nan,0
1597988449340846080,1597988449894000128,2020-08-21 13:40:49.894000,5618.0,5650.0,5554.0,5610.0,nan,5604.0,628460,35219145060.0,379470,5618.0,10,5616.0,424,nan,0,nan,0,nan,0,nan,0,nan,0,nan,0,nan,0,nan,0
1597988449830497024,1597988450418999808,2020-08-21 13:40:50.419000,5618.0,5650.0,5554.0,5610.0,nan,5604.0,628460,35219145060.0,379470,5618.0,10,5616.0,422,nan,0,nan,0,nan,0,nan,0,nan,0,nan,0,nan,0,nan,0
1597988450324164096,1597988450928000000,2020-08-21 13:40:50.928000,5618.0,5650.0,5554.0,5610.0,nan,5604.0,628461,35219201240.0,379471,5618.0,9,5616.0,422,nan,0,nan,0,nan,0,nan,0,nan,0,nan,0,nan,0,nan,0
1597988450842106880,1597988451423000064,2020-08-21 13:40:51.423000,5618.0,5650.0,5554.0,5610.0,nan,5604.0,628470,35219706860.0,379477,5618.0,3,5616.0,429,nan,0,nan,0,nan,0,nan,0,nan,0,nan,0,nan,0,nan,0
1597988451335144960,1597988451933000192,2020-08-21 13:40:51.933000,5616.0,5650.0,5554.0,5610.0,nan,5604.0,628903,35244024200.0,379728,5616.0,98,5614.0,183,nan,0,nan,0,nan,0,nan,0,nan,0,nan,0,nan,0,nan,0
1597988451844890112,1597988452424999936,2020-08-21 13:40:52.425000,5616.0,5650.0,5554.0,5610.0,nan,5604.0,628912,35244529640.0,379737,5616.0,90,5614.0,200,nan,0,nan,0,nan,0,nan,0,nan,0,nan,0,nan,0,nan,0
1597988452349774080,1597988452930000128,2020-08-21 13:40:52.930000,5614.0,5650.0,5554.0,5610.0,nan,5604.0,628952,35246775440.0,379733,5616.0,98,5614.0,170,nan,0,nan,0,nan,0,nan,0,nan,0,nan,0,nan,0,nan,0
1597988452832832000,1597988453424999936,2020-08-21 13:40:53.425000,5616.0,5650.0,5554.0,5610.0,nan,5604.0,628963,35247393020.0,379731,5616.0,129,5614.0,162,nan,0,nan,0,nan,0,nan,0,nan,0,nan,0,nan,0,nan,0
1597988453324101888,1597988453932000000,2020-08-21 13:40:53.932000,5614.0,5650.0,5554.0,5610.0,nan,5604.0,628985,35248628420.0,379750,5616.0,113,5614.0,192,nan,0,nan,0,nan,0,nan,0,nan,0,nan,0,nan,0,nan,0
1597988453831394048,1597988454428000000,2020-08-21 13:40:54.428000,5614.0,5650.0,5554.0,5610.0,nan,5604.0,628996,35249246160.0,379751,5616.0,88,5614.0,189,nan,0,nan,0,nan,0,nan,0,nan,0,nan,0,nan,0,nan,0
1597988454329612032,1597988454931000064,2020-08-21 13:40:54.931000,5616.0,5650.0,5554.0,5610.0,nan,5604.0,629007,35249863900.0,379742,5616.0,71,5614.0,188,nan,0,nan,0,nan,0,nan,0,nan,0,nan,0,nan,0,nan,0
1597988454823661056,1597988455435000064,2020-08-21 13:40:55.435000,5614.0,5650.0,5554.0,5610.0,nan,5604.0,629025,35250874420.0,379735,5616.0,73,5614.0,170,nan,0,nan,0,nan,0,nan,0,nan,0,nan,0,nan,0,nan,0
1597988455363344896,1597988455936999936,2020-08-21 13:40:55.937000,5616.0,5650.0,5554.0,5610.0,nan,5604.0,629027,35250986720.0,379735,5616.0,79,5614.0,169,nan,0,nan,0,nan,0,nan,0,nan,0,nan,0,nan,0,nan,0
1597988455827134976,1597988456432000000,2020-08-21 13:40:56.432000,5614.0,5650.0,5554.0,5610.0,nan,5604.0,629037,35251548120.0,379744,5616.0,103,5614.0,159,nan,0,nan,0,nan,0,nan,0,nan,0,nan,0,nan,0,nan,0
1597988456325385984,1597988456905999872,2020-08-21 13:40:56.906000,5616.0,5650.0,5554.0,5610.0,nan,5604.0,629040,35251716560.0,379744,5616.0,104,5614.0,158,nan,0,nan,0,nan,0,nan,0,nan,0,nan,0,nan,0,nan,0
1597988456827478016,1597988457434000128,2020-08-21 13:40:57.434000,5616.0,5650.0,5554.0,5610.0,nan,5604.0,629061,35252895520.0,379736,5616.0,109,5614.0,138,nan,0,nan,0,nan,0,nan,0,nan,0,nan,0,nan,0,nan,0
1597988457336613120,1597988457931000064,2020-08-21 13:40:57.931000,5614.0,5650.0,5554.0,5610.0,nan,5604.0,629069,35253344740.0,379730,5616.0,105,5614.0,136,nan,0,nan,0,nan,0,nan,0,nan,0,nan,0,nan,0,nan,0
1597988457842920960,1597988458434000128,2020-08-21 13:40:58.434000,5616.0,5650.0,5554.0,5610.0,nan,5604.0,629070,35253400900.0,379731,5616.0,104,5614.0,137,nan,0,nan,0,nan,0,nan,0,nan,0,nan,0,nan,0,nan,0
1597988458361318912,1597988458926000128,2020-08-21 13:40:58.926000,5616.0,5650.0,5554.0,5610.0,nan,5604.0,629089,35254467780.0,379730,5616.0,97,5614.0,129,nan,0,nan,0,nan,0,nan,0,nan,0,nan,0,nan,0,nan,0
1597988458831958016,1597988459400999936,2020-08-21 13:40:59.401000,5614.0,5650.0,5554.0,5610.0,nan,5604.0,629096,35254860780.0,379734,5616.0,102,5614.0,144,nan,0,nan,0,nan,0,nan,0,nan,0,nan,0,nan,0,nan,0
1597988459334697984,1597988459904000000,2020-08-21 13:40:59.904000,5616.0,5650.0,5554.0,5610.0,nan,5604.0,629143,35257500200.0,379763,5616.0,100,5614.0,142,nan,0,nan,0,nan,0,nan,0,nan,0,nan,0,nan,0,nan,0
1597988459830057984,1597988460424999936,2020-08-21 13:41:00.425000,5616.0,5650.0,5554.0,5610.0,nan,5604.0,629153,35258061800.0,379763,5616.0,113,5614.0,139,nan,0,nan,0,nan,0,nan,0,nan,0,nan,0,nan,0,nan,0
1597988460334043904,1597988460937999872,2020-08-21 13:41:00.938000,5614.0,5650.0,5554.0,5610.0,nan,5604.0,629285,35265472280.0,379663,5614.0,6,5612.0,373,nan,0,nan,0,nan,0,nan,0,nan,0,nan,0,nan,0,nan,0
1597988460829014016,1597988461427000064,2020-08-21 13:41:01.427000,5614.0,5650.0,5554.0,5610.0,nan,5604.0,629288,35265640700.0,379660,5614.0,68,5612.0,340,nan,0,nan,0,nan,0,nan,0,nan,0,nan,0,nan,0,nan,0
1597988461394744064,1597988461891000064,2020-08-21 13:41:01.891000,5612.0,5650.0,5554.0,5610.0,nan,5604.0,629316,35267212100.0,379677,5614.0,106,5612.0,318,nan,0,nan,0,nan,0,nan,0,nan,0,nan,0,nan,0,nan,0
1597988461834993920,1597988462420999936,2020-08-21 13:41:02.421000,5612.0,5650.0,5554.0,5610.0,nan,5604.0,629357,35269513100.0,379657,5614.0,115,5612.0,280,nan,0,nan,0,nan,0,nan,0,nan,0,nan,0,nan,0,nan,0
1597988462351600896,1597988462911000064,2020-08-21 13:41:02.911000,5612.0,5650.0,5554.0,5610.0,nan,5604.0,629394,35271589580.0,379632,5614.0,147,5612.0,246,nan,0,nan,0,nan,0,nan,0,nan,0,nan,0,nan,0,nan,0
1597988462851955968,1597988463430000128,2020-08-21 13:41:03.430000,5614.0,5650.0,5554.0,5610.0,nan,5604.0,629406,35272263220.0,379625,5614.0,139,5612.0,240,nan,0,nan,0,nan,0,nan,0,nan,0,nan,0,nan,0,nan,0
1597988463330361088,1597988463935000064,2020-08-21 13:41:03.935000,5612.0,5650.0,5554.0,5610.0,nan,5604.0,629419,35272992840.0,379629,5614.0,142,5612.0,246,nan,0,nan,0,nan,0,nan,0,nan,0,nan,0,nan,0,nan,0
1597988463854263040,1597988464432000000,2020-08-21 13:41:04.432000,5612.0,5650.0,5554.0,5610.0,nan,5604.0,629435,35273890780.0,379638,5614.0,143,5612.0,234,nan,0,nan,0,nan,0,nan,0,nan,0,nan,0,nan,0,nan,0
1597988464371478016,1597988464926000128,2020-08-21 13:41:04.926000,5614.0,5650.0,5554.0,5610.0,nan,5604.0,629440,35274171480.0,379636,5614.0,141,5612.0,276,nan,0,nan,0,nan,0,nan,0,nan,0,nan,0,nan,0,nan,0
1597988464837018880,1597988465426000128,2020-08-21 13:41:05.426000,5612.0,5650.0,5554.0,5610.0,nan,5604.0,629718,35289772840.0,379794,5612.0,125,5610.0,522,nan,0,nan,0,nan,0,nan,0,nan,0,nan,0,nan,0,nan,0
1597988465332028928,1597988465921999872,2020-08-21 13:41:05.922000,5612.0,5650.0,5554.0,5610.0,nan,5604.0,629731,35290502380.0,379798,5612.0,182,5610.0,511,nan,0,nan,0,nan,0,nan,0,nan,0,nan,0,nan,0,nan,0
1597988465838761984,1597988466433000192,2020-08-21 13:41:06.433000,5612.0,5650.0,5554.0,5610.0,nan,5604.0,629925,35301389660.0,379875,5614.0,152,5612.0,127,nan,0,nan,0,nan,0,nan,0,nan,0,nan,0,nan,0,nan,0
1597988466352043008,1597988466938999808,2020-08-21 13:41:06.939000,5612.0,5650.0,5554.0,5610.0,nan,5604.0,629928,35301558020.0,379875,5614.0,105,5612.0,187,nan,0,nan,0,nan,0,nan,0,nan,0,nan,0,nan,0,nan,0
1597988466835286016,1597988467434000128,2020-08-21 13:41:07.434000,5612.0,5650.0,5554.0,5610.0,nan,5604.0,629941,35302287600.0,379867,5614.0,103,5612.0,186,nan,0,nan,0,nan,0,nan,0,nan,0,nan,0,nan,0,nan,0
1597988467352881920,1597988467888999936,2020-08-21 13:41:07.889000,5612.0,5650.0,5554.0,5610.0,nan,5604.0,629950,35302792700.0,379863,5614.0,106,5612.0,182,nan,0,nan,0,nan,0,nan,0,nan,0,nan,0,nan,0,nan,0
1597988467835213056,1597988468428000000,2020-08-21 13:41:08.428000,5612.0,5650.0,5554.0,5610.0,nan,5604.0,630133,35313062660.0,379761,5612.0,82,5610.0,651,nan,0,nan,0,nan,0,nan,0,nan,0,nan,0,nan,0,nan,0
1597988468330204928,1597988468913000192,2020-08-21 13:41:08.913000,5610.0,5650.0,5554.0,5610.0,nan,5604.0,630137,35313287120.0,379759,5612.0,179,5610.0,598,nan,0,nan,0,nan,0,nan,0,nan,0,nan,0,nan,0,nan,0
1597988468849817088,1597988469435000064,2020-08-21 13:41:09.435000,5610.0,5650.0,5554.0,5610.0,nan,5604.0,630675,35343469300.0,379697,5610.0,119,5608.0,556,nan,0,nan,0,nan,0,nan,0,nan,0,nan,0,nan,0,nan,0
1597988469333857024,1597988469934000128,2020-08-21 13:41:09.934000,5608.0,5650.0,5554.0,5610.0,nan,5604.0,630717,35345824880.0,379686,5610.0,141,5608.0,477,nan,0,nan,0,nan,0,nan,0,nan,0,nan,0,nan,0,nan,0
1597988469845646080,1597988470438999808,2020-08-21 13:41:10.439000,5610.0,5650.0,5554.0,5610.0,nan,5604.0,630837,35352554740.0,379680,5610.0,134,5608.0,378,nan,0,nan,0,nan,0,nan,0,nan,0,nan,0,nan,0,nan,0
1597988470380178944,1597988470926000128,2020-08-21 13:41:10.926000,5610.0,5650.0,5554.0,5610.0,nan,5604.0,630850,35353283880.0,379688,5610.0,142,5608.0,386,nan,0,nan,0,nan,0,nan,0,nan,0,nan,0,nan,0,nan,0
1597988470854041088,1597988471436000000,2020-08-21 13:41:11.436000,5608.0,5650.0,5554.0,5610.0,nan,5604.0,630879,35354910660.0,379712,5610.0,129,5608.0,386,nan,0,nan,0,nan,0,nan,0,nan,0,nan,0,nan,0,nan,0
1597988471333268992,1597988471927000064,2020-08-21 13:41:11.927000,5608.0,5650.0,5554.0,5610.0,nan,5604.0,630902,35356200640.0,379715,5610.0,139,5608.0,359,nan,0,nan,0,nan,0,nan,0,nan,0,nan,0,nan,0,nan,0
1597988471844441088,1597988472436999936,2020-08-21 13:41:12.437000,5610.0,5650.0,5554.0,5610.0,nan,5604.0,630966,35359790100.0,379715,5610.0,123,5608.0,318,nan,0,nan,0,nan,0,nan,0,nan,0,nan,0,nan,0,nan,0
1597988472325860096,1597988472932000000,2020-08-21 13:41:12.932000,5608.0,5650.0,5554.0,5610.0,nan,5604.0,630982,35360687460.0,379720,5610.0,139,5608.0,308,nan,0,nan,0,nan,0,nan,0,nan,0,nan,0,nan,0,nan,0
1597988472843010048,1597988473436000000,2020-08-21 13:41:13.436000,5610.0,5650.0,5554.0,5610.0,nan,5604.0,630990,35361136200.0,379714,5610.0,132,5608.0,328,nan,0,nan,0,nan,0,nan,0,nan,0,nan,0,nan,0,nan,0
1597988473348858880,1597988473887000064,2020-08-21 13:41:13.887000,5608.0,5650.0,5554.0,5610.0,nan,5604.0,631353,35381493260.0,379922,5608.0,128,5606.0,220,nan,0,nan,0,nan,0,nan,0,nan,0,nan,0,nan,0,nan,0
1597988473833477888,1597988474404000000,2020-08-21 13:41:14.404000,5608.0,5650.0,5554.0,5610.0,nan,5604.0,631366,35382222260.0,379928,5608.0,147,5606.0,234,nan,0,nan,0,nan,0,nan,0,nan,0,nan,0,nan,0,nan,0
1597988474329793024,1597988474933000192,2020-08-21 13:41:14.933000,5606.0,5650.0,5554.0,5610.0,nan,5604.0,631370,35382446540.0,379927,5608.0,150,5606.0,232,nan,0,nan,0,nan,0,nan,0,nan,0,nan,0,nan,0,nan,0
1597988474836716032,1597988475437999872,2020-08-21 13:41:15.438000,5608.0,5650.0,5554.0,5610.0,nan,5604.0,631605,35395621200.0,379919,5608.0,178,5606.0,1,nan,0,nan,0,nan,0,nan,0,nan,0,nan,0,nan,0,nan,0
1597988475327183872,1597988475930000128,2020-08-21 13:41:15.930000,5606.0,5650.0,5554.0,5610.0,nan,5604.0,631648,35398031800.0,379936,5608.0,183,5606.0,143,nan,0,nan,0,nan,0,nan,0,nan,0,nan,0,nan,0,nan,0
1597988475837220096,1597988476435000064,2020-08-21 13:41:16.435000,5606.0,5650.0,5554.0,5610.0,nan,5604.0,631686,35400162340.0,379958,5608.0,164,5606.0,205,nan,0,nan,0,nan,0,nan,0,nan,0,nan,0,nan,0,nan,0
1597988476361754112,1597988476908000000,2020-08-21 13:41:16.908000,5608.0,5650.0,5554.0,5610.0,nan,5604.0,631757,35404142900.0,379973,5608.0,127,5606.0,242,nan,0,nan,0,nan,0,nan,0,nan,0,nan,0,nan,0,nan,0
1597988476845297920,1597988477436000000,2020-08-21 13:41:17.436000,5610.0,5650.0,5554.0,5610.0,nan,5604.0,631937,35414236260.0,379974,5610.0,131,5608.0,155,nan,0,nan,0,nan,0,nan,0,nan,0,nan,0,nan,0,nan,0
1597988477329300992,1597988477934000128,2020-08-21 13:41:17.934000,5608.0,5650.0,5554.0,5610.0,nan,5604.0,631958,35415413940.0,379967,5610.0,120,5608.0,159,nan,0,nan,0,nan,0,nan,0,nan,0,nan,0,nan,0,nan,0
1597988477844493056,1597988478432000000,2020-08-21 13:41:18.432000,5608.0,5650.0,5554.0,5610.0,nan,5604.0,631978,35416535600.0,379976,5610.0,170,5608.0,185,nan,0,nan,0,nan,0,nan,0,nan,0,nan,0,nan,0,nan,0
1597988478338002944,1597988478927000064,2020-08-21 13:41:18.927000,5608.0,5650.0,5554.0,5610.0,nan,5604.0,632008,35418218060.0,379976,5610.0,175,5608.0,177,nan,0,nan,0,nan,0,nan,0,nan,0,nan,0,nan,0,nan,0
1597988478841882112,1597988479433000192,2020-08-21 13:41:19.433000,5608.0,5650.0,5554.0,5610.0,nan,5604.0,632011,35418386300.0,379975,5610.0,185,5608.0,177,nan,0,nan,0,nan,0,nan,0,nan,0,nan,0,nan,0,nan,0
1597988479353785088,1597988479936000000,2020-08-21 13:41:19.936000,5610.0,5650.0,5554.0,5610.0,nan,5604.0,632027,35419283600.0,379962,5610.0,184,5608.0,163,nan,0,nan,0,nan,0,nan,0,nan,0,nan,0,nan,0,nan,0
1597988479844188928,1597988480415000064,2020-08-21 13:41:20.415000,5610.0,5650.0,5554.0,5610.0,nan,5604.0,632051,35420629880.0,379964,5610.0,159,5608.0,162,nan,0,nan,0,nan,0,nan,0,nan,0,nan,0,nan,0,nan,0
1597988480332471040,1597988480903000064,2020-08-21 13:41:20.903000,5608.0,5650.0,5554.0,5610.0,nan,5604.0,632125,35424779800.0,379940,5610.0,162,5608.0,93,nan,0,nan,0,nan,0,nan,0,nan,0,nan,0,nan,0,nan,0
1597988480833346048,1597988481438999808,2020-08-21 13:41:21.439000,5608.0,5650.0,5554.0,5610.0,nan,5604.0,632309,35435098520.0,379965,5608.0,2,5606.0,266,nan,0,nan,0,nan,0,nan,0,nan,0,nan,0,nan,0,nan,0
1597988481329392896,1597988481937999872,2020-08-21 13:41:21.938000,5608.0,5650.0,5554.0,5610.0,nan,5604.0,632398,35440088140.0,379970,5608.0,76,5606.0,222,nan,0,nan,0,nan,0,nan,0,nan,0,nan,0,nan,0,nan,0
1597988481837190912,1597988482430000128,2020-08-21 13:41:22.430000,5608.0,5650.0,5554.0,5610.0,nan,5604.0,632402,35440312460.0,379973,5608.0,104,5606.0,223,nan,0,nan,0,nan,0,nan,0,nan,0,nan,0,nan,0,nan,0
1597988482342811904,1597988482936000000,2020-08-21 13:41:22.936000,5608.0,5650.0,5554.0,5610.0,nan,5604.0,632414,35440985400.0,379974,5608.0,94,5606.0,215,nan,0,nan,0,nan,0,nan,0,nan,0,nan,0,nan,0,nan,0
1597988482828186112,1597988483434000128,2020-08-21 13:41:23.434000,5608.0,5650.0,5554.0,5610.0,nan,5604.0,632424,35441546160.0,379971,5608.0,93,5606.0,229,nan,0,nan,0,nan,0,nan,0,nan,0,nan,0,nan,0,nan,0
1597988483326068992,1597988483932000000,2020-08-21 13:41:23.932000,5608.0,5650.0,5554.0,5610.0,nan,5604.0,632521,35446985900.0,380011,5610.0,127,5608.0,29,nan,0,nan,0,nan,0,nan,0,nan,0,nan,0,nan,0,nan,0
1597988483838216960,1597988484434000128,2020-08-21 13:41:24.434000,5608.0,5650.0,5554.0,5610.0,nan,5604.0,632576,35450070300.0,380055,5610.0,133,5608.0,63,nan,0,nan,0,nan,0,nan,0,nan,0,nan,0,nan,0,nan,0
1597988484328079872,1597988484892999936,2020-08-21 13:41:24.893000,5610.0,5650.0,5554.0,5610.0,nan,5604.0,632581,35450350760.0,380055,5610.0,131,5608.0,124,nan,0,nan,0,nan,0,nan,0,nan,0,nan,0,nan,0,nan,0
1597988484849702912,1597988485431000064,2020-08-21 13:41:25.431000,5608.0,5650.0,5554.0,5610.0,nan,5604.0,632586,35450631160.0,380060,5610.0,126,5608.0,140,nan,0,nan,0,nan,0,nan,0,nan,0,nan,0,nan,0,nan,0
1597988485344610048,1597988485936000000,2020-08-21 13:41:25.936000,5608.0,5650.0,5554.0,5610.0,nan,5604.0,632589,35450799400.0,380063,5610.0,127,5608.0,157,nan,0,nan,0,nan,0,nan,0,nan,0,nan,0,nan,0,nan,0
1597988485839335936,1597988486437999872,2020-08-21 13:41:26.438000,5608.0,5650.0,5554.0,5610.0,nan,5604.0,632600,35451416280.0,380064,5610.0,114,5608.0,147,nan,0,nan,0,nan,0,nan,0,nan,0,nan,0,nan,0,nan,0
1597988486329910016,1597988486928000000,2020-08-21 13:41:26.928000,5608.0,5650.0,5554.0,5610.0,nan,5604.0,632611,35452033260.0,380062,5610.0,109,5608.0,144,nan,0,nan,0,nan,0,nan,0,nan,0,nan,0,nan,0,nan,0
