local_nano_time,quote_nano_time,datetime,last_price,highest,lowest,open,close,average,volume,amount,open_interest,ask_price1,ask_volume1,bid_price1,bid_volume1,ask_price2,ask_volume2,bid_price2,bid_volume2,ask_price3,ask_volume3,bid_price3,bid_volume3,ask_price4,ask_volume4,bid_price4,bid_volume4,ask_price5,ask_volume5,bid_price5,bid_volume5
1597988227117436928,1597988227000000000,2020-08-21 13:37:07.000000,52140.0,52280.0,51820.0,52160.0,nan,52027.075,92895,24165275450.0,119139,52140.0,44,52130.0,16,52150.0,62,52120.0,97,52160.0,41,52110.0,32,52170.0,31,52100.0,55,52180.0,25,52090.0,93
1597988227621692928,1597988227500000000,2020-08-21 13:37:07.500000,52140.0,52280.0,51820.0,52160.0,nan,52027.075,92895,24165275450.0,119139,52140.0,44,52130.0,23,52150.0,62,52120.0,97,52160.0,41,52110.0,32,52170.0,31,52100.0,55,52180.0,25,52090.0,93
1597988229613995008,1597988229500000000,2020-08-21 13:37:09.500000,52140.0,52280.0,51820.0,52160.0,nan,52027.075,92895,24165275450.0,119139,52140.0,44,52130.0,24,52150.0,62,52120.0,97,52160.0,41,52110.0,32,52170.0,31,52100.0,55,52180.0,25,52090.0,93
1597988230124871936,1597988230000000000,2020-08-21 13:37:10.000000,52140.0,52280.0,51820.0,52160.0,nan,52027.075,92895,24165275450.0,119139,52140.0,44,52130.0,23,52150.0,62,52120.0,97,52160.0,41,52110.0,32,52170.0,31,52100.0,55,52180.0,25,52090.0,93
1597988230610725888,1597988230500000000,2020-08-21 13:37:10.500000,52140.0,52280.0,51820.0,52160.0,nan,52027.075,92895,24165275450.0,119139,52140.0,44,52130.0,24,52150.0,62,52120.0,97,52160.0,41,52110.0,32,52170.0,31,52100.0,55,52180.0,25,52090.0,93
1597988231119845888,1597988231000000000,2020-08-21 13:37:11.000000,52140.0,52280.0,51820.0,52160.0,nan,52027.075,92895,24165275450.0,119139,52140.0,44,52130.0,27,52150.0,62,52120.0,97,52160.0,41,52110.0,32,52170.0,31,52100.0,55,52180.0,25,52090.0,93
1597988234616937984,1597988234500000000,2020-08-21 13:37:14.500000,52140.0,52280.0,51820.0,52160.0,nan,52027.079,92899,24166318250.0,119141,52140.0,39,52130.0,27,52150.0,62,52120.0,97,52160.0,41,52110.0,32,52170.0,31,52100.0,55,52180.0,25,52090.0,93
1597988235124014080,1597988235000000000,2020-08-21 13:37:15.000000,52140.0,52280.0,51820.0,52160.0,nan,52027.079,92899,24166318250.0,119141,52140.0,41,52130.0,27,52150.0,62,52120.0,97,52160.0,41,52110.0,32,52170.0,31,52100.0,55,52180.0,25,52090.0,93
1597988235618810112,1597988235500000000,2020-08-21 13:37:15.500000,52130.0,52280.0,51820.0,52160.0,nan,52027.081,92900,24166578900.0,119141,52140.0,41,52130.0,26,52150.0,62,52120.0,97,52160.0,41,52110.0,32,52170.0,31,52100.0,55,52180.0,25,52090.0,93
1597988236108489984,1597988236000000000,2020-08-21 13:37:16.000000,52130.0,52280.0,51820.0,52160.0,nan,52027.081,92900,24166578900.0,119141,52140.0,43,52130.0,26,52150.0,62,52120.0,97,52160.0,41,52110.0,32,52170.0,31,52100.0,55,52180.0,25,52090.0,93
1597988237105847040,1597988237000000000,2020-08-21 13:37:17.000000,52130.0,52280.0,51820.0,52160.0,nan,52027.081,92900,24166578900.0,119141,52140.0,43,52130.0,27,52150.0,62,52120.0,97,52160.0,41,52110.0,32,52170.0,31,52100.0,55,52180.0,25,52090.0,93
1597988238617056000,1597988238500000000,2020-08-21 13:37:18.500000,52130.0,52280.0,51820.0,52160.0,nan,52027.081,92900,24166578900.0,119141,52140.0,44,52130.0,27,52150.0,62,52120.0,97,52160.0,41,52110.0,32,52170.0,31,52100.0,55,52180.0,25,52090.0,93
1597988239111375104,1597988239000000000,2020-08-21 13:37:19.000000,52130.0,52280.0,51820.0,52160.0,nan,52027.082,92901,24166839550.0,119141,52140.0,44,52130.0,27,52150.0,62,52120.0,97,52160.0,41,52110.0,32,52170.0,31,52100.0,55,52180.0,25,52090.0,93
1597988239625264896,1597988239500000000,2020-08-21 13:37:19.500000,52130.0,52280.0,51820.0,52160.0,nan,52027.082,92901,24166839550.0,119141,52140.0,44,52130.0,25,52150.0,62,52120.0,97,52160.0,41,52110.0,32,52170.0,31,52100.0,55,52180.0,25,52090.0,93
1597988240118774016,1597988240000000000,2020-08-21 13:37:20.000000,52130.0,52280.0,51820.0,52160.0,nan,52027.082,92901,24166839550.0,119141,52140.0,44,52130.0,25,52150.0,62,52120.0,97,52160.0,41,52110.0,37,52170.0,31,52100.0,55,52180.0,25,52090.0,93
1597988242121251072,1597988242000000000,2020-08-21 13:37:22.000000,52130.0,52280.0,51820.0,52160.0,nan,52027.083,92902,24167100200.0,119141,52140.0,44,52130.0,24,52150.0,62,52120.0,97,52160.0,41,52110.0,37,52170.0,31,52100.0,55,52180.0,25,52090.0,93
1597988242633777920,1597988242500000000,2020-08-21 13:37:22.500000,52130.0,52280.0,51820.0,52160.0,nan,52027.083,92902,24167100200.0,119141,52140.0,44,52130.0,24,52150.0,62,52120.0,98,52160.0,41,52110.0,37,52170.0,31,52100.0,55,52180.0,25,52090.0,93
1597988243624622080,1597988243500000000,2020-08-21 13:37:23.500000,52130.0,52280.0,51820.0,52160.0,nan,52027.083,92902,24167100200.0,119141,52140.0,44,52130.0,24,52150.0,62,52120.0,98,52160.0,41,52110.0,37,52170.0,31,52100.0,55,52180.0,26,52090.0,93
1597988245116834048,1597988245000000000,2020-08-21 13:37:25.000000,52130.0,52280.0,51820.0,52160.0,nan,52027.083,92902,24167100200.0,119141,52140.0,52,52130.0,24,52150.0,62,52120.0,98,52160.0,41,52110.0,37,52170.0,31,52100.0,55,52180.0,26,52090.0,93
1597988246127749888,1597988246000000000,2020-08-21 13:37:26.000000,52130.0,52280.0,51820.0,52160.0,nan,52027.083,92902,24167100200.0,119141,52140.0,52,52130.0,24,52150.0,62,52120.0,98,52160.0,41,52110.0,37,52170.0,32,52100.0,55,52180.0,26,52090.0,93
1597988247604295936,1597988247500000000,2020-08-21 13:37:27.500000,52130.0,52280.0,51820.0,52160.0,nan,52027.083,92902,24167100200.0,119141,52140.0,44,52130.0,24,52150.0,62,52120.0,98,52160.0,41,52110.0,37,52170.0,32,52100.0,55,52180.0,26,52090.0,93
1597988248125360896,1597988248000000000,2020-08-21 13:37:28.000000,52130.0,52280.0,51820.0,52160.0,nan,52027.083,92902,24167100200.0,119141,52140.0,44,52130.0,28,52150.0,62,52120.0,98,52160.0,41,52110.0,37,52170.0,32,52100.0,55,52180.0,26,52090.0,93
1597988249107686912,1597988249000000000,2020-08-21 13:37:29.000000,52130.0,52280.0,51820.0,52160.0,nan,52027.085,92904,24167621500.0,119141,52140.0,44,52130.0,26,52150.0,62,52120.0,98,52160.0,41,52110.0,37,52170.0,32,52100.0,55,52180.0,26,52090.0,93
1597988250121879040,1597988250000000000,2020-08-21 13:37:30.000000,52130.0,52280.0,51820.0,52160.0,nan,52027.086,92905,24167882150.0,119141,52140.0,44,52130.0,25,52150.0,62,52120.0,98,52160.0,41,52110.0,37,52170.0,32,52100.0,55,52180.0,26,52090.0,93
1597988250616722944,1597988250500000000,2020-08-21 13:37:30.500000,52130.0,52280.0,51820.0,52160.0,nan,52027.095,92913,24169967350.0,119146,52140.0,44,52130.0,17,52150.0,62,52120.0,98,52160.0,41,52110.0,37,52170.0,32,52100.0,55,52180.0,26,52090.0,93
1597988251633495040,1597988251500000000,2020-08-21 13:37:31.500000,52130.0,52280.0,51820.0,52160.0,nan,52027.114,92930,24174398400.0,119146,52130.0,1,52120.0,98,52140.0,45,52110.0,37,52150.0,62,52100.0,55,52160.0,41,52090.0,93,52170.0,32,52080.0,31
1597988252126918912,1597988252000000000,2020-08-21 13:37:32.000000,52130.0,52280.0,51820.0,52160.0,nan,52027.115,92931,24174659050.0,119146,52130.0,41,52120.0,96,52140.0,45,52110.0,37,52150.0,66,52100.0,55,52160.0,41,52090.0,93,52170.0,32,52080.0,31
1597988252624711936,1597988252500000000,2020-08-21 13:37:32.500000,52130.0,52280.0,51820.0,52160.0,nan,52027.115,92931,24174659050.0,119146,52130.0,42,52120.0,94,52140.0,46,52110.0,37,52150.0,66,52100.0,56,52160.0,40,52090.0,95,52170.0,32,52080.0,31
1597988253607536896,1597988253500000000,2020-08-21 13:37:33.500000,52130.0,52280.0,51820.0,52160.0,nan,52027.115,92931,24174659050.0,119146,52130.0,43,52120.0,94,52140.0,46,52110.0,37,52150.0,66,52100.0,56,52160.0,40,52090.0,95,52170.0,32,52080.0,31
1597988254110422016,1597988254000000000,2020-08-21 13:37:34.000000,52130.0,52280.0,51820.0,52160.0,nan,52027.115,92931,24174659050.0,119146,52130.0,42,52120.0,95,52140.0,47,52110.0,37,52150.0,66,52100.0,56,52160.0,40,52090.0,95,52170.0,32,52080.0,31
1597988257607206912,1597988257500000000,2020-08-21 13:37:37.500000,52130.0,52280.0,51820.0,52160.0,nan,52027.115,92931,24174659050.0,119146,52130.0,33,52120.0,95,52140.0,47,52110.0,37,52150.0,66,52100.0,56,52160.0,40,52090.0,95,52170.0,32,52080.0,31
1597988258105752064,1597988258000000000,2020-08-21 13:37:38.000000,52130.0,52280.0,51820.0,52160.0,nan,52027.115,92931,24174659050.0,119146,52130.0,33,52120.0,96,52140.0,47,52110.0,37,52150.0,66,52100.0,56,52160.0,40,52090.0,95,52170.0,32,52080.0,31
1597988258600955904,1597988258500000000,2020-08-21 13:37:38.500000,52130.0,52280.0,51820.0,52160.0,nan,52027.115,92931,24174659050.0,119146,52130.0,33,52120.0,96,52140.0,50,52110.0,37,52150.0,63,52100.0,56,52160.0,40,52090.0,95,52170.0,32,52080.0,31
1597988259117231104,1597988259000000000,2020-08-21 13:37:39.000000,52130.0,52280.0,51820.0,52160.0,nan,52027.115,92931,24174659050.0,119146,52130.0,33,52120.0,96,52140.0,50,52110.0,38,52150.0,63,52100.0,56,52160.0,40,52090.0,95,52170.0,32,52080.0,31
1597988260600270080,1597988260500000000,2020-08-21 13:37:40.500000,52130.0,52280.0,51820.0,52160.0,nan,52027.115,92931,24174659050.0,119146,52130.0,33,52120.0,96,52140.0,50,52110.0,38,52150.0,63,52100.0,56,52160.0,40,52090.0,95,52170.0,31,52080.0,31
1597988261600104960,1597988261500000000,2020-08-21 13:37:41.500000,52130.0,52280.0,51820.0,52160.0,nan,52027.115,92931,24174659050.0,119146,52130.0,34,52120.0,96,52140.0,50,52110.0,38,52150.0,63,52100.0,56,52160.0,40,52090.0,95,52170.0,31,52080.0,31
1597988262106433024,1597988262000000000,2020-08-21 13:37:42.000000,52130.0,52280.0,51820.0,52160.0,nan,52027.115,92931,24174659050.0,119146,52130.0,34,52120.0,96,52140.0,49,52110.0,38,52150.0,63,52100.0,56,52160.0,40,52090.0,95,52170.0,31,52080.0,31
1597988262621615104,1597988262500000000,2020-08-21 13:37:42.500000,52130.0,52280.0,51820.0,52160.0,nan,52027.115,92931,24174659050.0,119146,52130.0,35,52120.0,96,52140.0,49,52110.0,38,52150.0,63,52100.0,56,52160.0,40,52090.0,95,52170.0,31,52080.0,31
1597988264115983104,1597988264000000000,2020-08-21 13:37:44.000000,52130.0,52280.0,51820.0,52160.0,nan,52027.154,92966,24183781800.0,119149,52140.0,49,52120.0,98,52150.0,63,52110.0,38,52160.0,40,52100.0,56,52170.0,31,52090.0,95,52180.0,26,52080.0,31
1597988264604457984,1597988264500000000,2020-08-21 13:37:44.500000,52130.0,52280.0,51820.0,52160.0,nan,52027.155,92967,24184042450.0,119148,52140.0,49,52130.0,1,52150.0,63,52120.0,102,52160.0,40,52110.0,38,52170.0,31,52100.0,56,52180.0,26,52090.0,95
1597988265115376896,1597988265000000000,2020-08-21 13:37:45.000000,52130.0,52280.0,51820.0,52160.0,nan,52027.16,92972,24185345700.0,119147,52140.0,50,52120.0,102,52150.0,63,52110.0,38,52160.0,40,52100.0,56,52170.0,31,52090.0,95,52180.0,26,52080.0,31
1597988265607141120,1597988265500000000,2020-08-21 13:37:45.500000,52130.0,52280.0,51820.0,52160.0,nan,52027.16,92972,24185345700.0,119147,52140.0,52,52120.0,115,52150.0,63,52110.0,38,52160.0,40,52100.0,56,52170.0,31,52090.0,95,52180.0,26,52080.0,31
1597988266136606976,1597988266000000000,2020-08-21 13:37:46.000000,52130.0,52280.0,51820.0,52160.0,nan,52027.16,92972,24185345700.0,119147,52140.0,52,52120.0,112,52150.0,63,52110.0,38,52160.0,40,52100.0,56,52170.0,31,52090.0,95,52180.0,26,52080.0,31
1597988266606370048,1597988266500000000,2020-08-21 13:37:46.500000,52130.0,52280.0,51820.0,52160.0,nan,52027.16,92972,24185345700.0,119147,52140.0,52,52130.0,16,52150.0,63,52120.0,111,52160.0,40,52110.0,38,52170.0,31,52100.0,56,52180.0,26,52090.0,95
1597988267130713088,1597988267000000000,2020-08-21 13:37:47.000000,52130.0,52280.0,51820.0,52160.0,nan,52027.16,92972,24185345700.0,119147,52140.0,52,52130.0,16,52150.0,61,52120.0,107,52160.0,40,52110.0,38,52170.0,31,52100.0,56,52180.0,26,52090.0,95
1597988267616453120,1597988267500000000,2020-08-21 13:37:47.500000,52130.0,52280.0,51820.0,52160.0,nan,52027.16,92972,24185345700.0,119147,52140.0,52,52130.0,1,52150.0,61,52120.0,107,52160.0,40,52110.0,38,52170.0,31,52100.0,56,52180.0,26,52090.0,95
1597988268128325888,1597988268000000000,2020-08-21 13:37:48.000000,52130.0,52280.0,51820.0,52160.0,nan,52027.161,92973,24185606350.0,119147,52140.0,52,52120.0,107,52150.0,61,52110.0,38,52160.0,40,52100.0,56,52170.0,31,52090.0,95,52180.0,26,52080.0,31
1597988268628771072,1597988268500000000,2020-08-21 13:37:48.500000,52130.0,52280.0,51820.0,52160.0,nan,52027.161,92973,24185606350.0,119147,52130.0,3,52120.0,103,52140.0,52,52110.0,38,52150.0,61,52100.0,56,52160.0,40,52090.0,95,52170.0,31,52080.0,31
1597988269104581888,1597988269000000000,2020-08-21 13:37:49.000000,52130.0,52280.0,51820.0,52160.0,nan,52027.161,92973,24185606350.0,119147,52130.0,5,52120.0,104,52140.0,54,52110.0,38,52150.0,62,52100.0,56,52160.0,40,52090.0,95,52170.0,31,52080.0,31
1597988269617318912,1597988269500000000,2020-08-21 13:37:49.500000,52130.0,52280.0,51820.0,52160.0,nan,52027.164,92975,24186127650.0,119147,52130.0,4,52120.0,108,52140.0,52,52110.0,38,52150.0,62,52100.0,56,52160.0,40,52090.0,95,52170.0,31,52080.0,31
1597988270115557888,1597988270000000000,2020-08-21 13:37:50.000000,52130.0,52280.0,51820.0,52160.0,nan,52027.164,92975,24186127650.0,119147,52130.0,3,52120.0,109,52140.0,52,52110.0,38,52150.0,62,52100.0,56,52160.0,40,52090.0,95,52170.0,31,52080.0,31
1597988270604754944,1597988270500000000,2020-08-21 13:37:50.500000,52130.0,52280.0,51820.0,52160.0,nan,52027.164,92975,24186127650.0,119147,52130.0,4,52120.0,103,52140.0,52,52110.0,38,52150.0,62,52100.0,56,52160.0,40,52090.0,95,52170.0,31,52080.0,31
1597988271118949888,1597988271000000000,2020-08-21 13:37:51.000000,52130.0,52280.0,51820.0,52160.0,nan,52027.164,92975,24186127650.0,119147,52130.0,39,52120.0,103,52140.0,52,52110.0,38,52150.0,62,52100.0,56,52160.0,40,52090.0,95,52170.0,31,52080.0,31
1597988271601326080,1597988271500000000,2020-08-21 13:37:51.500000,52130.0,52280.0,51820.0,52160.0,nan,52027.165,92976,24186388300.0,119147,52130.0,39,52120.0,99,52140.0,52,52110.0,38,52150.0,62,52100.0,56,52160.0,40,52090.0,95,52170.0,31,52080.0,31
1597988272112807936,1597988272000000000,2020-08-21 13:37:52.000000,52130.0,52280.0,51820.0,52160.0,nan,52027.165,92976,24186388300.0,119147,52130.0,39,52120.0,96,52140.0,52,52110.0,38,52150.0,62,52100.0,56,52160.0,40,52090.0,95,52170.0,31,52080.0,31
1597988272614329088,1597988272500000000,2020-08-21 13:37:52.500000,52130.0,52280.0,51820.0,52160.0,nan,52027.168,92979,24187170250.0,119148,52130.0,36,52120.0,96,52140.0,53,52110.0,38,52150.0,62,52100.0,56,52160.0,40,52090.0,95,52170.0,31,52080.0,31
1597988273099215104,1597988273000000000,2020-08-21 13:37:53.000000,52130.0,52280.0,51820.0,52160.0,nan,52027.168,92979,24187170250.0,119148,52130.0,35,52120.0,96,52140.0,53,52110.0,38,52150.0,62,52100.0,56,52160.0,40,52090.0,95,52170.0,31,52080.0,31
1597988274116120064,1597988274000000000,2020-08-21 13:37:54.000000,52130.0,52280.0,51820.0,52160.0,nan,52027.168,92979,24187170250.0,119148,52130.0,35,52120.0,96,52140.0,53,52110.0,39,52150.0,62,52100.0,56,52160.0,40,52090.0,95,52170.0,31,52080.0,31
1597988274639010048,1597988274500000000,2020-08-21 13:37:54.500000,52130.0,52280.0,51820.0,52160.0,nan,52027.169,92980,24187430900.0,119149,52130.0,34,52120.0,96,52140.0,53,52110.0,39,52150.0,62,52100.0,56,52160.0,40,52090.0,95,52170.0,31,52080.0,31
1597988275124928000,1597988275000000000,2020-08-21 13:37:55.000000,52130.0,52280.0,51820.0,52160.0,nan,52027.169,92980,24187430900.0,119149,52130.0,28,52120.0,96,52140.0,53,52110.0,39,52150.0,62,52100.0,56,52160.0,40,52090.0,95,52170.0,31,52080.0,31
1597988275643683072,1597988275500000000,2020-08-21 13:37:55.500000,52130.0,52280.0,51820.0,52160.0,nan,52027.169,92980,24187430900.0,119149,52130.0,27,52120.0,96,52140.0,51,52110.0,39,52150.0,62,52100.0,56,52160.0,40,52090.0,95,52170.0,31,52080.0,31
1597988276631745024,1597988276500000000,2020-08-21 13:37:56.500000,52130.0,52280.0,51820.0,52160.0,nan,52027.169,92980,24187430900.0,119149,52130.0,27,52120.0,96,52140.0,51,52110.0,39,52150.0,62,52100.0,57,52160.0,40,52090.0,95,52170.0,31,52080.0,31
1597988277213019904,1597988277000000000,2020-08-21 13:37:57.000000,52130.0,52280.0,51820.0,52160.0,nan,52027.169,92980,24187430900.0,119149,52130.0,30,52120.0,96,52140.0,51,52110.0,39,52150.0,64,52100.0,57,52160.0,40,52090.0,95,52170.0,31,52080.0,31
1597988277621466112,1597988277500000000,2020-08-21 13:37:57.500000,52130.0,52280.0,51820.0,52160.0,nan,52027.17,92981,24187691550.0,119149,52130.0,30,52120.0,96,52140.0,51,52110.0,39,52150.0,65,52100.0,57,52160.0,40,52090.0,95,52170.0,31,52080.0,31
1597988279132323072,1597988279000000000,2020-08-21 13:37:59.000000,52130.0,52280.0,51820.0,52160.0,nan,52027.17,92981,24187691550.0,119149,52130.0,31,52120.0,96,52140.0,50,52110.0,39,52150.0,65,52100.0,57,52160.0,40,52090.0,95,52170.0,31,52080.0,31
1597988279637207040,1597988279500000000,2020-08-21 13:37:59.500000,52130.0,52280.0,51820.0,52160.0,nan,52027.17,92981,24187691550.0,119149,52130.0,31,52120.0,96,52140.0,50,52110.0,39,52150.0,65,52100.0,58,52160.0,40,52090.0,95,52170.0,31,52080.0,31
1597988281122085888,1597988281000000000,2020-08-21 13:38:01.000000,52130.0,52280.0,51820.0,52160.0,nan,52027.17,92981,24187691550.0,119149,52130.0,33,52120.0,96,52140.0,50,52110.0,39,52150.0,65,52100.0,58,52160.0,40,52090.0,95,52170.0,31,52080.0,31
1597988284139723008,1597988284000000000,2020-08-21 13:38:04.000000,52130.0,52280.0,51820.0,52160.0,nan,52027.171,92982,24187952200.0,119149,52130.0,32,52120.0,96,52140.0,50,52110.0,39,52150.0,65,52100.0,58,52160.0,40,52090.0,95,52170.0,31,52080.0,31
1597988284614402048,1597988284500000000,2020-08-21 13:38:04.500000,52130.0,52280.0,51820.0,52160.0,nan,52027.176,92986,24188994800.0,119148,52130.0,28,52120.0,96,52140.0,50,52110.0,39,52150.0,65,52100.0,58,52160.0,40,52090.0,95,52170.0,31,52080.0,31
1597988286133222912,1597988286000000000,2020-08-21 13:38:06.000000,52130.0,52280.0,51820.0,52160.0,nan,52027.176,92986,24188994800.0,119148,52130.0,28,52120.0,96,52140.0,49,52110.0,39,52150.0,65,52100.0,58,52160.0,40,52090.0,95,52170.0,31,52080.0,31
1597988286617536000,1597988286500000000,2020-08-21 13:38:06.500000,52130.0,52280.0,51820.0,52160.0,nan,52027.178,92988,24189516100.0,119150,52130.0,26,52120.0,96,52140.0,48,52110.0,39,52150.0,65,52100.0,58,52160.0,40,52090.0,95,52170.0,31,52080.0,31
1597988287124634880,1597988287000000000,2020-08-21 13:38:07.000000,52130.0,52280.0,51820.0,52160.0,nan,52027.178,92988,24189516100.0,119150,52130.0,27,52120.0,96,52140.0,48,52110.0,39,52150.0,65,52100.0,58,52160.0,40,52090.0,95,52170.0,31,52080.0,31
1597988288115182080,1597988288000000000,2020-08-21 13:38:08.000000,52130.0,52280.0,51820.0,52160.0,nan,52027.178,92988,24189516100.0,119150,52130.0,25,52120.0,96,52140.0,48,52110.0,39,52150.0,65,52100.0,58,52160.0,40,52090.0,95,52170.0,31,52080.0,31
1597988288608838912,1597988288500000000,2020-08-21 13:38:08.500000,52130.0,52280.0,51820.0,52160.0,nan,52027.189,92998,24192122600.0,119145,52130.0,6,52120.0,101,52140.0,49,52110.0,39,52150.0,65,52100.0,58,52160.0,40,52090.0,95,52170.0,31,52080.0,31
1597988289102500096,1597988289000000000,2020-08-21 13:38:09.000000,52130.0,52280.0,51820.0,52160.0,nan,52027.19,92999,24192383250.0,119145,52130.0,11,52120.0,96,52140.0,49,52110.0,39,52150.0,65,52100.0,58,52160.0,40,52090.0,95,52170.0,31,52080.0,31
1597988289630363904,1597988289500000000,2020-08-21 13:38:09.500000,52130.0,52280.0,51820.0,52160.0,nan,52027.19,92999,24192383250.0,119145,52130.0,12,52120.0,96,52140.0,49,52110.0,39,52150.0,65,52100.0,58,52160.0,40,52090.0,95,52170.0,31,52080.0,31
1597988291110310912,1597988291000000000,2020-08-21 13:38:11.000000,52130.0,52280.0,51820.0,52160.0,nan,52027.19,92999,24192383250.0,119145,52130.0,33,52120.0,99,52140.0,49,52110.0,39,52150.0,65,52100.0,58,52160.0,40,52090.0,95,52170.0,31,52080.0,81
1597988292127006976,1597988292000000000,2020-08-21 13:38:12.000000,52130.0,52280.0,51820.0,52160.0,nan,52027.19,92999,24192383250.0,119145,52130.0,34,52120.0,99,52140.0,49,52110.0,39,52150.0,65,52100.0,58,52160.0,40,52090.0,95,52170.0,31,52080.0,81
1597988293110469888,1597988293000000000,2020-08-21 13:38:13.000000,52130.0,52280.0,51820.0,52160.0,nan,52027.19,92999,24192383250.0,119145,52130.0,35,52120.0,100,52140.0,49,52110.0,39,52150.0,65,52100.0,58,52160.0,40,52090.0,95,52170.0,31,52080.0,81
1597988293609009920,1597988293500000000,2020-08-21 13:38:13.500000,52130.0,52280.0,51820.0,52160.0,nan,52027.19,92999,24192383250.0,119145,52130.0,34,52120.0,100,52140.0,49,52110.0,39,52150.0,70,52100.0,58,52160.0,40,52090.0,95,52170.0,31,52080.0,81
1597988294616572928,1597988294500000000,2020-08-21 13:38:14.500000,52120.0,52280.0,51820.0,52160.0,nan,52027.191,93000,24192643850.0,119145,52130.0,34,52120.0,99,52140.0,49,52110.0,39,52150.0,70,52100.0,58,52160.0,40,52090.0,78,52170.0,31,52080.0,81
1597988296627993088,1597988296500000000,2020-08-21 13:38:16.500000,52130.0,52280.0,51820.0,52160.0,nan,52027.192,93001,24192904500.0,119144,52130.0,33,52120.0,99,52140.0,49,52110.0,39,52150.0,70,52100.0,58,52160.0,40,52090.0,78,52170.0,31,52080.0,81
1597988297132739072,1597988297000000000,2020-08-21 13:38:17.000000,52120.0,52280.0,51820.0,52160.0,nan,52027.194,93003,24193425700.0,119146,52130.0,33,52120.0,98,52140.0,49,52110.0,39,52150.0,71,52100.0,58,52160.0,38,52090.0,78,52170.0,30,52080.0,81
1597988298611406080,1597988298500000000,2020-08-21 13:38:18.500000,52120.0,52280.0,51820.0,52160.0,nan,52027.194,93003,24193425700.0,119146,52130.0,32,52120.0,98,52140.0,49,52110.0,39,52150.0,71,52100.0,58,52160.0,38,52090.0,78,52170.0,29,52080.0,81
1597988300133576960,1597988300000000000,2020-08-21 13:38:20.000000,52120.0,52280.0,51820.0,52160.0,nan,52027.194,93003,24193425700.0,119146,52130.0,33,52120.0,98,52140.0,49,52110.0,39,52150.0,71,52100.0,58,52160.0,38,52090.0,78,52170.0,29,52080.0,81
1597988303105264896,1597988303000000000,2020-08-21 13:38:23.000000,52120.0,52280.0,51820.0,52160.0,nan,52027.194,93003,24193425700.0,119146,52130.0,33,52120.0,98,52140.0,49,52110.0,39,52150.0,71,52100.0,59,52160.0,38,52090.0,78,52170.0,29,52080.0,81
1597988303791405056,1597988303500000000,2020-08-21 13:38:23.500000,52120.0,52280.0,51820.0,52160.0,nan,52027.195,93004,24193686300.0,119147,52130.0,33,52120.0,97,52140.0,47,52110.0,39,52150.0,71,52100.0,59,52160.0,38,52090.0,78,52170.0,29,52080.0,81
1597988304118494976,1597988304000000000,2020-08-21 13:38:24.000000,52120.0,52280.0,51820.0,52160.0,nan,52027.195,93004,24193686300.0,119147,52130.0,35,52120.0,97,52140.0,47,52110.0,39,52150.0,71,52100.0,59,52160.0,38,52090.0,78,52170.0,29,52080.0,81
1597988304619299072,1597988304500000000,2020-08-21 13:38:24.500000,52120.0,52280.0,51820.0,52160.0,nan,52027.195,93004,24193686300.0,119147,52130.0,35,52120.0,97,52140.0,45,52110.0,39,52150.0,71,52100.0,59,52160.0,38,52090.0,78,52170.0,29,52080.0,81
1597988305105658880,1597988305000000000,2020-08-21 13:38:25.000000,52120.0,52280.0,51820.0,52160.0,nan,52027.195,93004,24193686300.0,119147,52130.0,37,52120.0,97,52140.0,45,52110.0,39,52150.0,71,52100.0,59,52160.0,38,52090.0,78,52170.0,29,52080.0,81
1597988305622337024,1597988305500000000,2020-08-21 13:38:25.500000,52120.0,52280.0,51820.0,52160.0,nan,52027.195,93004,24193686300.0,119147,52130.0,39,52120.0,97,52140.0,45,52110.0,39,52150.0,71,52100.0,59,52160.0,38,52090.0,78,52170.0,29,52080.0,81
1597988306619768064,1597988306500000000,2020-08-21 13:38:26.500000,52120.0,52280.0,51820.0,52160.0,nan,52027.195,93004,24193686300.0,119147,52130.0,40,52120.0,96,52140.0,45,52110.0,39,52150.0,72,52100.0,59,52160.0,38,52090.0,78,52170.0,29,52080.0,81
1597988307105473024,1597988307000000000,2020-08-21 13:38:27.000000,52120.0,52280.0,51820.0,52160.0,nan,52027.195,93004,24193686300.0,119147,52130.0,41,52120.0,96,52140.0,45,52110.0,39,52150.0,72,52100.0,59,52160.0,38,52090.0,78,52170.0,29,52080.0,81
1597988307611407104,1597988307500000000,2020-08-21 13:38:27.500000,52120.0,52280.0,51820.0,52160.0,nan,52027.195,93004,24193686300.0,119147,52130.0,41,52120.0,96,52140.0,45,52110.0,39,52150.0,72,52100.0,59,52160.0,38,52090.0,78,52170.0,30,52080.0,81
1597988309106500096,1597988309000000000,2020-08-21 13:38:29.000000,52120.0,52280.0,51820.0,52160.0,nan,52027.195,93004,24193686300.0,119147,52130.0,42,52120.0,97,52140.0,45,52110.0,39,52150.0,72,52100.0,59,52160.0,38,52090.0,78,52170.0,30,52080.0,81
1597988309720242944,1597988309500000000,2020-08-21 13:38:29.500000,52120.0,52280.0,51820.0,52160.0,nan,52027.196,93005,24193946900.0,119147,52130.0,42,52120.0,96,52140.0,45,52110.0,39,52150.0,72,52100.0,59,52160.0,38,52090.0,78,52170.0,30,52080.0,81
1597988311116270080,1597988311000000000,2020-08-21 13:38:31.000000,52120.0,52280.0,51820.0,52160.0,nan,52027.196,93005,24193946900.0,119147,52130.0,43,52120.0,96,52140.0,45,52110.0,39,52150.0,72,52100.0,59,52160.0,38,52090.0,78,52170.0,30,52080.0,81
1597988311610967040,1597988311500000000,2020-08-21 13:38:31.500000,52120.0,52280.0,51820.0,52160.0,nan,52027.196,93005,24193946900.0,119147,52130.0,43,52120.0,96,52140.0,45,52110.0,39,52150.0,72,52100.0,59,52160.0,38,52090.0,78,52170.0,30,52080.0,82
1597988313108883968,1597988313000000000,2020-08-21 13:38:33.000000,52120.0,52280.0,51820.0,52160.0,nan,52027.196,93005,24193946900.0,119147,52130.0,43,52120.0,97,52140.0,45,52110.0,39,52150.0,72,52100.0,59,52160.0,38,52090.0,78,52170.0,30,52080.0,82
1597988313612674048,1597988313500000000,2020-08-21 13:38:33.500000,52130.0,52280.0,51820.0,52160.0,nan,52027.198,93007,24194468200.0,119148,52130.0,41,52120.0,97,52140.0,45,52110.0,39,52150.0,72,52100.0,59,52160.0,38,52090.0,78,52170.0,30,52080.0,82
1597988314123557888,1597988314000000000,2020-08-21 13:38:34.000000,52130.0,52280.0,51820.0,52160.0,nan,52027.201,93009,24194989500.0,119149,52130.0,20,52120.0,98,52140.0,45,52110.0,39,52150.0,72,52100.0,59,52160.0,38,52090.0,78,52170.0,30,52080.0,82
1597988314610106880,1597988314500000000,2020-08-21 13:38:34.500000,52120.0,52280.0,51820.0,52160.0,nan,52027.202,93010,24195250100.0,119149,52130.0,10,52120.0,97,52140.0,45,52110.0,39,52150.0,72,52100.0,59,52160.0,38,52090.0,78,52170.0,30,52080.0,82
1597988315109201920,1597988315000000000,2020-08-21 13:38:35.000000,52120.0,52280.0,51820.0,52160.0,nan,52027.202,93010,24195250100.0,119149,52130.0,10,52120.0,97,52140.0,45,52110.0,39,52150.0,62,52100.0,59,52160.0,38,52090.0,78,52170.0,30,52080.0,82
1597988315657904128,1597988315500000000,2020-08-21 13:38:35.500000,52120.0,52280.0,51820.0,52160.0,nan,52027.212,93020,24197856100.0,119149,52130.0,14,52120.0,87,52140.0,45,52110.0,39,52150.0,62,52100.0,59,52160.0,38,52090.0,78,52170.0,30,52080.0,82
1597988316110842880,1597988316000000000,2020-08-21 13:38:36.000000,52120.0,52280.0,51820.0,52160.0,nan,52027.213,93021,24198116700.0,119149,52130.0,29,52120.0,86,52140.0,45,52110.0,39,52150.0,62,52100.0,59,52160.0,38,52090.0,78,52170.0,30,52080.0,82
1597988316626767872,1597988316500000000,2020-08-21 13:38:36.500000,52120.0,52280.0,51820.0,52160.0,nan,52027.218,93026,24199419700.0,119154,52130.0,28,52120.0,80,52140.0,45,52110.0,39,52150.0,62,52100.0,59,52160.0,38,52090.0,78,52170.0,30,52080.0,82
1597988318158895104,1597988318000000000,2020-08-21 13:38:38.000000,52120.0,52280.0,51820.0,52160.0,nan,52027.218,93026,24199419700.0,119154,52130.0,28,52120.0,81,52140.0,45,52110.0,39,52150.0,62,52100.0,59,52160.0,38,52090.0,78,52170.0,30,52080.0,82
1597988319107379968,1597988319000000000,2020-08-21 13:38:39.000000,52120.0,52280.0,51820.0,52160.0,nan,52027.218,93026,24199419700.0,119154,52130.0,28,52120.0,83,52140.0,45,52110.0,39,52150.0,62,52100.0,59,52160.0,38,52090.0,78,52170.0,30,52080.0,82
1597988319620894976,1597988319500000000,2020-08-21 13:38:39.500000,52120.0,52280.0,51820.0,52160.0,nan,52027.218,93026,24199419700.0,119154,52130.0,31,52120.0,83,52140.0,45,52110.0,39,52150.0,61,52100.0,59,52160.0,38,52090.0,78,52170.0,30,52080.0,82
1597988320121200896,1597988320000000000,2020-08-21 13:38:40.000000,52120.0,52280.0,51820.0,52160.0,nan,52027.218,93026,24199419700.0,119154,52130.0,32,52120.0,83,52140.0,45,52110.0,39,52150.0,61,52100.0,59,52160.0,38,52090.0,78,52170.0,30,52080.0,82
1597988322113029888,1597988322000000000,2020-08-21 13:38:42.000000,52120.0,52280.0,51820.0,52160.0,nan,52027.218,93026,24199419700.0,119154,52130.0,35,52120.0,83,52140.0,45,52110.0,39,52150.0,61,52100.0,59,52160.0,38,52090.0,78,52170.0,30,52080.0,82
1597988322629111040,1597988322500000000,2020-08-21 13:38:42.500000,52120.0,52280.0,51820.0,52160.0,nan,52027.218,93026,24199419700.0,119154,52130.0,36,52120.0,83,52140.0,45,52110.0,39,52150.0,61,52100.0,59,52160.0,38,52090.0,78,52170.0,30,52080.0,82
1597988323125263872,1597988323000000000,2020-08-21 13:38:43.000000,52120.0,52280.0,51820.0,52160.0,nan,52027.219,93027,24199680300.0,119154,52130.0,36,52120.0,82,52140.0,45,52110.0,39,52150.0,61,52100.0,59,52160.0,38,52090.0,78,52170.0,30,52080.0,82
1597988324102023936,1597988324000000000,2020-08-21 13:38:44.000000,52130.0,52280.0,51820.0,52160.0,nan,52027.22,93028,24199940950.0,119155,52130.0,35,52120.0,82,52140.0,46,52110.0,39,52150.0,61,52100.0,59,52160.0,38,52090.0,78,52170.0,30,52080.0,82
1597988328124402944,1597988328000000000,2020-08-21 13:38:48.000000,52130.0,52280.0,51820.0,52160.0,nan,52027.22,93028,24199940950.0,119155,52130.0,34,52120.0,82,52140.0,46,52110.0,39,52150.0,61,52100.0,59,52160.0,38,52090.0,78,52170.0,30,52080.0,82
1597988328626437120,1597988328500000000,2020-08-21 13:38:48.500000,52130.0,52280.0,51820.0,52160.0,nan,52027.22,93028,24199940950.0,119155,52130.0,34,52120.0,83,52140.0,46,52110.0,39,52150.0,61,52100.0,59,52160.0,38,52090.0,78,52170.0,30,52080.0,82
1597988329154348032,1597988329000000000,2020-08-21 13:38:49.000000,52130.0,52280.0,51820.0,52160.0,nan,52027.22,93028,24199940950.0,119155,52130.0,34,52120.0,85,52140.0,46,52110.0,39,52150.0,61,52100.0,59,52160.0,38,52090.0,78,52170.0,30,52080.0,82
1597988329620567040,1597988329500000000,2020-08-21 13:38:49.500000,52130.0,52280.0,51820.0,52160.0,nan,52027.22,93028,24199940950.0,119155,52130.0,34,52120.0,85,52140.0,45,52110.0,39,52150.0,61,52100.0,59,52160.0,38,52090.0,78,52170.0,30,52080.0,82
1597988330141462016,1597988330000000000,2020-08-21 13:38:50.000000,52130.0,52280.0,51820.0,52160.0,nan,52027.22,93028,24199940950.0,119155,52130.0,35,52120.0,85,52140.0,45,52110.0,39,52150.0,61,52100.0,59,52160.0,38,52090.0,78,52170.0,30,52080.0,82
1597988332164702976,1597988332000000000,2020-08-21 13:38:52.000000,52130.0,52280.0,51820.0,52160.0,nan,52027.22,93028,24199940950.0,119155,52130.0,35,52120.0,85,52140.0,45,52110.0,39,52150.0,61,52100.0,59,52160.0,35,52090.0,78,52170.0,30,52080.0,82
1597988333135227904,1597988333000000000,2020-08-21 13:38:53.000000,52130.0,52280.0,51820.0,52160.0,nan,52027.221,93029,24200201600.0,119156,52130.0,34,52120.0,85,52140.0,46,52110.0,39,52150.0,61,52100.0,59,52160.0,35,52090.0,78,52170.0,30,52080.0,82
1597988333662371072,1597988333500000000,2020-08-21 13:38:53.500000,52130.0,52280.0,51820.0,52160.0,nan,52027.222,93030,24200462250.0,119156,52130.0,33,52120.0,85,52140.0,46,52110.0,39,52150.0,61,52100.0,59,52160.0,35,52090.0,78,52170.0,30,52080.0,82
1597988334139101952,1597988334000000000,2020-08-21 13:38:54.000000,52130.0,52280.0,51820.0,52160.0,nan,52027.222,93030,24200462250.0,119156,52130.0,33,52120.0,85,52140.0,46,52110.0,39,52150.0,60,52100.0,59,52160.0,35,52090.0,78,52170.0,30,52080.0,82
1597988334636003072,1597988334500000000,2020-08-21 13:38:54.500000,52130.0,52280.0,51820.0,52160.0,nan,52027.222,93030,24200462250.0,119156,52130.0,33,52120.0,85,52140.0,46,52110.0,41,52150.0,60,52100.0,59,52160.0,35,52090.0,78,52170.0,30,52080.0,82
1597988335112833024,1597988335000000000,2020-08-21 13:38:55.000000,52130.0,52280.0,51820.0,52160.0,nan,52027.224,93032,24200983550.0,119156,52130.0,31,52120.0,85,52140.0,46,52110.0,41,52150.0,60,52100.0,59,52160.0,35,52090.0,78,52170.0,30,52080.0,82
1597988336129722880,1597988336000000000,2020-08-21 13:38:56.000000,52130.0,52280.0,51820.0,52160.0,nan,52027.226,93034,24201504800.0,119156,52130.0,30,52120.0,84,52140.0,46,52110.0,41,52150.0,60,52100.0,59,52160.0,35,52090.0,78,52170.0,30,52080.0,82
1597988336608083968,1597988336500000000,2020-08-21 13:38:56.500000,52130.0,52280.0,51820.0,52160.0,nan,52027.226,93034,24201504800.0,119156,52130.0,32,52120.0,84,52140.0,46,52110.0,41,52150.0,60,52100.0,59,52160.0,35,52090.0,78,52170.0,30,52080.0,82
1597988337129595904,1597988337000000000,2020-08-21 13:38:57.000000,52130.0,52280.0,51820.0,52160.0,nan,52027.227,93035,24201765450.0,119157,52130.0,31,52120.0,84,52140.0,46,52110.0,41,52150.0,60,52100.0,59,52160.0,35,52090.0,78,52170.0,30,52080.0,82
1597988338132215040,1597988338000000000,2020-08-21 13:38:58.000000,52130.0,52280.0,51820.0,52160.0,nan,52027.228,93036,24202026100.0,119157,52130.0,30,52120.0,83,52140.0,46,52110.0,41,52150.0,60,52100.0,59,52160.0,35,52090.0,78,52170.0,30,52080.0,82
1597988338624180992,1597988338500000000,2020-08-21 13:38:58.500000,52130.0,52280.0,51820.0,52160.0,nan,52027.229,93037,24202286750.0,119157,52130.0,27,52120.0,84,52140.0,46,52110.0,41,52150.0,60,52100.0,59,52160.0,35,52090.0,78,52170.0,30,52080.0,82
1597988340624512000,1597988340500000000,2020-08-21 13:39:00.500000,52130.0,52280.0,51820.0,52160.0,nan,52027.252,93057,24207499750.0,119164,52130.0,7,52120.0,85,52140.0,46,52110.0,41,52150.0,60,52100.0,59,52160.0,35,52090.0,78,52170.0,30,52080.0,82
1597988341112852992,1597988341000000000,2020-08-21 13:39:01.000000,52130.0,52280.0,51820.0,52160.0,nan,52027.264,93068,24210366900.0,119156,52140.0,46,52130.0,6,52150.0,60,52120.0,85,52160.0,35,52110.0,41,52170.0,30,52100.0,59,52180.0,25,52090.0,78
1597988341645639936,1597988341500000000,2020-08-21 13:39:01.500000,52130.0,52280.0,51820.0,52160.0,nan,52027.264,93068,24210366900.0,119156,52140.0,49,52130.0,21,52150.0,60,52120.0,83,52160.0,36,52110.0,41,52170.0,30,52100.0,59,52180.0,25,52090.0,78
1597988342131415040,1597988342000000000,2020-08-21 13:39:02.000000,52130.0,52280.0,51820.0,52160.0,nan,52027.264,93068,24210366900.0,119156,52140.0,48,52130.0,28,52150.0,60,52120.0,83,52160.0,36,52110.0,41,52170.0,30,52100.0,59,52180.0,24,52090.0,78
1597988342703217920,1597988342500000000,2020-08-21 13:39:02.500000,52130.0,52280.0,51820.0,52160.0,nan,52027.264,93068,24210366900.0,119156,52140.0,48,52130.0,30,52150.0,59,52120.0,83,52160.0,36,52110.0,41,52170.0,31,52100.0,58,52180.0,24,52090.0,78
1597988343133062912,1597988343000000000,2020-08-21 13:39:03.000000,52130.0,52280.0,51820.0,52160.0,nan,52027.264,93068,24210366900.0,119156,52140.0,47,52130.0,30,52150.0,59,52120.0,83,52160.0,36,52110.0,41,52170.0,31,52100.0,58,52180.0,24,52090.0,78
1597988344126746112,1597988344000000000,2020-08-21 13:39:04.000000,52130.0,52280.0,51820.0,52160.0,nan,52027.264,93068,24210366900.0,119156,52140.0,47,52130.0,31,52150.0,59,52120.0,83,52160.0,36,52110.0,41,52170.0,31,52100.0,58,52180.0,24,52090.0,78
1597988344612585984,1597988344500000000,2020-08-21 13:39:04.500000,52130.0,52280.0,51820.0,52160.0,nan,52027.265,93069,24210627550.0,119155,52140.0,47,52130.0,30,52150.0,59,52120.0,83,52160.0,36,52110.0,41,52170.0,31,52100.0,58,52180.0,24,52090.0,78
1597988345127192064,1597988345000000000,2020-08-21 13:39:05.000000,52130.0,52280.0,51820.0,52160.0,nan,52027.265,93069,24210627550.0,119155,52140.0,47,52130.0,22,52150.0,59,52120.0,82,52160.0,36,52110.0,41,52170.0,31,52100.0,58,52180.0,24,52090.0,78
1597988345631508992,1597988345500000000,2020-08-21 13:39:05.500000,52130.0,52280.0,51820.0,52160.0,nan,52027.268,93072,24211409550.0,119156,52140.0,46,52130.0,20,52150.0,59,52120.0,82,52160.0,36,52110.0,41,52170.0,31,52100.0,58,52180.0,24,52090.0,78
1597988346143429120,1597988346000000000,2020-08-21 13:39:06.000000,52130.0,52280.0,51820.0,52160.0,nan,52027.268,93072,24211409550.0,119156,52140.0,48,52130.0,20,52150.0,59,52120.0,82,52160.0,36,52110.0,41,52170.0,31,52100.0,58,52180.0,24,52090.0,78
1597988346639378944,1597988346500000000,2020-08-21 13:39:06.500000,52130.0,52280.0,51820.0,52160.0,nan,52027.288,93090,24216101250.0,119153,52140.0,49,52120.0,83,52150.0,59,52110.0,41,52160.0,36,52100.0,58,52170.0,31,52090.0,78,52180.0,24,52080.0,82
1597988347343873024,1597988347000000000,2020-08-21 13:39:07.000000,52130.0,52280.0,51820.0,52160.0,nan,52027.288,93090,24216101250.0,119153,52130.0,4,52120.0,84,52140.0,52,52110.0,41,52150.0,59,52100.0,57,52160.0,36,52090.0,79,52170.0,31,52080.0,82
1597988347637079040,1597988347500000000,2020-08-21 13:39:07.500000,52130.0,52280.0,51820.0,52160.0,nan,52027.289,93091,24216361900.0,119152,52130.0,23,52120.0,80,52140.0,50,52110.0,41,52150.0,59,52100.0,57,52160.0,36,52090.0,79,52170.0,31,52080.0,82
1597988348620325888,1597988348500000000,2020-08-21 13:39:08.500000,52130.0,52280.0,51820.0,52160.0,nan,52027.289,93091,24216361900.0,119152,52130.0,24,52120.0,80,52140.0,50,52110.0,41,52150.0,59,52100.0,57,52160.0,36,52090.0,79,52170.0,31,52080.0,82
1597988350107404032,1597988350000000000,2020-08-21 13:39:10.000000,52130.0,52280.0,51820.0,52160.0,nan,52027.29,93092,24216622550.0,119152,52130.0,23,52120.0,84,52140.0,50,52110.0,41,52150.0,59,52100.0,57,52160.0,36,52090.0,79,52170.0,31,52080.0,82
1597988350638371072,1597988350500000000,2020-08-21 13:39:10.500000,52130.0,52280.0,51820.0,52160.0,nan,52027.29,93092,24216622550.0,119152,52130.0,23,52120.0,84,52140.0,48,52110.0,41,52150.0,59,52100.0,57,52160.0,36,52090.0,79,52170.0,31,52080.0,82
1597988351112492032,1597988351000000000,2020-08-21 13:39:11.000000,52130.0,52280.0,51820.0,52160.0,nan,52027.29,93092,24216622550.0,119152,52130.0,23,52120.0,90,52140.0,48,52110.0,41,52150.0,59,52100.0,57,52160.0,36,52090.0,79,52170.0,31,52080.0,82
1597988352119386112,1597988352000000000,2020-08-21 13:39:12.000000,52130.0,52280.0,51820.0,52160.0,nan,52027.291,93093,24216883200.0,119151,52130.0,22,52120.0,90,52140.0,48,52110.0,41,52150.0,59,52100.0,57,52160.0,36,52090.0,79,52170.0,31,52080.0,82
1597988352641225984,1597988352500000000,2020-08-21 13:39:12.500000,52130.0,52280.0,51820.0,52160.0,nan,52027.312,93112,24221835550.0,119152,52140.0,48,52130.0,3,52150.0,59,52120.0,91,52160.0,36,52110.0,41,52170.0,31,52100.0,57,52180.0,23,52090.0,79
1597988353123367936,1597988353000000000,2020-08-21 13:39:13.000000,52130.0,52280.0,51820.0,52160.0,nan,52027.315,93114,24222356850.0,119150,52140.0,52,52130.0,13,52150.0,61,52120.0,89,52160.0,36,52110.0,41,52170.0,31,52100.0,57,52180.0,23,52090.0,79
1597988353603718912,1597988353500000000,2020-08-21 13:39:13.500000,52130.0,52280.0,51820.0,52160.0,nan,52027.315,93114,24222356850.0,119150,52140.0,49,52130.0,14,52150.0,59,52120.0,89,52160.0,36,52110.0,41,52170.0,31,52100.0,57,52180.0,23,52090.0,79
1597988354120614912,1597988354000000000,2020-08-21 13:39:14.000000,52130.0,52280.0,51820.0,52160.0,nan,52027.315,93114,24222356850.0,119150,52140.0,48,52130.0,16,52150.0,59,52120.0,91,52160.0,36,52110.0,41,52170.0,31,52100.0,57,52180.0,23,52090.0,79
1597988354625499904,1597988354500000000,2020-08-21 13:39:14.500000,52130.0,52280.0,51820.0,52160.0,nan,52027.315,93114,24222356850.0,119150,52140.0,47,52130.0,16,52150.0,59,52120.0,91,52160.0,36,52110.0,41,52170.0,31,52100.0,57,52180.0,23,52090.0,79
1597988356116784128,1597988356000000000,2020-08-21 13:39:16.000000,52130.0,52280.0,51820.0,52160.0,nan,52027.332,93130,24226527250.0,119165,52130.0,13,52120.0,91,52140.0,48,52110.0,41,52150.0,59,52100.0,57,52160.0,36,52090.0,79,52170.0,31,52080.0,82
1597988356606551040,1597988356500000000,2020-08-21 13:39:16.500000,52130.0,52280.0,51820.0,52160.0,nan,52027.332,93130,24226527250.0,119165,52130.0,13,52120.0,97,52140.0,48,52110.0,41,52150.0,59,52100.0,57,52160.0,36,52090.0,79,52170.0,31,52080.0,82
1597988357111969024,1597988357000000000,2020-08-21 13:39:17.000000,52130.0,52280.0,51820.0,52160.0,nan,52027.333,93131,24226787900.0,119165,52130.0,12,52120.0,91,52140.0,48,52110.0,41,52150.0,59,52100.0,57,52160.0,36,52090.0,79,52170.0,31,52080.0,82
1597988357601261056,1597988357500000000,2020-08-21 13:39:17.500000,52130.0,52280.0,51820.0,52160.0,nan,52027.333,93131,24226787900.0,119165,52130.0,13,52120.0,90,52140.0,48,52110.0,41,52150.0,59,52100.0,57,52160.0,36,52090.0,79,52170.0,31,52080.0,82
1597988358625127936,1597988358500000000,2020-08-21 13:39:18.500000,52130.0,52280.0,51820.0,52160.0,nan,52027.333,93131,24226787900.0,119165,52130.0,14,52120.0,90,52140.0,48,52110.0,41,52150.0,59,52100.0,57,52160.0,36,52090.0,79,52170.0,31,52080.0,82
1597988359613124096,1597988359500000000,2020-08-21 13:39:19.500000,52130.0,52280.0,51820.0,52160.0,nan,52027.333,93131,24226787900.0,119165,52130.0,17,52120.0,90,52140.0,48,52110.0,41,52150.0,59,52100.0,57,52160.0,36,52090.0,79,52170.0,31,52080.0,82
1597988360118622976,1597988360000000000,2020-08-21 13:39:20.000000,52130.0,52280.0,51820.0,52160.0,nan,52027.333,93131,24226787900.0,119165,52130.0,17,52120.0,91,52140.0,48,52110.0,41,52150.0,59,52100.0,57,52160.0,36,52090.0,79,52170.0,31,52080.0,82
1597988361121347072,1597988361000000000,2020-08-21 13:39:21.000000,52130.0,52280.0,51820.0,52160.0,nan,52027.333,93131,24226787900.0,119165,52130.0,22,52120.0,91,52140.0,48,52110.0,41,52150.0,59,52100.0,57,52160.0,36,52090.0,79,52170.0,30,52080.0,82
1597988362617035008,1597988362500000000,2020-08-21 13:39:22.500000,52130.0,52280.0,51820.0,52160.0,nan,52027.333,93131,24226787900.0,119165,52130.0,22,52120.0,92,52140.0,48,52110.0,41,52150.0,59,52100.0,57,52160.0,36,52090.0,79,52170.0,30,52080.0,82
1597988366122141952,1597988366000000000,2020-08-21 13:39:26.000000,52130.0,52280.0,51820.0,52160.0,nan,52027.333,93131,24226787900.0,119165,52130.0,22,52120.0,92,52140.0,47,52110.0,41,52150.0,59,52100.0,57,52160.0,36,52090.0,79,52170.0,30,52080.0,82
1597988366633284096,1597988366500000000,2020-08-21 13:39:26.500000,52130.0,52280.0,51820.0,52160.0,nan,52027.334,93132,24227048550.0,119166,52130.0,21,52120.0,92,52140.0,47,52110.0,41,52150.0,59,52100.0,57,52160.0,36,52090.0,79,52170.0,30,52080.0,82
1597988369112620032,1597988369000000000,2020-08-21 13:39:29.000000,52130.0,52280.0,51820.0,52160.0,nan,52027.334,93132,24227048550.0,119166,52130.0,22,52120.0,92,52140.0,47,52110.0,41,52150.0,59,52100.0,57,52160.0,36,52090.0,79,52170.0,30,52080.0,82
1597988372111182080,1597988372000000000,2020-08-21 13:39:32.000000,52130.0,52280.0,51820.0,52160.0,nan,52027.334,93132,24227048550.0,119166,52130.0,32,52120.0,92,52140.0,47,52110.0,41,52150.0,59,52100.0,57,52160.0,36,52090.0,79,52170.0,30,52080.0,82
1597988373125560064,1597988373000000000,2020-08-21 13:39:33.000000,52130.0,52280.0,51820.0,52160.0,nan,52027.336,93133,24227309200.0,119167,52130.0,31,52120.0,92,52140.0,47,52110.0,41,52150.0,59,52100.0,57,52160.0,36,52090.0,79,52170.0,30,52080.0,82
1597988374669318912,1597988374500000000,2020-08-21 13:39:34.500000,52130.0,52280.0,51820.0,52160.0,nan,52027.336,93133,24227309200.0,119167,52130.0,36,52120.0,92,52140.0,47,52110.0,39,52150.0,59,52100.0,57,52160.0,36,52090.0,79,52170.0,30,52080.0,82
1597988375125478912,1597988375000000000,2020-08-21 13:39:35.000000,52130.0,52280.0,51820.0,52160.0,nan,52027.336,93133,24227309200.0,119167,52130.0,36,52120.0,93,52140.0,47,52110.0,39,52150.0,60,52100.0,59,52160.0,36,52090.0,79,52170.0,30,52080.0,82
1597988375626744064,1597988375500000000,2020-08-21 13:39:35.500000,52120.0,52280.0,51820.0,52160.0,nan,52027.429,93227,24251805600.0,119162,52130.0,36,52110.0,39,52140.0,47,52100.0,60,52150.0,60,52090.0,79,52160.0,36,52080.0,82,52170.0,30,52070.0,6
1597988376105571072,1597988376000000000,2020-08-21 13:39:36.000000,52120.0,52280.0,51820.0,52160.0,nan,52027.429,93227,24251805600.0,119162,52120.0,10,52110.0,34,52130.0,44,52100.0,56,52140.0,51,52090.0,83,52150.0,60,52080.0,83,52160.0,36,52070.0,7
1597988376634624000,1597988376500000000,2020-08-21 13:39:36.500000,52120.0,52280.0,51820.0,52160.0,nan,52027.429,93227,24251805600.0,119162,52120.0,26,52110.0,32,52130.0,42,52100.0,56,52140.0,53,52090.0,83,52150.0,61,52080.0,83,52160.0,36,52070.0,7
1597988377115447040,1597988377000000000,2020-08-21 13:39:37.000000,52120.0,52280.0,51820.0,52160.0,nan,52027.429,93227,24251805600.0,119162,52120.0,34,52110.0,32,52130.0,42,52100.0,56,52140.0,53,52090.0,83,52150.0,60,52080.0,83,52160.0,36,52070.0,7
1597988377622093056,1597988377500000000,2020-08-21 13:39:37.500000,52120.0,52280.0,51820.0,52160.0,nan,52027.429,93227,24251805600.0,119162,52120.0,34,52110.0,32,52130.0,43,52100.0,56,52140.0,53,52090.0,83,52150.0,60,52080.0,85,52160.0,36,52070.0,7
1597988379109975040,1597988379000000000,2020-08-21 13:39:39.000000,52120.0,52280.0,51820.0,52160.0,nan,52027.429,93227,24251805600.0,119162,52120.0,34,52110.0,32,52130.0,41,52100.0,56,52140.0,51,52090.0,83,52150.0,60,52080.0,85,52160.0,36,52070.0,7
1597988379613890048,1597988379500000000,2020-08-21 13:39:39.500000,52120.0,52280.0,51820.0,52160.0,nan,52027.429,93227,24251805600.0,119162,52120.0,34,52110.0,34,52130.0,41,52100.0,56,52140.0,50,52090.0,83,52150.0,60,52080.0,85,52160.0,36,52070.0,7
1597988380121314048,1597988380000000000,2020-08-21 13:39:40.000000,52120.0,52280.0,51820.0,52160.0,nan,52027.429,93227,24251805600.0,119162,52120.0,35,52110.0,32,52130.0,41,52100.0,56,52140.0,50,52090.0,83,52150.0,60,52080.0,85,52160.0,36,52070.0,7
1597988381128200960,1597988381000000000,2020-08-21 13:39:41.000000,52120.0,52280.0,51820.0,52160.0,nan,52027.429,93227,24251805600.0,119162,52120.0,30,52110.0,33,52130.0,41,52100.0,56,52140.0,50,52090.0,83,52150.0,60,52080.0,85,52160.0,36,52070.0,7
1597988381614608896,1597988381500000000,2020-08-21 13:39:41.500000,52120.0,52280.0,51820.0,52160.0,nan,52027.429,93227,24251805600.0,119162,52120.0,26,52110.0,34,52130.0,41,52100.0,56,52140.0,50,52090.0,83,52150.0,60,52080.0,85,52160.0,36,52070.0,7
1597988383103169024,1597988383000000000,2020-08-21 13:39:43.000000,52120.0,52280.0,51820.0,52160.0,nan,52027.429,93227,24251805600.0,119162,52120.0,26,52110.0,32,52130.0,41,52100.0,56,52140.0,50,52090.0,83,52150.0,60,52080.0,85,52160.0,36,52070.0,7
1597988384612068096,1597988384500000000,2020-08-21 13:39:44.500000,52120.0,52280.0,51820.0,52160.0,nan,52027.429,93227,24251805600.0,119162,52120.0,26,52110.0,32,52130.0,41,52100.0,56,52140.0,49,52090.0,83,52150.0,60,52080.0,85,52160.0,36,52070.0,7
1597988385119334912,1597988385000000000,2020-08-21 13:39:45.000000,52120.0,52280.0,51820.0,52160.0,nan,52027.429,93227,24251805600.0,119162,52120.0,26,52110.0,34,52130.0,44,52100.0,56,52140.0,46,52090.0,83,52150.0,60,52080.0,85,52160.0,36,52070.0,7
1597988386618906112,1597988386500000000,2020-08-21 13:39:46.500000,52120.0,52280.0,51820.0,52160.0,nan,52027.429,93227,24251805600.0,119162,52120.0,26,52110.0,34,52130.0,44,52100.0,56,52140.0,46,52090.0,83,52150.0,60,52080.0,85,52160.0,34,52070.0,7
1597988387117931008,1597988387000000000,2020-08-21 13:39:47.000000,52120.0,52280.0,51820.0,52160.0,nan,52027.429,93227,24251805600.0,119162,52120.0,26,52110.0,35,52130.0,42,52100.0,56,52140.0,46,52090.0,83,52150.0,60,52080.0,85,52160.0,34,52070.0,7
1597988387626747904,1597988387500000000,2020-08-21 13:39:47.500000,52110.0,52280.0,51820.0,52160.0,nan,52027.43,93228,24252066150.0,119161,52120.0,26,52110.0,34,52130.0,42,52100.0,56,52140.0,46,52090.0,83,52150.0,60,52080.0,85,52160.0,34,52070.0,7
1597988392113779968,1597988392000000000,2020-08-21 13:39:52.000000,52110.0,52280.0,51820.0,52160.0,nan,52027.43,93228,24252066150.0,119161,52120.0,26,52110.0,34,52130.0,42,52100.0,57,52140.0,46,52090.0,83,52150.0,60,52080.0,85,52160.0,34,52070.0,7
1597988392610053888,1597988392500000000,2020-08-21 13:39:52.500000,52110.0,52280.0,51820.0,52160.0,nan,52027.43,93228,24252066150.0,119161,52120.0,26,52110.0,35,52130.0,42,52100.0,57,52140.0,46,52090.0,83,52150.0,60,52080.0,85,52160.0,34,52070.0,7
1597988393604142080,1597988393500000000,2020-08-21 13:39:53.500000,52120.0,52280.0,51820.0,52160.0,nan,52027.434,93232,24253108550.0,119160,52120.0,22,52110.0,35,52130.0,42,52100.0,57,52140.0,46,52090.0,83,52150.0,65,52080.0,85,52160.0,34,52070.0,7
1597988394109356032,1597988394000000000,2020-08-21 13:39:54.000000,52120.0,52280.0,51820.0,52160.0,nan,52027.434,93232,24253108550.0,119160,52120.0,27,52110.0,35,52130.0,42,52100.0,57,52140.0,46,52090.0,83,52150.0,65,52080.0,85,52160.0,34,52070.0,7
1597988394617174016,1597988394500000000,2020-08-21 13:39:54.500000,52120.0,52280.0,51820.0,52160.0,nan,52027.434,93232,24253108550.0,119160,52120.0,27,52110.0,35,52130.0,42,52100.0,57,52140.0,46,52090.0,83,52150.0,64,52080.0,85,52160.0,34,52070.0,7
1597988396632620032,1597988396500000000,2020-08-21 13:39:56.500000,52120.0,52280.0,51820.0,52160.0,nan,52027.434,93232,24253108550.0,119160,52120.0,28,52110.0,35,52130.0,42,52100.0,57,52140.0,46,52090.0,83,52150.0,64,52080.0,85,52160.0,34,52070.0,7
1597988397112463104,1597988397000000000,2020-08-21 13:39:57.000000,52120.0,52280.0,51820.0,52160.0,nan,52027.434,93232,24253108550.0,119160,52120.0,28,52110.0,35,52130.0,42,52100.0,56,52140.0,46,52090.0,83,52150.0,64,52080.0,85,52160.0,34,52070.0,7
1597988397616594944,1597988397500000000,2020-08-21 13:39:57.500000,52110.0,52280.0,51820.0,52160.0,nan,52027.435,93233,24253369100.0,119160,52120.0,28,52110.0,34,52130.0,42,52100.0,56,52140.0,45,52090.0,83,52150.0,64,52080.0,85,52160.0,34,52070.0,7
1597988398601772032,1597988398500000000,2020-08-21 13:39:58.500000,52110.0,52280.0,51820.0,52160.0,nan,52027.436,93234,24253629650.0,119160,52120.0,28,52110.0,33,52130.0,42,52100.0,56,52140.0,45,52090.0,83,52150.0,64,52080.0,85,52160.0,34,52070.0,7
1597988399109165056,1597988399000000000,2020-08-21 13:39:59.000000,52110.0,52280.0,51820.0,52160.0,nan,52027.436,93234,24253629650.0,119160,52120.0,29,52110.0,33,52130.0,42,52100.0,56,52140.0,45,52090.0,83,52150.0,64,52080.0,85,52160.0,34,52070.0,7
1597988399605988096,1597988399500000000,2020-08-21 13:39:59.500000,52110.0,52280.0,51820.0,52160.0,nan,52027.436,93235,24253890200.0,119160,52120.0,29,52110.0,32,52130.0,42,52100.0,56,52140.0,45,52090.0,83,52150.0,64,52080.0,85,52160.0,34,52070.0,7
1597988400132914944,1597988400000000000,2020-08-21 13:40:00.000000,52120.0,52280.0,51820.0,52160.0,nan,52027.437,93236,24254150800.0,119161,52120.0,21,52110.0,32,52130.0,42,52100.0,56,52140.0,45,52090.0,83,52150.0,64,52080.0,85,52160.0,34,52070.0,7
1597988400609662976,1597988400500000000,2020-08-21 13:40:00.500000,52120.0,52280.0,51820.0,52160.0,nan,52027.437,93236,24254150800.0,119161,52120.0,26,52110.0,32,52130.0,42,52100.0,56,52140.0,45,52090.0,83,52150.0,64,52080.0,85,52160.0,34,52070.0,7
1597988403113487872,1597988403000000000,2020-08-21 13:40:03.000000,52110.0,52280.0,51820.0,52160.0,nan,52027.438,93237,24254411350.0,119161,52120.0,26,52110.0,27,52130.0,43,52100.0,56,52140.0,45,52090.0,83,52150.0,64,52080.0,85,52160.0,34,52070.0,9
1597988403614089984,1597988403500000000,2020-08-21 13:40:03.500000,52110.0,52280.0,51820.0,52160.0,nan,52027.438,93237,24254411350.0,119161,52120.0,26,52110.0,17,52130.0,43,52100.0,56,52140.0,45,52090.0,83,52150.0,64,52080.0,85,52160.0,34,52070.0,9
1597988404152442880,1597988404000000000,2020-08-21 13:40:04.000000,52110.0,52280.0,51820.0,52160.0,nan,52027.438,93237,24254411350.0,119161,52120.0,26,52110.0,16,52130.0,43,52100.0,56,52140.0,45,52090.0,84,52150.0,64,52080.0,85,52160.0,34,52070.0,9
1597988404618898944,1597988404500000000,2020-08-21 13:40:04.500000,52110.0,52280.0,51820.0,52160.0,nan,52027.439,93238,24254671900.0,119162,52120.0,26,52110.0,15,52130.0,43,52100.0,56,52140.0,45,52090.0,84,52150.0,64,52080.0,85,52160.0,34,52070.0,9
1597988407241330944,1597988407000000000,2020-08-21 13:40:07.000000,52110.0,52280.0,51820.0,52160.0,nan,52027.439,93238,24254671900.0,119162,52120.0,26,52110.0,16,52130.0,43,52100.0,56,52140.0,45,52090.0,84,52150.0,64,52080.0,85,52160.0,34,52070.0,9
1597988407628872960,1597988407500000000,2020-08-21 13:40:07.500000,52110.0,52280.0,51820.0,52160.0,nan,52027.439,93238,24254671900.0,119162,52120.0,26,52110.0,19,52130.0,43,52100.0,56,52140.0,45,52090.0,84,52150.0,64,52080.0,85,52160.0,34,52070.0,9
1597988408134131968,1597988408000000000,2020-08-21 13:40:08.000000,52110.0,52280.0,51820.0,52160.0,nan,52027.439,93238,24254671900.0,119162,52120.0,26,52110.0,18,52130.0,43,52100.0,56,52140.0,45,52090.0,84,52150.0,64,52080.0,85,52160.0,34,52070.0,9
1597988408623127040,1597988408500000000,2020-08-21 13:40:08.500000,52110.0,52280.0,51820.0,52160.0,nan,52027.439,93238,24254671900.0,119162,52120.0,26,52110.0,23,52130.0,43,52100.0,56,52140.0,44,52090.0,84,52150.0,64,52080.0,85,52160.0,34,52070.0,9
1597988409122324992,1597988409000000000,2020-08-21 13:40:09.000000,52110.0,52280.0,51820.0,52160.0,nan,52027.439,93238,24254671900.0,119162,52120.0,27,52110.0,23,52130.0,43,52100.0,56,52140.0,44,52090.0,84,52150.0,64,52080.0,85,52160.0,34,52070.0,9
1597988409623792896,1597988409500000000,2020-08-21 13:40:09.500000,52110.0,52280.0,51820.0,52160.0,nan,52027.445,93245,24256495750.0,119158,52120.0,27,52110.0,16,52130.0,43,52100.0,56,52140.0,44,52090.0,84,52150.0,64,52080.0,85,52160.0,34,52070.0,9
1597988410629542912,1597988410500000000,2020-08-21 13:40:10.500000,52110.0,52280.0,51820.0,52160.0,nan,52027.445,93245,24256495750.0,119158,52120.0,27,52110.0,17,52130.0,43,52100.0,56,52140.0,44,52090.0,84,52150.0,64,52080.0,85,52160.0,34,52070.0,9
1597988412106588928,1597988412000000000,2020-08-21 13:40:12.000000,52120.0,52280.0,51820.0,52160.0,nan,52027.446,93246,24256756350.0,119159,52120.0,26,52110.0,17,52130.0,43,52100.0,56,52140.0,44,52090.0,84,52150.0,64,52080.0,85,52160.0,34,52070.0,9
1597988412651547904,1597988412500000000,2020-08-21 13:40:12.500000,52120.0,52280.0,51820.0,52160.0,nan,52027.446,93246,24256756350.0,119159,52120.0,26,52110.0,24,52130.0,43,52100.0,56,52140.0,44,52090.0,84,52150.0,64,52080.0,85,52160.0,34,52070.0,9
1597988413112638976,1597988413000000000,2020-08-21 13:40:13.000000,52120.0,52280.0,51820.0,52160.0,nan,52027.446,93246,24256756350.0,119159,52120.0,26,52110.0,17,52130.0,43,52100.0,56,52140.0,44,52090.0,84,52150.0,64,52080.0,85,52160.0,34,52070.0,9
1597988413659916032,1597988413500000000,2020-08-21 13:40:13.500000,52120.0,52280.0,51820.0,52160.0,nan,52027.446,93246,24256756350.0,119159,52120.0,46,52110.0,24,52130.0,43,52100.0,56,52140.0,44,52090.0,84,52150.0,64,52080.0,85,52160.0,34,52070.0,9
1597988414119873024,1597988414000000000,2020-08-21 13:40:14.000000,52120.0,52280.0,51820.0,52160.0,nan,52027.446,93246,24256756350.0,119159,52120.0,46,52110.0,17,52130.0,43,52100.0,56,52140.0,44,52090.0,84,52150.0,64,52080.0,85,52160.0,34,52070.0,9
1597988414626427904,1597988414500000000,2020-08-21 13:40:14.500000,52120.0,52280.0,51820.0,52160.0,nan,52027.446,93246,24256756350.0,119159,52120.0,46,52110.0,17,52130.0,45,52100.0,56,52140.0,44,52090.0,84,52150.0,64,52080.0,85,52160.0,34,52070.0,9
1597988415660339968,1597988415500000000,2020-08-21 13:40:15.500000,52110.0,52280.0,51820.0,52160.0,nan,52027.455,93256,24259361850.0,119163,52120.0,46,52110.0,7,52130.0,45,52100.0,56,52140.0,44,52090.0,84,52150.0,64,52080.0,85,52160.0,34,52070.0,9
1597988416132716032,1597988416000000000,2020-08-21 13:40:16.000000,52110.0,52280.0,51820.0,52160.0,nan,52027.456,93257,24259622400.0,119163,52120.0,47,52110.0,12,52130.0,45,52100.0,56,52140.0,44,52090.0,84,52150.0,64,52080.0,85,52160.0,34,52070.0,9
1597988416604872960,1597988416500000000,2020-08-21 13:40:16.500000,52110.0,52280.0,51820.0,52160.0,nan,52027.463,93265,24261706800.0,119164,52120.0,46,52110.0,1,52130.0,45,52100.0,56,52140.0,44,52090.0,84,52150.0,64,52080.0,85,52160.0,34,52070.0,9
1597988417144239104,1597988417000000000,2020-08-21 13:40:17.000000,52110.0,52280.0,51820.0,52160.0,nan,52027.464,93266,24261967350.0,119165,52110.0,7,52100.0,55,52120.0,48,52090.0,84,52130.0,45,52080.0,86,52140.0,44,52070.0,9,52150.0,64,52060.0,133
1597988417620363008,1597988417500000000,2020-08-21 13:40:17.500000,52110.0,52280.0,51820.0,52160.0,nan,52027.469,93272,24263530650.0,119162,52110.0,32,52100.0,56,52120.0,47,52090.0,86,52130.0,47,52080.0,87,52140.0,44,52070.0,11,52150.0,64,52060.0,133
1597988418106833920,1597988418000000000,2020-08-21 13:40:18.000000,52110.0,52280.0,51820.0,52160.0,nan,52027.469,93272,24263530650.0,119162,52110.0,39,52100.0,37,52120.0,47,52090.0,84,52130.0,47,52080.0,89,52140.0,43,52070.0,13,52150.0,65,52060.0,133
1597988418620311040,1597988418500000000,2020-08-21 13:40:18.500000,52100.0,52280.0,51820.0,52160.0,nan,52027.471,93274,24264051650.0,119160,52110.0,39,52100.0,34,52120.0,50,52090.0,84,52130.0,47,52080.0,89,52140.0,43,52070.0,13,52150.0,65,52060.0,133
1597988419114605056,1597988419000000000,2020-08-21 13:40:19.000000,52100.0,52280.0,51820.0,52160.0,nan,52027.472,93275,24264312150.0,119159,52110.0,39,52100.0,33,52120.0,50,52090.0,84,52130.0,47,52080.0,89,52140.0,43,52070.0,13,52150.0,65,52060.0,133
1597988421614955008,1597988421500000000,2020-08-21 13:40:21.500000,52110.0,52280.0,51820.0,52160.0,nan,52027.473,93276,24264572700.0,119159,52110.0,38,52100.0,33,52120.0,50,52090.0,84,52130.0,47,52080.0,89,52140.0,43,52070.0,13,52150.0,65,52060.0,133
1597988422099173120,1597988422000000000,2020-08-21 13:40:22.000000,52110.0,52280.0,51820.0,52160.0,nan,52027.473,93276,24264572700.0,119159,52110.0,37,52100.0,33,52120.0,50,52090.0,84,52130.0,47,52080.0,89,52140.0,43,52070.0,13,52150.0,65,52060.0,133
1597988422626967040,1597988422500000000,2020-08-21 13:40:22.500000,52100.0,52280.0,51820.0,52160.0,nan,52027.475,93279,24265354200.0,119156,52110.0,40,52100.0,39,52120.0,50,52090.0,84,52130.0,44,52080.0,89,52140.0,43,52070.0,13,52150.0,66,52060.0,133
1597988423121127936,1597988423000000000,2020-08-21 13:40:23.000000,52100.0,52280.0,51820.0,52160.0,nan,52027.475,93279,24265354200.0,119156,52110.0,40,52100.0,39,52120.0,50,52090.0,84,52130.0,49,52080.0,89,52140.0,43,52070.0,13,52150.0,66,52060.0,133
1597988423610679040,1597988423500000000,2020-08-21 13:40:23.500000,52100.0,52280.0,51820.0,52160.0,nan,52027.476,93280,24265614700.0,119156,52110.0,34,52100.0,41,52120.0,50,52090.0,84,52130.0,49,52080.0,89,52140.0,43,52070.0,13,52150.0,66,52060.0,133
1597988425114757120,1597988425000000000,2020-08-21 13:40:25.000000,52100.0,52280.0,51820.0,52160.0,nan,52027.476,93280,24265614700.0,119156,52110.0,18,52100.0,41,52120.0,50,52090.0,84,52130.0,49,52080.0,89,52140.0,43,52070.0,13,52150.0,66,52060.0,133
1597988425613523968,1597988425500000000,2020-08-21 13:40:25.500000,52100.0,52280.0,51820.0,52160.0,nan,52027.476,93280,24265614700.0,119156,52110.0,21,52100.0,42,52120.0,50,52090.0,85,52130.0,49,52080.0,89,52140.0,43,52070.0,13,52150.0,66,52060.0,133
1597988426130759936,1597988426000000000,2020-08-21 13:40:26.000000,52100.0,52280.0,51820.0,52160.0,nan,52027.476,93280,24265614700.0,119156,52110.0,21,52100.0,52,52120.0,50,52090.0,85,52130.0,49,52080.0,39,52140.0,43,52070.0,63,52150.0,66,52060.0,133
1597988426695034880,1597988426500000000,2020-08-21 13:40:26.500000,52100.0,52280.0,51820.0,52160.0,nan,52027.476,93280,24265614700.0,119156,52110.0,21,52100.0,52,52120.0,50,52090.0,85,52130.0,49,52080.0,39,52140.0,43,52070.0,64,52150.0,66,52060.0,133
1597988427159403008,1597988427000000000,2020-08-21 13:40:27.000000,52100.0,52280.0,51820.0,52160.0,nan,52027.476,93280,24265614700.0,119156,52110.0,21,52100.0,51,52120.0,50,52090.0,85,52130.0,49,52080.0,39,52140.0,43,52070.0,64,52150.0,66,52060.0,133
1597988429108056064,1597988429000000000,2020-08-21 13:40:29.000000,52110.0,52280.0,51820.0,52160.0,nan,52027.478,93282,24266135800.0,119157,52110.0,19,52100.0,51,52120.0,50,52090.0,85,52130.0,49,52080.0,39,52140.0,44,52070.0,64,52150.0,66,52060.0,133
1597988430118614016,1597988430000000000,2020-08-21 13:40:30.000000,52110.0,52280.0,51820.0,52160.0,nan,52027.478,93282,24266135800.0,119157,52110.0,19,52100.0,52,52120.0,50,52090.0,85,52130.0,49,52080.0,39,52140.0,44,52070.0,64,52150.0,66,52060.0,133
1597988431107208960,1597988431000000000,2020-08-21 13:40:31.000000,52110.0,52280.0,51820.0,52160.0,nan,52027.478,93282,24266135800.0,119157,52110.0,22,52100.0,52,52120.0,50,52090.0,85,52130.0,49,52080.0,39,52140.0,44,52070.0,64,52150.0,66,52060.0,133
1597988431618585088,1597988431500000000,2020-08-21 13:40:31.500000,52110.0,52280.0,51820.0,52160.0,nan,52027.478,93282,24266135800.0,119157,52110.0,19,52100.0,52,52120.0,63,52090.0,85,52130.0,49,52080.0,39,52140.0,54,52070.0,64,52150.0,66,52060.0,133
1597988432111332096,1597988432000000000,2020-08-21 13:40:32.000000,52100.0,52280.0,51820.0,52160.0,nan,52027.478,93283,24266396300.0,119157,52110.0,19,52100.0,51,52120.0,63,52090.0,85,52130.0,49,52080.0,39,52140.0,54,52070.0,64,52150.0,66,52060.0,133
1597988432610112000,1597988432500000000,2020-08-21 13:40:32.500000,52100.0,52280.0,51820.0,52160.0,nan,52027.478,93283,24266396300.0,119157,52110.0,19,52100.0,51,52120.0,63,52090.0,85,52130.0,49,52080.0,39,52140.0,54,52070.0,64,52150.0,62,52060.0,133
1597988434621496064,1597988434500000000,2020-08-21 13:40:34.500000,52100.0,52280.0,51820.0,52160.0,nan,52027.478,93283,24266396300.0,119157,52110.0,19,52100.0,51,52120.0,63,52090.0,85,52130.0,50,52080.0,39,52140.0,54,52070.0,64,52150.0,62,52060.0,133
1597988437613486080,1597988437500000000,2020-08-21 13:40:37.500000,52100.0,52280.0,51820.0,52160.0,nan,52027.478,93283,24266396300.0,119157,52110.0,22,52100.0,51,52120.0,60,52090.0,85,52130.0,50,52080.0,39,52140.0,54,52070.0,64,52150.0,62,52060.0,133
1597988438121004032,1597988438000000000,2020-08-21 13:40:38.000000,52100.0,52280.0,51820.0,52160.0,nan,52027.478,93283,24266396300.0,119157,52110.0,22,52100.0,52,52120.0,60,52090.0,85,52130.0,50,52080.0,39,52140.0,54,52070.0,64,52150.0,62,52060.0,133
1597988439619758080,1597988439500000000,2020-08-21 13:40:39.500000,52100.0,52280.0,51820.0,52160.0,nan,52027.478,93283,24266396300.0,119157,52110.0,22,52100.0,53,52120.0,60,52090.0,85,52130.0,50,52080.0,39,52140.0,54,52070.0,64,52150.0,62,52060.0,133
1597988443113712128,1597988443000000000,2020-08-21 13:40:43.000000,52100.0,52280.0,51820.0,52160.0,nan,52027.478,93283,24266396300.0,119157,52110.0,22,52100.0,54,52120.0,60,52090.0,85,52130.0,50,52080.0,39,52140.0,54,52070.0,64,52150.0,62,52060.0,133
1597988444118880000,1597988444000000000,2020-08-21 13:40:44.000000,52100.0,52280.0,51820.0,52160.0,nan,52027.481,93286,24267177800.0,119157,52110.0,22,52100.0,51,52120.0,60,52090.0,85,52130.0,50,52080.0,39,52140.0,54,52070.0,64,52150.0,62,52060.0,133
1597988445123387904,1597988445000000000,2020-08-21 13:40:45.000000,52100.0,52280.0,51820.0,52160.0,nan,52027.481,93286,24267177800.0,119157,52110.0,32,52100.0,51,52120.0,60,52090.0,85,52130.0,50,52080.0,39,52140.0,54,52070.0,64,52150.0,62,52060.0,133
1597988445624294912,1597988445500000000,2020-08-21 13:40:45.500000,52100.0,52280.0,51820.0,52160.0,nan,52027.481,93286,24267177800.0,119157,52110.0,32,52100.0,51,52120.0,59,52090.0,85,52130.0,50,52080.0,39,52140.0,54,52070.0,64,52150.0,62,52060.0,133
1597988446126361088,1597988446000000000,2020-08-21 13:40:46.000000,52100.0,52280.0,51820.0,52160.0,nan,52027.481,93286,24267177800.0,119157,52110.0,33,52100.0,51,52120.0,59,52090.0,85,52130.0,50,52080.0,39,52140.0,54,52070.0,64,52150.0,62,52060.0,133
1597988447103537920,1597988447000000000,2020-08-21 13:40:47.000000,52100.0,52280.0,51820.0,52160.0,nan,52027.481,93287,24267438300.0,119157,52110.0,33,52100.0,50,52120.0,59,52090.0,85,52130.0,50,52080.0,39,52140.0,54,52070.0,64,52150.0,62,52060.0,133
1597988447602908928,1597988447500000000,2020-08-21 13:40:47.500000,52100.0,52280.0,51820.0,52160.0,nan,52027.481,93287,24267438300.0,119157,52110.0,33,52100.0,48,52120.0,59,52090.0,85,52130.0,50,52080.0,39,52140.0,54,52070.0,64,52150.0,62,52060.0,133
1597988448108915968,1597988448000000000,2020-08-21 13:40:48.000000,52100.0,52280.0,51820.0,52160.0,nan,52027.482,93288,24267698800.0,119157,52110.0,33,52100.0,47,52120.0,59,52090.0,85,52130.0,50,52080.0,39,52140.0,54,52070.0,64,52150.0,62,52060.0,133
1597988448619725056,1597988448500000000,2020-08-21 13:40:48.500000,52100.0,52280.0,51820.0,52160.0,nan,52027.482,93288,24267698800.0,119157,52110.0,34,52100.0,47,52120.0,59,52090.0,85,52130.0,50,52080.0,39,52140.0,54,52070.0,64,52150.0,62,52060.0,133
1597988449614242048,1597988449500000000,2020-08-21 13:40:49.500000,52100.0,52280.0,51820.0,52160.0,nan,52027.483,93289,24267959300.0,119157,52110.0,34,52100.0,46,52120.0,59,52090.0,85,52130.0,47,52080.0,39,52140.0,54,52070.0,64,52150.0,62,52060.0,133
1597988452622742016,1597988452500000000,2020-08-21 13:40:52.500000,52100.0,52280.0,51820.0,52160.0,nan,52027.488,93296,24269782800.0,119150,52110.0,34,52100.0,40,52120.0,59,52090.0,85,52130.0,47,52080.0,39,52140.0,54,52070.0,64,52150.0,62,52060.0,133
1597988453136640000,1597988453000000000,2020-08-21 13:40:53.000000,52100.0,52280.0,51820.0,52160.0,nan,52027.488,93296,24269782800.0,119150,52110.0,36,52100.0,41,52120.0,59,52090.0,85,52130.0,47,52080.0,39,52140.0,54,52070.0,64,52150.0,62,52060.0,133
1597988453623233024,1597988453500000000,2020-08-21 13:40:53.500000,52100.0,52280.0,51820.0,52160.0,nan,52027.488,93296,24269782800.0,119150,52110.0,37,52100.0,41,52120.0,59,52090.0,85,52130.0,47,52080.0,39,52140.0,54,52070.0,64,52150.0,62,52060.0,133
1597988454108827904,1597988454000000000,2020-08-21 13:40:54.000000,52100.0,52280.0,51820.0,52160.0,nan,52027.488,93296,24269782800.0,119150,52110.0,37,52100.0,41,52120.0,59,52090.0,85,52130.0,47,52080.0,43,52140.0,54,52070.0,64,52150.0,62,52060.0,133
1597988454619975936,1597988454500000000,2020-08-21 13:40:54.500000,52100.0,52280.0,51820.0,52160.0,nan,52027.488,93296,24269782800.0,119150,52110.0,36,52100.0,41,52120.0,59,52090.0,85,52130.0,47,52080.0,43,52140.0,54,52070.0,64,52150.0,62,52060.0,133
1597988455119828992,1597988455000000000,2020-08-21 13:40:55.000000,52100.0,52280.0,51820.0,52160.0,nan,52027.488,93296,24269782800.0,119150,52110.0,36,52100.0,41,52120.0,59,52090.0,85,52130.0,47,52080.0,43,52140.0,55,52070.0,64,52150.0,61,52060.0,133
1597988456101588992,1597988456000000000,2020-08-21 13:40:56.000000,52100.0,52280.0,51820.0,52160.0,nan,52027.488,93296,24269782800.0,119150,52110.0,36,52100.0,41,52120.0,59,52090.0,85,52130.0,47,52080.0,43,52140.0,55,52070.0,64,52150.0,62,52060.0,133
1597988461607044096,1597988461500000000,2020-08-21 13:41:01.500000,52100.0,52280.0,51820.0,52160.0,nan,52027.489,93297,24270043300.0,119150,52110.0,36,52100.0,40,52120.0,59,52090.0,85,52130.0,47,52080.0,43,52140.0,55,52070.0,64,52150.0,62,52060.0,133
1597988462606025984,1597988462500000000,2020-08-21 13:41:02.500000,52100.0,52280.0,51820.0,52160.0,nan,52027.489,93297,24270043300.0,119150,52110.0,40,52100.0,40,52120.0,59,52090.0,83,52130.0,47,52080.0,43,52140.0,55,52070.0,64,52150.0,62,52060.0,133
1597988463119248896,1597988463000000000,2020-08-21 13:41:03.000000,52100.0,52280.0,51820.0,52160.0,nan,52027.489,93297,24270043300.0,119150,52110.0,37,52100.0,40,52120.0,59,52090.0,85,52130.0,47,52080.0,43,52140.0,55,52070.0,64,52150.0,62,52060.0,133
1597988465120367104,1597988465000000000,2020-08-21 13:41:05.000000,52100.0,52280.0,51820.0,52160.0,nan,52027.495,93305,24272127300.0,119142,52110.0,37,52100.0,32,52120.0,59,52090.0,85,52130.0,47,52080.0,43,52140.0,55,52070.0,64,52150.0,62,52060.0,133
1597988465609790976,1597988465500000000,2020-08-21 13:41:05.500000,52100.0,52280.0,51820.0,52160.0,nan,52027.495,93305,24272127300.0,119142,52110.0,37,52100.0,32,52120.0,60,52090.0,85,52130.0,47,52080.0,43,52140.0,55,52070.0,64,52150.0,62,52060.0,133
1597988466609858048,1597988466500000000,2020-08-21 13:41:06.500000,52100.0,52280.0,51820.0,52160.0,nan,52027.495,93305,24272127300.0,119142,52110.0,37,52100.0,32,52120.0,60,52090.0,83,52130.0,47,52080.0,43,52140.0,55,52070.0,64,52150.0,62,52060.0,133
1597988467107212032,1597988467000000000,2020-08-21 13:41:07.000000,52100.0,52280.0,51820.0,52160.0,nan,52027.495,93305,24272127300.0,119142,52110.0,37,52100.0,32,52120.0,60,52090.0,83,52130.0,47,52080.0,43,52140.0,55,52070.0,66,52150.0,62,52060.0,133
1597988467613540096,1597988467500000000,2020-08-21 13:41:07.500000,52100.0,52280.0,51820.0,52160.0,nan,52027.495,93305,24272127300.0,119142,52110.0,37,52100.0,32,52120.0,59,52090.0,83,52130.0,47,52080.0,43,52140.0,55,52070.0,66,52150.0,62,52060.0,133
1597988468125607936,1597988468000000000,2020-08-21 13:41:08.000000,52100.0,52280.0,51820.0,52160.0,nan,52027.495,93305,24272127300.0,119142,52110.0,38,52100.0,32,52120.0,59,52090.0,83,52130.0,47,52080.0,43,52140.0,55,52070.0,66,52150.0,62,52060.0,133
1597988468619803904,1597988468500000000,2020-08-21 13:41:08.500000,52100.0,52280.0,51820.0,52160.0,nan,52027.495,93305,24272127300.0,119142,52110.0,38,52100.0,33,52120.0,59,52090.0,83,52130.0,47,52080.0,43,52140.0,55,52070.0,66,52150.0,62,52060.0,133
1597988471123109888,1597988471000000000,2020-08-21 13:41:11.000000,52100.0,52280.0,51820.0,52160.0,nan,52027.495,93305,24272127300.0,119142,52110.0,38,52100.0,33,52120.0,59,52090.0,83,52130.0,47,52080.0,43,52140.0,55,52070.0,66,52150.0,53,52060.0,133
1597988471605541120,1597988471500000000,2020-08-21 13:41:11.500000,52100.0,52280.0,51820.0,52160.0,nan,52027.495,93305,24272127300.0,119142,52110.0,38,52100.0,33,52120.0,59,52090.0,83,52130.0,37,52080.0,43,52140.0,55,52070.0,66,52150.0,53,52060.0,133
1597988472108224000,1597988472000000000,2020-08-21 13:41:12.000000,52100.0,52280.0,51820.0,52160.0,nan,52027.495,93305,24272127300.0,119142,52110.0,38,52100.0,33,52120.0,58,52090.0,83,52130.0,37,52080.0,43,52140.0,55,52070.0,70,52150.0,53,52060.0,133
1597988472600221952,1597988472500000000,2020-08-21 13:41:12.500000,52100.0,52280.0,51820.0,52160.0,nan,52027.495,93305,24272127300.0,119142,52110.0,39,52100.0,33,52120.0,58,52090.0,83,52130.0,37,52080.0,43,52140.0,55,52070.0,70,52150.0,53,52060.0,133
1597988474111202048,1597988474000000000,2020-08-21 13:41:14.000000,52100.0,52280.0,51820.0,52160.0,nan,52027.499,93310,24273429800.0,119139,52110.0,39,52100.0,28,52120.0,58,52090.0,83,52130.0,37,52080.0,43,52140.0,55,52070.0,70,52150.0,53,52060.0,133
1597988475122397952,1597988475000000000,2020-08-21 13:41:15.000000,52100.0,52280.0,51820.0,52160.0,nan,52027.499,93310,24273429800.0,119139,52110.0,39,52100.0,28,52120.0,58,52090.0,83,52130.0,38,52080.0,43,52140.0,55,52070.0,70,52150.0,53,52060.0,133
1597988475650979072,1597988475500000000,2020-08-21 13:41:15.500000,52100.0,52280.0,51820.0,52160.0,nan,52027.521,93338,24280723800.0,119136,52110.0,42,52090.0,83,52120.0,58,52080.0,43,52130.0,38,52070.0,70,52140.0,55,52060.0,133,52150.0,53,52050.0,30
1597988476146728960,1597988476000000000,2020-08-21 13:41:16.000000,52100.0,52280.0,51820.0,52160.0,nan,52027.521,93338,24280723800.0,119136,52100.0,16,52090.0,82,52110.0,46,52080.0,43,52120.0,60,52070.0,71,52130.0,38,52060.0,134,52140.0,55,52050.0,29
1597988476609576960,1597988476500000000,2020-08-21 13:41:16.500000,52100.0,52280.0,51820.0,52160.0,nan,52027.521,93338,24280723800.0,119136,52100.0,46,52090.0,82,52110.0,41,52080.0,42,52120.0,58,52070.0,71,52130.0,38,52060.0,137,52140.0,55,52050.0,29
1597988477128195072,1597988477000000000,2020-08-21 13:41:17.000000,52100.0,52280.0,51820.0,52160.0,nan,52027.521,93338,24280723800.0,119136,52100.0,47,52090.0,64,52110.0,41,52080.0,42,52120.0,58,52070.0,71,52130.0,37,52060.0,139,52140.0,55,52050.0,29
1597988477625306880,1597988477500000000,2020-08-21 13:41:17.500000,52100.0,52280.0,51820.0,52160.0,nan,52027.521,93338,24280723800.0,119136,52100.0,47,52090.0,59,52110.0,42,52080.0,40,52120.0,59,52070.0,73,52130.0,37,52060.0,139,52140.0,54,52050.0,29
1597988478161451008,1597988478000000000,2020-08-21 13:41:18.000000,52100.0,52280.0,51820.0,52160.0,nan,52027.521,93338,24280723800.0,119136,52100.0,47,52090.0,60,52110.0,42,52080.0,40,52120.0,59,52070.0,73,52130.0,37,52060.0,139,52140.0,54,52050.0,29
1597988478633709056,1597988478500000000,2020-08-21 13:41:18.500000,52100.0,52280.0,51820.0,52160.0,nan,52027.521,93338,24280723800.0,119136,52100.0,47,52090.0,60,52110.0,52,52080.0,40,52120.0,59,52070.0,73,52130.0,37,52060.0,139,52140.0,54,52050.0,29
1597988479131826944,1597988479000000000,2020-08-21 13:41:19.000000,52100.0,52280.0,51820.0,52160.0,nan,52027.521,93338,24280723800.0,119136,52100.0,47,52090.0,60,52110.0,52,52080.0,38,52120.0,59,52070.0,73,52130.0,37,52060.0,139,52140.0,54,52050.0,29
1597988479603186944,1597988479500000000,2020-08-21 13:41:19.500000,52100.0,52280.0,51820.0,52160.0,nan,52027.536,93357,24285673300.0,119136,52100.0,28,52090.0,60,52110.0,52,52080.0,38,52120.0,59,52070.0,73,52130.0,37,52060.0,139,52140.0,54,52050.0,29
1597988480115588096,1597988480000000000,2020-08-21 13:41:20.000000,52100.0,52280.0,51820.0,52160.0,nan,52027.536,93357,24285673300.0,119136,52100.0,26,52090.0,62,52110.0,52,52080.0,38,52120.0,59,52070.0,73,52130.0,37,52060.0,139,52140.0,55,52050.0,29
1597988480624112128,1597988480500000000,2020-08-21 13:41:20.500000,52100.0,52280.0,51820.0,52160.0,nan,52027.536,93357,24285673300.0,119136,52100.0,27,52090.0,62,52110.0,52,52080.0,38,52120.0,59,52070.0,73,52130.0,37,52060.0,139,52140.0,55,52050.0,29
1597988483110755072,1597988483000000000,2020-08-21 13:41:23.000000,52100.0,52280.0,51820.0,52160.0,nan,52027.557,93384,24292706800.0,119143,52110.0,52,52090.0,64,52120.0,59,52080.0,38,52130.0,37,52070.0,73,52140.0,55,52060.0,139,52150.0,54,52050.0,29
1597988483607273984,1597988483500000000,2020-08-21 13:41:23.500000,52100.0,52280.0,51820.0,52160.0,nan,52027.557,93384,24292706800.0,119143,52110.0,51,52100.0,5,52120.0,58,52090.0,66,52130.0,37,52080.0,40,52140.0,56,52070.0,73,52150.0,54,52060.0,139
1597988484115015936,1597988484000000000,2020-08-21 13:41:24.000000,52100.0,52280.0,51820.0,52160.0,nan,52027.557,93384,24292706800.0,119143,52110.0,51,52100.0,5,52120.0,58,52090.0,67,52130.0,37,52080.0,41,52140.0,56,52070.0,73,52150.0,54,52060.0,139
1597988485134351872,1597988485000000000,2020-08-21 13:41:25.000000,52100.0,52280.0,51820.0,52160.0,nan,52027.557,93384,24292706800.0,119143,52110.0,51,52100.0,6,52120.0,58,52090.0,67,52130.0,37,52080.0,41,52140.0,56,52070.0,73,52150.0,54,52060.0,139
1597988485635422976,1597988485500000000,2020-08-21 13:41:25.500000,52100.0,52280.0,51820.0,52160.0,nan,52027.557,93384,24292706800.0,119143,52110.0,53,52100.0,6,52120.0,58,52090.0,67,52130.0,37,52080.0,41,52140.0,56,52070.0,73,52150.0,54,52060.0,139
1597988486626336000,1597988486500000000,2020-08-21 13:41:26.500000,52110.0,52280.0,51820.0,52160.0,nan,52027.558,93385,24292967350.0,119143,52110.0,52,52100.0,6,52120.0,58,52090.0,67,52130.0,37,52080.0,41,52140.0,56,52070.0,73,52150.0,54,52060.0,139
1597988487115256064,1597988487000000000,2020-08-21 13:41:27.000000,52110.0,52280.0,51820.0,52160.0,nan,52027.558,93385,24292967350.0,119143,52110.0,52,52100.0,7,52120.0,58,52090.0,67,52130.0,37,52080.0,41,52140.0,56,52070.0,73,52150.0,54,52060.0,139
1597988487611990016,1597988487500000000,2020-08-21 13:41:27.500000,52100.0,52280.0,51820.0,52160.0,nan,52027.563,93392,24294790850.0,119140,52100.0,2,52090.0,67,52110.0,52,52080.0,41,52120.0,58,52070.0,73,52130.0,37,52060.0,139,52140.0,56,52050.0,49
1597988488117423104,1597988488000000000,2020-08-21 13:41:28.000000,52100.0,52280.0,51820.0,52160.0,nan,52027.565,93394,24295311850.0,119138,52110.0,50,52100.0,3,52120.0,58,52090.0,69,52130.0,37,52080.0,41,52140.0,56,52070.0,73,52150.0,54,52060.0,139
1597988488634203904,1597988488500000000,2020-08-21 13:41:28.500000,52100.0,52280.0,51820.0,52160.0,nan,52027.565,93394,24295311850.0,119138,52110.0,52,52100.0,6,52120.0,58,52090.0,67,52130.0,37,52080.0,41,52140.0,56,52070.0,73,52150.0,54,52060.0,139
1597988490123136000,1597988490000000000,2020-08-21 13:41:30.000000,52100.0,52280.0,51820.0,52160.0,nan,52027.565,93395,24295572350.0,119138,52110.0,52,52100.0,5,52120.0,58,52090.0,67,52130.0,37,52080.0,41,52140.0,56,52070.0,73,52150.0,54,52060.0,139
1597988492117985024,1597988492000000000,2020-08-21 13:41:32.000000,52100.0,52280.0,51820.0,52160.0,nan,52027.565,93395,24295572350.0,119138,52110.0,52,52100.0,5,52120.0,58,52090.0,78,52130.0,37,52080.0,41,52140.0,56,52070.0,73,52150.0,54,52060.0,139
1597988492628273920,1597988492500000000,2020-08-21 13:41:32.500000,52100.0,52280.0,51820.0,52160.0,nan,52027.566,93396,24295832850.0,119139,52110.0,52,52100.0,4,52120.0,58,52090.0,78,52130.0,37,52080.0,41,52140.0,56,52070.0,73,52150.0,54,52060.0,139
1597988493107912960,1597988493000000000,2020-08-21 13:41:33.000000,52100.0,52280.0,51820.0,52160.0,nan,52027.566,93396,24295832850.0,119139,52110.0,52,52100.0,4,52120.0,58,52090.0,76,52130.0,37,52080.0,41,52140.0,56,52070.0,73,52150.0,54,52060.0,139
1597988493615579904,1597988493500000000,2020-08-21 13:41:33.500000,52100.0,52280.0,51820.0,52160.0,nan,52027.566,93396,24295832850.0,119139,52110.0,52,52100.0,5,52120.0,58,52090.0,76,52130.0,37,52080.0,41,52140.0,56,52070.0,73,52150.0,54,52060.0,139
1597988495120826112,1597988495000000000,2020-08-21 13:41:35.000000,52100.0,52280.0,51820.0,52160.0,nan,52027.567,93397,24296093350.0,119139,52110.0,52,52100.0,4,52120.0,58,52090.0,76,52130.0,40,52080.0,42,52140.0,56,52070.0,73,52150.0,54,52060.0,139
1597988496605211904,1597988496500000000,2020-08-21 13:41:36.500000,52100.0,52280.0,51820.0,52160.0,nan,52027.567,93397,24296093350.0,119139,52110.0,52,52100.0,4,52120.0,59,52090.0,76,52130.0,40,52080.0,42,52140.0,56,52070.0,73,52150.0,54,52060.0,139
1597988498106987008,1597988498000000000,2020-08-21 13:41:38.000000,52100.0,52280.0,51820.0,52160.0,nan,52027.567,93397,24296093350.0,119139,52110.0,52,52100.0,5,52120.0,59,52090.0,76,52130.0,40,52080.0,42,52140.0,56,52070.0,73,52150.0,54,52060.0,139
1597988498617058048,1597988498500000000,2020-08-21 13:41:38.500000,52110.0,52280.0,51820.0,52160.0,nan,52027.568,93398,24296353900.0,119140,52110.0,51,52100.0,6,52120.0,59,52090.0,76,52130.0,40,52080.0,42,52140.0,56,52070.0,73,52150.0,54,52060.0,139
1597988500134390016,1597988500000000000,2020-08-21 13:41:40.000000,52110.0,52280.0,51820.0,52160.0,nan,52027.568,93398,24296353900.0,119140,52110.0,51,52100.0,13,52120.0,59,52090.0,76,52130.0,40,52080.0,42,52140.0,56,52070.0,73,52150.0,54,52060.0,139
1597988500599668992,1597988500500000000,2020-08-21 13:41:40.500000,52110.0,52280.0,51820.0,52160.0,nan,52027.568,93398,24296353900.0,119140,52110.0,50,52100.0,18,52120.0,59,52090.0,76,52130.0,40,52080.0,42,52140.0,56,52070.0,73,52150.0,54,52060.0,139
1597988501606222080,1597988501500000000,2020-08-21 13:41:41.500000,52110.0,52280.0,51820.0,52160.0,nan,52027.568,93398,24296353900.0,119140,52110.0,50,52100.0,18,52120.0,59,52090.0,76,52130.0,40,52080.0,42,52140.0,56,52070.0,73,52150.0,53,52060.0,139
1597988502145793024,1597988502000000000,2020-08-21 13:41:42.000000,52110.0,52280.0,51820.0,52160.0,nan,52027.568,93398,24296353900.0,119140,52110.0,50,52100.0,19,52120.0,59,52090.0,76,52130.0,40,52080.0,42,52140.0,56,52070.0,73,52150.0,53,52060.0,139
1597988503118025984,1597988503000000000,2020-08-21 13:41:43.000000,52110.0,52280.0,51820.0,52160.0,nan,52027.568,93398,24296353900.0,119140,52110.0,49,52100.0,19,52120.0,59,52090.0,82,52130.0,40,52080.0,42,52140.0,56,52070.0,73,52150.0,53,52060.0,139
1597988504112389120,1597988504000000000,2020-08-21 13:41:44.000000,52110.0,52280.0,51820.0,52160.0,nan,52027.568,93398,24296353900.0,119140,52110.0,49,52100.0,19,52120.0,58,52090.0,82,52130.0,40,52080.0,42,52140.0,56,52070.0,73,52150.0,53,52060.0,139
1597988505616935936,1597988505500000000,2020-08-21 13:41:45.500000,52110.0,52280.0,51820.0,52160.0,nan,52027.568,93398,24296353900.0,119140,52110.0,49,52100.0,21,52120.0,58,52090.0,82,52130.0,40,52080.0,42,52140.0,56,52070.0,73,52150.0,53,52060.0,139
1597988506121969920,1597988506000000000,2020-08-21 13:41:46.000000,52110.0,52280.0,51820.0,52160.0,nan,52027.57,93400,24296875000.0,119140,52110.0,47,52100.0,21,52120.0,58,52090.0,82,52130.0,40,52080.0,42,52140.0,56,52070.0,73,52150.0,53,52060.0,139
1597988508111631104,1597988508000000000,2020-08-21 13:41:48.000000,52100.0,52280.0,51820.0,52160.0,nan,52027.57,93401,24297135500.0,119140,52110.0,47,52100.0,20,52120.0,58,52090.0,82,52130.0,40,52080.0,42,52140.0,56,52070.0,73,52150.0,53,52060.0,139
1597988508627752960,1597988508500000000,2020-08-21 13:41:48.500000,52100.0,52280.0,51820.0,52160.0,nan,52027.57,93401,24297135500.0,119140,52110.0,47,52100.0,20,52120.0,58,52090.0,82,52130.0,40,52080.0,42,52140.0,56,52070.0,71,52150.0,53,52060.0,139
1597988509605168896,1597988509500000000,2020-08-21 13:41:49.500000,52100.0,52280.0,51820.0,52160.0,nan,52027.57,93401,24297135500.0,119140,52110.0,48,52100.0,20,52120.0,58,52090.0,82,52130.0,40,52080.0,42,52140.0,56,52070.0,71,52150.0,53,52060.0,139
1597988511620423936,1597988511500000000,2020-08-21 13:41:51.500000,52100.0,52280.0,51820.0,52160.0,nan,52027.571,93402,24297396000.0,119141,52110.0,48,52100.0,19,52120.0,58,52090.0,82,52130.0,40,52080.0,42,52140.0,56,52070.0,71,52150.0,53,52060.0,139
1597988512125435904,1597988512000000000,2020-08-21 13:41:52.000000,52100.0,52280.0,51820.0,52160.0,nan,52027.571,93402,24297396000.0,119141,52110.0,49,52100.0,19,52120.0,58,52090.0,82,52130.0,40,52080.0,42,52140.0,56,52070.0,71,52150.0,53,52060.0,139
1597988512635606016,1597988512500000000,2020-08-21 13:41:52.500000,52100.0,52280.0,51820.0,52160.0,nan,52027.571,93402,24297396000.0,119141,52110.0,48,52100.0,20,52120.0,58,52090.0,82,52130.0,40,52080.0,42,52140.0,56,52070.0,71,52150.0,53,52060.0,139
1597988513624563968,1597988513500000000,2020-08-21 13:41:53.500000,52100.0,52280.0,51820.0,52160.0,nan,52027.571,93402,24297396000.0,119141,52110.0,48,52100.0,13,52120.0,58,52090.0,82,52130.0,40,52080.0,42,52140.0,56,52070.0,71,52150.0,53,52060.0,139
1597988514123744000,1597988514000000000,2020-08-21 13:41:54.000000,52100.0,52280.0,51820.0,52160.0,nan,52027.571,93402,24297396000.0,119141,52110.0,49,52100.0,24,52120.0,58,52090.0,71,52130.0,40,52080.0,42,52140.0,56,52070.0,71,52150.0,53,52060.0,139
1597988514617006080,1597988514500000000,2020-08-21 13:41:54.500000,52100.0,52280.0,51820.0,52160.0,nan,52027.571,93402,24297396000.0,119141,52110.0,48,52100.0,24,52120.0,58,52090.0,71,52130.0,40,52080.0,42,52140.0,56,52070.0,71,52150.0,53,52060.0,139
1597988516114875904,1597988516000000000,2020-08-21 13:41:56.000000,52100.0,52280.0,51820.0,52160.0,nan,52027.571,93402,24297396000.0,119141,52110.0,48,52100.0,24,52120.0,58,52090.0,71,52130.0,39,52080.0,42,52140.0,56,52070.0,71,52150.0,53,52060.0,139
1597988517613773056,1597988517500000000,2020-08-21 13:41:57.500000,52100.0,52280.0,51820.0,52160.0,nan,52027.571,93402,24297396000.0,119141,52110.0,48,52100.0,25,52120.0,58,52090.0,71,52130.0,39,52080.0,42,52140.0,56,52070.0,71,52150.0,53,52060.0,139
1597988519623190016,1597988519500000000,2020-08-21 13:41:59.500000,52100.0,52280.0,51820.0,52160.0,nan,52027.571,93402,24297396000.0,119141,52110.0,48,52100.0,25,52120.0,59,52090.0,71,52130.0,39,52080.0,42,52140.0,56,52070.0,71,52150.0,53,52060.0,139
1597988520110607872,1597988520000000000,2020-08-21 13:42:00.000000,52100.0,52280.0,51820.0,52160.0,nan,52027.573,93404,24297917000.0,119141,52110.0,48,52100.0,23,52120.0,59,52090.0,71,52130.0,39,52080.0,42,52140.0,56,52070.0,71,52150.0,53,52060.0,139
1597988521115600896,1597988521000000000,2020-08-21 13:42:01.000000,52100.0,52280.0,51820.0,52160.0,nan,52027.573,93404,24297917000.0,119141,52110.0,48,52100.0,23,52120.0,60,52090.0,71,52130.0,39,52080.0,42,52140.0,56,52070.0,71,52150.0,53,52060.0,139
1597988522139500032,1597988522000000000,2020-08-21 13:42:02.000000,52100.0,52280.0,51820.0,52160.0,nan,52027.573,93404,24297917000.0,119141,52110.0,47,52100.0,23,52120.0,60,52090.0,71,52130.0,39,52080.0,42,52140.0,56,52070.0,71,52150.0,53,52060.0,139
1597988522640271872,1597988522500000000,2020-08-21 13:42:02.500000,52100.0,52280.0,51820.0,52160.0,nan,52027.573,93404,24297917000.0,119141,52110.0,46,52100.0,23,52120.0,60,52090.0,71,52130.0,39,52080.0,42,52140.0,56,52070.0,71,52150.0,53,52060.0,139
1597988523139200000,1597988523000000000,2020-08-21 13:42:03.000000,52100.0,52280.0,51820.0,52160.0,nan,52027.573,93404,24297917000.0,119141,52110.0,47,52100.0,23,52120.0,60,52090.0,71,52130.0,39,52080.0,42,52140.0,56,52070.0,71,52150.0,53,52060.0,139
1597988525110146048,1597988525000000000,2020-08-21 13:42:05.000000,52100.0,52280.0,51820.0,52160.0,nan,52027.573,93404,24297917000.0,119141,52110.0,47,52100.0,23,52120.0,61,52090.0,71,52130.0,39,52080.0,42,52140.0,56,52070.0,71,52150.0,53,52060.0,139
1597988525624323072,1597988525500000000,2020-08-21 13:42:05.500000,52100.0,52280.0,51820.0,52160.0,nan,52027.573,93404,24297917000.0,119141,52110.0,46,52100.0,23,52120.0,61,52090.0,71,52130.0,39,52080.0,42,52140.0,56,52070.0,71,52150.0,53,52060.0,139
1597988530630413056,1597988530500000000,2020-08-21 13:42:10.500000,52100.0,52280.0,51820.0,52160.0,nan,52027.575,93407,24298698500.0,119140,52110.0,46,52100.0,20,52120.0,61,52090.0,71,52130.0,39,52080.0,42,52140.0,56,52070.0,71,52150.0,53,52060.0,139
1597988531620040960,1597988531500000000,2020-08-21 13:42:11.500000,52100.0,52280.0,51820.0,52160.0,nan,52027.575,93407,24298698500.0,119140,52110.0,47,52100.0,22,52120.0,61,52090.0,71,52130.0,39,52080.0,42,52140.0,56,52070.0,71,52150.0,53,52060.0,139
1597988532108694016,1597988532000000000,2020-08-21 13:42:12.000000,52100.0,52280.0,51820.0,52160.0,nan,52027.575,93407,24298698500.0,119140,52110.0,46,52100.0,22,52120.0,61,52090.0,71,52130.0,39,52080.0,42,52140.0,56,52070.0,71,52150.0,53,52060.0,139
1597988533120386048,1597988533000000000,2020-08-21 13:42:13.000000,52100.0,52280.0,51820.0,52160.0,nan,52027.575,93407,24298698500.0,119140,52110.0,46,52100.0,23,52120.0,61,52090.0,71,52130.0,39,52080.0,42,52140.0,56,52070.0,71,52150.0,53,52060.0,139
1597988534614415104,1597988534500000000,2020-08-21 13:42:14.500000,52100.0,52280.0,51820.0,52160.0,nan,52027.575,93407,24298698500.0,119140,52110.0,47,52100.0,23,52120.0,61,52090.0,71,52130.0,39,52080.0,42,52140.0,55,52070.0,71,52150.0,53,52060.0,139
1597988537598490880,1597988537500000000,2020-08-21 13:42:17.500000,52100.0,52280.0,51820.0,52160.0,nan,52027.593,93430,24304690000.0,119133,52110.0,47,52090.0,71,52120.0,61,52080.0,42,52130.0,39,52070.0,71,52140.0,55,52060.0,139,52150.0,53,52050.0,49
1597988538123025920,1597988538000000000,2020-08-21 13:42:18.000000,52100.0,52280.0,51820.0,52160.0,nan,52027.593,93430,24304690000.0,119133,52100.0,1,52090.0,70,52110.0,51,52080.0,42,52120.0,61,52070.0,71,52130.0,39,52060.0,139,52140.0,55,52050.0,49
1597988538603148032,1597988538500000000,2020-08-21 13:42:18.500000,52100.0,52280.0,51820.0,52160.0,nan,52027.593,93430,24304690000.0,119133,52100.0,10,52090.0,70,52110.0,51,52080.0,42,52120.0,61,52070.0,71,52130.0,39,52060.0,139,52140.0,55,52050.0,49
1597988539111826944,1597988539000000000,2020-08-21 13:42:19.000000,52100.0,52280.0,51820.0,52160.0,nan,52027.593,93430,24304690000.0,119133,52100.0,14,52090.0,70,52110.0,51,52080.0,42,52120.0,61,52070.0,71,52130.0,39,52060.0,139,52140.0,55,52050.0,49
1597988539651343872,1597988539500000000,2020-08-21 13:42:19.500000,52100.0,52280.0,51820.0,52160.0,nan,52027.594,93431,24304950500.0,119133,52100.0,13,52090.0,70,52110.0,51,52080.0,42,52120.0,61,52070.0,71,52130.0,39,52060.0,139,52140.0,55,52050.0,49
1597988540609953024,1597988540500000000,2020-08-21 13:42:20.500000,52100.0,52280.0,51820.0,52160.0,nan,52027.595,93433,24305471500.0,119133,52100.0,12,52090.0,70,52110.0,51,52080.0,42,52120.0,61,52070.0,71,52130.0,39,52060.0,139,52140.0,55,52050.0,49
1597988541138038016,1597988541000000000,2020-08-21 13:42:21.000000,52100.0,52280.0,51820.0,52160.0,nan,52027.596,93434,24305732000.0,119133,52100.0,11,52090.0,70,52110.0,49,52080.0,42,52120.0,61,52070.0,71,52130.0,39,52060.0,139,52140.0,55,52050.0,49
1597988542128040960,1597988542000000000,2020-08-21 13:42:22.000000,52100.0,52280.0,51820.0,52160.0,nan,52027.598,93437,24306513500.0,119134,52100.0,8,52090.0,70,52110.0,49,52080.0,42,52120.0,61,52070.0,71,52130.0,39,52060.0,139,52140.0,55,52050.0,49
1597988543119142912,1597988543000000000,2020-08-21 13:42:23.000000,52100.0,52280.0,51820.0,52160.0,nan,52027.602,93442,24307816000.0,119132,52100.0,3,52090.0,70,52110.0,50,52080.0,42,52120.0,61,52070.0,71,52130.0,39,52060.0,139,52140.0,55,52050.0,49
1597988543614110976,1597988543500000000,2020-08-21 13:42:23.500000,52100.0,52280.0,51820.0,52160.0,nan,52027.604,93445,24308597500.0,119133,52110.0,50,52090.0,70,52120.0,61,52080.0,42,52130.0,39,52070.0,71,52140.0,55,52060.0,139,52150.0,53,52050.0,49
1597988544116663040,1597988544000000000,2020-08-21 13:42:24.000000,52100.0,52280.0,51820.0,52160.0,nan,52027.604,93445,24308597500.0,119133,52110.0,52,52100.0,1,52120.0,61,52090.0,70,52130.0,39,52080.0,41,52140.0,55,52070.0,71,52150.0,53,52060.0,139
1597988544621509120,1597988544500000000,2020-08-21 13:42:24.500000,52100.0,52280.0,51820.0,52160.0,nan,52027.605,93446,24308858000.0,119132,52100.0,1,52090.0,70,52110.0,50,52080.0,41,52120.0,61,52070.0,71,52130.0,39,52060.0,139,52140.0,55,52050.0,49
1597988545150661120,1597988545000000000,2020-08-21 13:42:25.000000,52100.0,52280.0,51820.0,52160.0,nan,52027.607,93448,24309379000.0,119133,52110.0,48,52090.0,70,52120.0,61,52080.0,41,52130.0,39,52070.0,71,52140.0,55,52060.0,139,52150.0,53,52050.0,49
1597988545612441088,1597988545500000000,2020-08-21 13:42:25.500000,52100.0,52280.0,51820.0,52160.0,nan,52027.607,93448,24309379000.0,119133,52110.0,50,52090.0,70,52120.0,61,52080.0,41,52130.0,39,52070.0,71,52140.0,55,52060.0,139,52150.0,53,52050.0,49
1597988546129004032,1597988546000000000,2020-08-21 13:42:26.000000,52100.0,52280.0,51820.0,52160.0,nan,52027.607,93448,24309379000.0,119133,52110.0,50,52100.0,1,52120.0,61,52090.0,70,52130.0,39,52080.0,41,52140.0,55,52070.0,71,52150.0,53,52060.0,139
1597988546601211904,1597988546500000000,2020-08-21 13:42:26.500000,52100.0,52280.0,51820.0,52160.0,nan,52027.608,93449,24309639500.0,119134,52100.0,1,52090.0,70,52110.0,51,52080.0,41,52120.0,61,52070.0,71,52130.0,39,52060.0,139,52140.0,55,52050.0,49
1597988547152795904,1597988547000000000,2020-08-21 13:42:27.000000,52100.0,52280.0,51820.0,52160.0,nan,52027.608,93450,24309900000.0,119134,52110.0,49,52090.0,70,52120.0,61,52080.0,41,52130.0,39,52070.0,71,52140.0,55,52060.0,139,52150.0,53,52050.0,49
1597988547616040960,1597988547500000000,2020-08-21 13:42:27.500000,52100.0,52280.0,51820.0,52160.0,nan,52027.608,93450,24309900000.0,119134,52110.0,51,52090.0,70,52120.0,61,52080.0,41,52130.0,39,52070.0,71,52140.0,55,52060.0,139,52150.0,53,52050.0,49
1597988548110355968,1597988548000000000,2020-08-21 13:42:28.000000,52100.0,52280.0,51820.0,52160.0,nan,52027.608,93450,24309900000.0,119134,52110.0,54,52090.0,77,52120.0,61,52080.0,41,52130.0,39,52070.0,71,52140.0,55,52060.0,139,52150.0,53,52050.0,49
1597988548620041984,1597988548500000000,2020-08-21 13:42:28.500000,52090.0,52280.0,51820.0,52160.0,nan,52027.609,93451,24310160450.0,119135,52110.0,54,52090.0,76,52120.0,61,52080.0,41,52130.0,39,52070.0,71,52140.0,55,52060.0,139,52150.0,53,52050.0,49
1597988551130892032,1597988551000000000,2020-08-21 13:42:31.000000,52090.0,52280.0,51820.0,52160.0,nan,52027.609,93451,24310160450.0,119135,52100.0,20,52090.0,76,52110.0,54,52080.0,41,52120.0,61,52070.0,71,52130.0,39,52060.0,139,52140.0,55,52050.0,49
1597988551620579072,1597988551500000000,2020-08-21 13:42:31.500000,52090.0,52280.0,51820.0,52160.0,nan,52027.609,93451,24310160450.0,119135,52100.0,21,52090.0,76,52110.0,55,52080.0,41,52120.0,61,52070.0,71,52130.0,39,52060.0,139,52140.0,55,52050.0,49
1597988554134916096,1597988554000000000,2020-08-21 13:42:34.000000,52090.0,52280.0,51820.0,52160.0,nan,52027.609,93451,24310160450.0,119135,52100.0,22,52090.0,76,52110.0,55,52080.0,41,52120.0,61,52070.0,71,52130.0,39,52060.0,139,52140.0,55,52050.0,49
1597988554614754048,1597988554500000000,2020-08-21 13:42:34.500000,52090.0,52280.0,51820.0,52160.0,nan,52027.609,93451,24310160450.0,119135,52100.0,24,52090.0,76,52110.0,55,52080.0,41,52120.0,61,52070.0,71,52130.0,39,52060.0,139,52140.0,55,52050.0,49
1597988558642033920,1597988558500000000,2020-08-21 13:42:38.500000,52090.0,52280.0,51820.0,52160.0,nan,52027.609,93451,24310160450.0,119135,52100.0,36,52090.0,71,52110.0,55,52080.0,39,52120.0,61,52070.0,71,52130.0,39,52060.0,139,52140.0,55,52050.0,49
1597988559114534912,1597988559000000000,2020-08-21 13:42:39.000000,52090.0,52280.0,51820.0,52160.0,nan,52027.609,93451,24310160450.0,119135,52100.0,36,52090.0,72,52110.0,57,52080.0,39,52120.0,61,52070.0,71,52130.0,39,52060.0,139,52140.0,55,52050.0,49
1597988560125050112,1597988560000000000,2020-08-21 13:42:40.000000,52090.0,52280.0,51820.0,52160.0,nan,52027.609,93451,24310160450.0,119135,52100.0,36,52090.0,73,52110.0,57,52080.0,39,52120.0,61,52070.0,71,52130.0,39,52060.0,139,52140.0,55,52050.0,49
1597988560610661888,1597988560500000000,2020-08-21 13:42:40.500000,52090.0,52280.0,51820.0,52160.0,nan,52027.609,93451,24310160450.0,119135,52100.0,36,52090.0,73,52110.0,56,52080.0,39,52120.0,60,52070.0,71,52130.0,39,52060.0,139,52140.0,55,52050.0,49
1597988561138621952,1597988561000000000,2020-08-21 13:42:41.000000,52090.0,52280.0,51820.0,52160.0,nan,52027.609,93451,24310160450.0,119135,52100.0,36,52090.0,81,52110.0,56,52080.0,39,52120.0,60,52070.0,71,52130.0,39,52060.0,139,52140.0,55,52050.0,49
1597988561611368960,1597988561500000000,2020-08-21 13:42:41.500000,52090.0,52280.0,51820.0,52160.0,nan,52027.609,93451,24310160450.0,119135,52100.0,35,52090.0,81,52110.0,56,52080.0,37,52120.0,60,52070.0,73,52130.0,39,52060.0,139,52140.0,55,52050.0,49
1597988562624378112,1597988562500000000,2020-08-21 13:42:42.500000,52090.0,52280.0,51820.0,52160.0,nan,52027.61,93452,24310420900.0,119134,52100.0,35,52090.0,80,52110.0,56,52080.0,37,52120.0,60,52070.0,73,52130.0,39,52060.0,139,52140.0,55,52050.0,49
1597988563107499008,1597988563000000000,2020-08-21 13:42:43.000000,52090.0,52280.0,51820.0,52160.0,nan,52027.61,93452,24310420900.0,119134,52100.0,36,52090.0,81,52110.0,56,52080.0,37,52120.0,60,52070.0,73,52130.0,39,52060.0,139,52140.0,55,52050.0,49
1597988564620005120,1597988564500000000,2020-08-21 13:42:44.500000,52090.0,52280.0,51820.0,52160.0,nan,52027.61,93452,24310420900.0,119134,52100.0,37,52090.0,81,52110.0,56,52080.0,37,52120.0,60,52070.0,73,52130.0,39,52060.0,139,52140.0,55,52050.0,49
1597988565112304896,1597988565000000000,2020-08-21 13:42:45.000000,52090.0,52280.0,51820.0,52160.0,nan,52027.61,93452,24310420900.0,119134,52100.0,38,52090.0,80,52110.0,56,52080.0,37,52120.0,60,52070.0,73,52130.0,39,52060.0,139,52140.0,55,52050.0,49
1597988565617178880,1597988565500000000,2020-08-21 13:42:45.500000,52090.0,52280.0,51820.0,52160.0,nan,52027.61,93452,24310420900.0,119134,52100.0,42,52090.0,82,52110.0,56,52080.0,37,52120.0,60,52070.0,73,52130.0,39,52060.0,139,52140.0,55,52050.0,49
1597988566126405888,1597988566000000000,2020-08-21 13:42:46.000000,52090.0,52280.0,51820.0,52160.0,nan,52027.61,93452,24310420900.0,119134,52100.0,42,52090.0,80,52110.0,56,52080.0,37,52120.0,60,52070.0,73,52130.0,39,52060.0,139,52140.0,55,52050.0,49
1597988567136073984,1597988567000000000,2020-08-21 13:42:47.000000,52090.0,52280.0,51820.0,52160.0,nan,52027.61,93452,24310420900.0,119134,52100.0,42,52090.0,81,52110.0,56,52080.0,37,52120.0,60,52070.0,73,52130.0,39,52060.0,139,52140.0,55,52050.0,49
1597988567622728960,1597988567500000000,2020-08-21 13:42:47.500000,52090.0,52280.0,51820.0,52160.0,nan,52027.663,93532,24331256900.0,119105,52100.0,42,52090.0,1,52110.0,56,52080.0,37,52120.0,60,52070.0,73,52130.0,39,52060.0,139,52140.0,55,52050.0,49
1597988568115312896,1597988568000000000,2020-08-21 13:42:48.000000,52090.0,52280.0,51820.0,52160.0,nan,52027.678,93554,24336986800.0,119115,52100.0,55,52090.0,13,52110.0,56,52080.0,35,52120.0,60,52070.0,73,52130.0,39,52060.0,139,52140.0,55,52050.0,49
1597988568622106880,1597988568500000000,2020-08-21 13:42:48.500000,52090.0,52280.0,51820.0,52160.0,nan,52027.689,93571,24341414450.0,119118,52090.0,34,52080.0,35,52100.0,56,52070.0,73,52110.0,60,52060.0,139,52120.0,61,52050.0,49,52130.0,39,52040.0,59
1597988569119860992,1597988569000000000,2020-08-21 13:42:49.000000,52090.0,52280.0,51820.0,52160.0,nan,52027.69,93572,24341674900.0,119118,52090.0,51,52080.0,39,52100.0,53,52070.0,70,52110.0,60,52060.0,140,52120.0,61,52050.0,53,52130.0,39,52040.0,59
1597988569617146112,1597988569500000000,2020-08-21 13:42:49.500000,52090.0,52280.0,51820.0,52160.0,nan,52027.69,93572,24341674900.0,119118,52090.0,52,52080.0,45,52100.0,53,52070.0,70,52110.0,60,52060.0,140,52120.0,60,52050.0,53,52130.0,39,52040.0,59
1597988570133797888,1597988570000000000,2020-08-21 13:42:50.000000,52090.0,52280.0,51820.0,52160.0,nan,52027.69,93572,24341674900.0,119118,52090.0,51,52080.0,45,52100.0,53,52070.0,70,52110.0,60,52060.0,140,52120.0,60,52050.0,53,52130.0,39,52040.0,59
1597988571138161920,1597988571000000000,2020-08-21 13:42:51.000000,52090.0,52280.0,51820.0,52160.0,nan,52027.69,93572,24341674900.0,119118,52090.0,52,52080.0,45,52100.0,53,52070.0,70,52110.0,60,52060.0,140,52120.0,60,52050.0,53,52130.0,39,52040.0,59
1597988572129958912,1597988572000000000,2020-08-21 13:42:52.000000,52090.0,52280.0,51820.0,52160.0,nan,52027.69,93572,24341674900.0,119118,52090.0,52,52080.0,45,52100.0,53,52070.0,70,52110.0,61,52060.0,140,52120.0,60,52050.0,53,52130.0,39,52040.0,59
1597988572614338048,1597988572500000000,2020-08-21 13:42:52.500000,52090.0,52280.0,51820.0,52160.0,nan,52027.691,93574,24342195800.0,119119,52090.0,50,52080.0,45,52100.0,53,52070.0,70,52110.0,61,52060.0,140,52120.0,60,52050.0,53,52130.0,39,52040.0,59
1597988573111853056,1597988573000000000,2020-08-21 13:42:53.000000,52090.0,52280.0,51820.0,52160.0,nan,52027.691,93574,24342195800.0,119119,52090.0,50,52080.0,45,52100.0,56,52070.0,70,52110.0,58,52060.0,140,52120.0,60,52050.0,53,52130.0,39,52040.0,59
1597988573632350976,1597988573500000000,2020-08-21 13:42:53.500000,52090.0,52280.0,51820.0,52160.0,nan,52027.691,93574,24342195800.0,119119,52090.0,50,52080.0,45,52100.0,56,52070.0,70,52110.0,58,52060.0,140,52120.0,59,52050.0,53,52130.0,39,52040.0,59
1597988574126416896,1597988574000000000,2020-08-21 13:42:54.000000,52090.0,52280.0,51820.0,52160.0,nan,52027.691,93574,24342195800.0,119119,52090.0,51,52080.0,45,52100.0,56,52070.0,70,52110.0,58,52060.0,140,52120.0,59,52050.0,53,52130.0,39,52040.0,59
1597988576126787072,1597988576000000000,2020-08-21 13:42:56.000000,52090.0,52280.0,51820.0,52160.0,nan,52027.691,93574,24342195800.0,119119,52090.0,51,52080.0,45,52100.0,56,52070.0,71,52110.0,58,52060.0,140,52120.0,59,52050.0,53,52130.0,39,52040.0,59
1597988576605618944,1597988576500000000,2020-08-21 13:42:56.500000,52090.0,52280.0,51820.0,52160.0,nan,52027.691,93574,24342195800.0,119119,52090.0,52,52080.0,45,52100.0,56,52070.0,71,52110.0,58,52060.0,140,52120.0,59,52050.0,53,52130.0,39,52040.0,59
1597988577622372096,1597988577500000000,2020-08-21 13:42:57.500000,52080.0,52280.0,51820.0,52160.0,nan,52027.692,93575,24342456200.0,119119,52090.0,52,52080.0,44,52100.0,56,52070.0,71,52110.0,58,52060.0,140,52120.0,59,52050.0,53,52130.0,39,52040.0,59
1597988578112816896,1597988578000000000,2020-08-21 13:42:58.000000,52080.0,52280.0,51820.0,52160.0,nan,52027.692,93576,24342716600.0,119119,52090.0,54,52080.0,35,52100.0,57,52070.0,71,52110.0,58,52060.0,141,52120.0,59,52050.0,53,52130.0,39,52040.0,59
1597988578602807040,1597988578500000000,2020-08-21 13:42:58.500000,52080.0,52280.0,51820.0,52160.0,nan,52027.693,93577,24342977000.0,119120,52090.0,54,52080.0,34,52100.0,57,52070.0,71,52110.0,58,52060.0,141,52120.0,59,52050.0,53,52130.0,39,52040.0,59
1597988579121180928,1597988579000000000,2020-08-21 13:42:59.000000,52080.0,52280.0,51820.0,52160.0,nan,52027.694,93579,24343497800.0,119118,52090.0,54,52080.0,32,52100.0,57,52070.0,71,52110.0,58,52060.0,141,52120.0,59,52050.0,53,52130.0,39,52040.0,59
1597988581120154880,1597988581000000000,2020-08-21 13:43:01.000000,52090.0,52280.0,51820.0,52160.0,nan,52027.694,93580,24343758250.0,119119,52090.0,53,52080.0,32,52100.0,57,52070.0,71,52110.0,58,52060.0,141,52120.0,59,52050.0,53,52130.0,39,52040.0,59
1597988581639712000,1597988581500000000,2020-08-21 13:43:01.500000,52090.0,52280.0,51820.0,52160.0,nan,52027.694,93580,24343758250.0,119119,52090.0,57,52080.0,32,52100.0,56,52070.0,71,52110.0,58,52060.0,141,52120.0,59,52050.0,53,52130.0,39,52040.0,59
