local_nano_time,quote_nano_time,datetime,last_price,highest,lowest,open,close,average,volume,amount,open_interest,ask_price1,ask_volume1,bid_price1,bid_volume1,ask_price2,ask_volume2,bid_price2,bid_volume2,ask_price3,ask_volume3,bid_price3,bid_volume3,ask_price4,ask_volume4,bid_price4,bid_volume4,ask_price5,ask_volume5,bid_price5,bid_volume5
1597988226612603904,1597988226913000192,2020-08-21 13:37:06.913000,6150.0,6188.0,6052.0,6138.0,nan,6118.125,2241851,205738864335.0,590892,6150.0,28,6149.0,57,6151.0,161,6148.0,131,6152.0,230,6147.0,214,6153.0,132,6146.0,187,6154.0,86,6145.0,315
1597988227104950016,1597988227436000000,2020-08-21 13:37:07.436000,6150.0,6188.0,6052.0,6138.0,nan,6118.125,2241857,205739417760.0,590893,6150.0,30,6149.0,52,6151.0,161,6148.0,131,6152.0,230,6147.0,212,6153.0,132,6146.0,187,6154.0,86,6145.0,310
1597988227610382080,1597988227936000000,2020-08-21 13:37:07.936000,6149.0,6188.0,6052.0,6138.0,nan,6118.125,2241865,205740155745.0,590892,6150.0,26,6149.0,55,6151.0,162,6148.0,130,6152.0,230,6147.0,212,6153.0,132,6146.0,187,6154.0,86,6145.0,310
1597988228104743936,1597988228427000064,2020-08-21 13:37:08.427000,6150.0,6188.0,6052.0,6138.0,nan,6118.125,2241882,205741723995.0,590909,6150.0,13,6149.0,55,6151.0,162,6148.0,130,6152.0,230,6147.0,212,6153.0,132,6146.0,187,6154.0,86,6145.0,310
1597988228619808000,1597988228901999872,2020-08-21 13:37:08.902000,6149.0,6188.0,6052.0,6138.0,nan,6118.125,2241889,205742369685.0,590911,6150.0,27,6149.0,60,6151.0,161,6148.0,131,6152.0,230,6147.0,212,6153.0,132,6146.0,187,6154.0,86,6145.0,309
1597988229117434880,1597988229431000064,2020-08-21 13:37:09.431000,6149.0,6188.0,6052.0,6138.0,nan,6118.125,2241889,205742369685.0,590911,6150.0,30,6149.0,68,6151.0,161,6148.0,131,6152.0,231,6147.0,209,6153.0,132,6146.0,187,6154.0,86,6145.0,309
1597988229618670080,1597988229932000000,2020-08-21 13:37:09.932000,6150.0,6188.0,6052.0,6138.0,nan,6118.126,2241903,205743661170.0,590914,6150.0,18,6149.0,69,6151.0,162,6148.0,131,6152.0,231,6147.0,209,6153.0,132,6146.0,187,6154.0,86,6145.0,311
1597988230137366016,1597988230432000000,2020-08-21 13:37:10.432000,6150.0,6188.0,6052.0,6138.0,nan,6118.126,2241912,205744491420.0,590914,6150.0,17,6149.0,74,6151.0,162,6148.0,131,6152.0,231,6147.0,208,6153.0,132,6146.0,186,6154.0,86,6145.0,312
1597988230616271872,1597988230935000064,2020-08-21 13:37:10.935000,6150.0,6188.0,6052.0,6138.0,nan,6118.126,2241932,205746336420.0,590927,6150.0,1,6149.0,76,6151.0,162,6148.0,131,6152.0,231,6147.0,208,6153.0,132,6146.0,185,6154.0,86,6145.0,312
1597988231125032960,1597988231436999936,2020-08-21 13:37:11.437000,6150.0,6188.0,6052.0,6138.0,nan,6118.126,2241938,205746889920.0,590926,6151.0,162,6150.0,22,6152.0,231,6149.0,76,6153.0,132,6148.0,131,6154.0,86,6147.0,208,6155.0,260,6146.0,185
1597988231621541120,1597988231910000128,2020-08-21 13:37:11.910000,6151.0,6188.0,6052.0,6138.0,nan,6118.126,2241940,205747074435.0,590925,6151.0,161,6150.0,22,6152.0,231,6149.0,76,6153.0,132,6148.0,133,6154.0,86,6147.0,208,6155.0,260,6146.0,185
1597988232113415936,1597988232423000064,2020-08-21 13:37:12.423000,6151.0,6188.0,6052.0,6138.0,nan,6118.126,2241947,205747720215.0,590927,6151.0,162,6150.0,25,6152.0,231,6149.0,76,6153.0,132,6148.0,133,6154.0,86,6147.0,208,6155.0,261,6146.0,185
1597988232620680960,1597988232932000000,2020-08-21 13:37:12.932000,6150.0,6188.0,6052.0,6138.0,nan,6118.126,2241950,205747996965.0,590925,6151.0,161,6150.0,33,6152.0,231,6149.0,75,6153.0,134,6148.0,136,6154.0,86,6147.0,208,6155.0,261,6146.0,185
1597988233120279040,1597988233405999872,2020-08-21 13:37:13.406000,6151.0,6188.0,6052.0,6138.0,nan,6118.127,2241984,205751133540.0,590929,6151.0,156,6150.0,19,6152.0,231,6149.0,75,6153.0,134,6148.0,137,6154.0,86,6147.0,208,6155.0,261,6146.0,185
1597988233617583104,1597988233912000000,2020-08-21 13:37:13.912000,6151.0,6188.0,6052.0,6138.0,nan,6118.127,2241998,205752425175.0,590927,6151.0,151,6150.0,20,6152.0,231,6149.0,75,6153.0,134,6148.0,138,6154.0,86,6147.0,208,6155.0,261,6146.0,185
1597988234140576000,1597988234427000064,2020-08-21 13:37:14.427000,6150.0,6188.0,6052.0,6138.0,nan,6118.127,2242001,205752701925.0,590928,6151.0,150,6150.0,26,6152.0,231,6149.0,80,6153.0,134,6148.0,138,6154.0,86,6147.0,208,6155.0,261,6146.0,185
1597988234623727104,1597988234937999872,2020-08-21 13:37:14.938000,6151.0,6188.0,6052.0,6138.0,nan,6118.127,2242004,205752978690.0,590929,6151.0,149,6150.0,24,6152.0,231,6149.0,79,6153.0,134,6148.0,188,6154.0,86,6147.0,208,6155.0,261,6146.0,185
1597988235130789120,1597988235413000192,2020-08-21 13:37:15.413000,6151.0,6188.0,6052.0,6138.0,nan,6118.127,2242011,205753624500.0,590928,6151.0,145,6150.0,23,6152.0,229,6149.0,78,6153.0,135,6148.0,188,6154.0,86,6147.0,209,6155.0,263,6146.0,185
1597988235624696064,1597988235905999872,2020-08-21 13:37:15.906000,6151.0,6188.0,6052.0,6138.0,nan,6118.127,2242025,205754916150.0,590930,6151.0,138,6150.0,20,6152.0,230,6149.0,77,6153.0,135,6148.0,188,6154.0,86,6147.0,208,6155.0,264,6146.0,188
1597988236114763008,1597988236432000000,2020-08-21 13:37:16.432000,6150.0,6188.0,6052.0,6138.0,nan,6118.127,2242030,205755377400.0,590927,6151.0,140,6150.0,15,6152.0,231,6149.0,77,6153.0,135,6148.0,188,6154.0,86,6147.0,208,6155.0,264,6146.0,188
1597988236618241024,1597988236918999808,2020-08-21 13:37:16.919000,6150.0,6188.0,6052.0,6138.0,nan,6118.127,2242030,205755377400.0,590927,6151.0,140,6150.0,16,6152.0,235,6149.0,77,6153.0,135,6148.0,188,6154.0,86,6147.0,208,6155.0,264,6146.0,188
1597988237112602112,1597988237435000064,2020-08-21 13:37:17.435000,6150.0,6188.0,6052.0,6138.0,nan,6118.127,2242030,205755377400.0,590927,6151.0,140,6150.0,17,6152.0,234,6149.0,77,6153.0,135,6148.0,189,6154.0,86,6147.0,207,6155.0,264,6146.0,189
1597988237627220992,1597988237934000128,2020-08-21 13:37:17.934000,6150.0,6188.0,6052.0,6138.0,nan,6118.128,2242056,205757775930.0,590912,6150.0,5,6149.0,78,6151.0,151,6148.0,189,6152.0,234,6147.0,204,6153.0,135,6146.0,189,6154.0,86,6145.0,315
1597988238114096128,1597988238430000128,2020-08-21 13:37:18.430000,6150.0,6188.0,6052.0,6138.0,nan,6118.128,2242086,205760543430.0,590934,6150.0,3,6149.0,77,6151.0,146,6148.0,189,6152.0,235,6147.0,204,6153.0,135,6146.0,189,6154.0,86,6145.0,315
1597988238621861120,1597988238932000000,2020-08-21 13:37:18.932000,6150.0,6188.0,6052.0,6138.0,nan,6118.128,2242093,205761189165.0,590928,6150.0,10,6149.0,76,6151.0,147,6148.0,190,6152.0,235,6147.0,204,6153.0,135,6146.0,189,6154.0,86,6145.0,315
1597988239114629888,1597988239420999936,2020-08-21 13:37:19.421000,6150.0,6188.0,6052.0,6138.0,nan,6118.128,2242098,205761650415.0,590931,6150.0,17,6149.0,77,6151.0,148,6148.0,191,6152.0,237,6147.0,204,6153.0,135,6146.0,189,6154.0,86,6145.0,316
1597988239615057920,1597988239932000000,2020-08-21 13:37:19.932000,6149.0,6188.0,6052.0,6138.0,nan,6118.129,2242180,205769213715.0,590968,6149.0,20,6148.0,190,6150.0,37,6147.0,203,6151.0,149,6146.0,189,6152.0,237,6145.0,316,6153.0,135,6144.0,267
1597988240125076992,1597988240416999936,2020-08-21 13:37:20.417000,6149.0,6188.0,6052.0,6138.0,nan,6118.13,2242210,205771980690.0,590971,6149.0,5,6148.0,318,6150.0,47,6147.0,209,6151.0,149,6146.0,189,6152.0,239,6145.0,316,6153.0,135,6144.0,267
1597988240609411072,1597988240916000000,2020-08-21 13:37:20.916000,6150.0,6188.0,6052.0,6138.0,nan,6118.13,2242218,205772718585.0,590971,6150.0,49,6149.0,28,6151.0,149,6148.0,320,6152.0,239,6147.0,210,6153.0,135,6146.0,189,6154.0,86,6145.0,316
1597988241126362880,1597988241423000064,2020-08-21 13:37:21.423000,6150.0,6188.0,6052.0,6138.0,nan,6118.131,2242262,205776776955.0,590944,6150.0,108,6148.0,185,6151.0,150,6147.0,210,6152.0,239,6146.0,189,6153.0,135,6145.0,316,6154.0,86,6144.0,268
1597988241631405056,1597988241936000000,2020-08-21 13:37:21.936000,6149.0,6188.0,6052.0,6138.0,nan,6118.131,2242263,205776869190.0,590945,6149.0,7,6148.0,181,6150.0,128,6147.0,207,6151.0,150,6146.0,189,6152.0,239,6145.0,314,6153.0,135,6144.0,268
1597988242124738048,1597988242423000064,2020-08-21 13:37:22.423000,6149.0,6188.0,6052.0,6138.0,nan,6118.131,2242274,205777883685.0,590938,6149.0,56,6148.0,171,6150.0,129,6147.0,206,6151.0,150,6146.0,189,6152.0,239,6145.0,314,6153.0,136,6144.0,269
1597988242617731072,1597988242935000064,2020-08-21 13:37:22.935000,6149.0,6188.0,6052.0,6138.0,nan,6118.131,2242278,205778252625.0,590939,6149.0,73,6148.0,170,6150.0,131,6147.0,206,6151.0,150,6146.0,189,6152.0,239,6145.0,314,6153.0,135,6144.0,269
1597988243118319104,1597988243432000000,2020-08-21 13:37:23.432000,6148.0,6188.0,6052.0,6138.0,nan,6118.131,2242280,205778437080.0,590940,6149.0,79,6148.0,174,6150.0,133,6147.0,206,6151.0,150,6146.0,189,6152.0,238,6145.0,314,6153.0,135,6144.0,269
1597988243612955904,1597988243917999872,2020-08-21 13:37:23.918000,6149.0,6188.0,6052.0,6138.0,nan,6118.131,2242287,205779082725.0,590934,6149.0,72,6148.0,180,6150.0,148,6147.0,206,6151.0,150,6146.0,189,6152.0,238,6145.0,314,6153.0,135,6144.0,269
1597988244111683072,1597988244433000192,2020-08-21 13:37:24.433000,6149.0,6188.0,6052.0,6138.0,nan,6118.131,2242312,205781388600.0,590950,6149.0,48,6148.0,181,6150.0,148,6147.0,206,6151.0,150,6146.0,189,6152.0,239,6145.0,314,6153.0,135,6144.0,269
1597988244626675968,1597988244932000000,2020-08-21 13:37:24.932000,6148.0,6188.0,6052.0,6138.0,nan,6118.132,2242332,205783233180.0,590942,6149.0,46,6148.0,173,6150.0,148,6147.0,206,6151.0,151,6146.0,189,6152.0,239,6145.0,314,6153.0,134,6144.0,269
1597988245132500992,1597988245427000064,2020-08-21 13:37:25.427000,6148.0,6188.0,6052.0,6138.0,nan,6118.132,2242337,205783694340.0,590939,6149.0,42,6148.0,172,6150.0,149,6147.0,207,6151.0,151,6146.0,189,6152.0,239,6145.0,314,6153.0,134,6144.0,269
1597988245624666880,1597988245882999808,2020-08-21 13:37:25.883000,6149.0,6188.0,6052.0,6138.0,nan,6118.132,2242343,205784247750.0,590940,6149.0,36,6148.0,174,6150.0,149,6147.0,207,6151.0,151,6146.0,189,6152.0,239,6145.0,314,6153.0,124,6144.0,269
1597988246151936000,1597988246423000064,2020-08-21 13:37:26.423000,6148.0,6188.0,6052.0,6138.0,nan,6118.132,2242360,205785815655.0,590937,6149.0,25,6148.0,168,6150.0,150,6147.0,207,6151.0,150,6146.0,189,6152.0,239,6145.0,314,6153.0,124,6144.0,269
1597988246657389056,1597988246932000000,2020-08-21 13:37:26.932000,6149.0,6188.0,6052.0,6138.0,nan,6118.132,2242373,205787014620.0,590935,6149.0,18,6148.0,162,6150.0,150,6147.0,207,6151.0,150,6146.0,190,6152.0,240,6145.0,314,6153.0,124,6144.0,269
1597988247124910080,1597988247436999936,2020-08-21 13:37:27.437000,6149.0,6188.0,6052.0,6138.0,nan,6118.132,2242378,205787475780.0,590938,6149.0,15,6148.0,157,6150.0,150,6147.0,207,6151.0,151,6146.0,190,6152.0,240,6145.0,313,6153.0,124,6144.0,269
1597988247623361024,1597988247912000000,2020-08-21 13:37:27.912000,6148.0,6188.0,6052.0,6138.0,nan,6118.132,2242383,205787936895.0,590938,6149.0,15,6148.0,155,6150.0,151,6147.0,207,6151.0,151,6146.0,191,6152.0,240,6145.0,313,6153.0,123,6144.0,269
1597988248150099968,1597988248420999936,2020-08-21 13:37:28.421000,6149.0,6188.0,6052.0,6138.0,nan,6118.132,2242396,205789135935.0,590940,6149.0,21,6148.0,154,6150.0,151,6147.0,204,6151.0,161,6146.0,192,6152.0,240,6145.0,313,6153.0,123,6144.0,269
1597988248635421952,1597988248938999808,2020-08-21 13:37:28.939000,6149.0,6188.0,6052.0,6138.0,nan,6118.133,2242443,205793470440.0,590961,6149.0,10,6148.0,121,6150.0,152,6147.0,204,6151.0,161,6146.0,192,6152.0,240,6145.0,312,6153.0,123,6144.0,269
1597988249113953024,1597988249420000000,2020-08-21 13:37:29.420000,6148.0,6188.0,6052.0,6138.0,nan,6118.133,2242447,205793839365.0,590960,6149.0,46,6148.0,72,6150.0,152,6147.0,202,6151.0,160,6146.0,195,6152.0,229,6145.0,312,6153.0,123,6144.0,269
1597988249612160000,1597988249930000128,2020-08-21 13:37:29.930000,6149.0,6188.0,6052.0,6138.0,nan,6118.133,2242464,205795407195.0,590954,6149.0,100,6148.0,78,6150.0,163,6147.0,253,6151.0,160,6146.0,195,6152.0,229,6145.0,332,6153.0,123,6144.0,269
1597988250138670080,1597988250435000064,2020-08-21 13:37:30.435000,6148.0,6188.0,6052.0,6138.0,nan,6118.133,2242468,205795776090.0,590956,6149.0,111,6148.0,77,6150.0,163,6147.0,253,6151.0,160,6146.0,195,6152.0,229,6145.0,332,6153.0,124,6144.0,269
1597988250629189888,1597988250933000192,2020-08-21 13:37:30.933000,6148.0,6188.0,6052.0,6138.0,nan,6118.133,2242474,205796329410.0,590958,6149.0,111,6148.0,71,6150.0,163,6147.0,253,6151.0,160,6146.0,195,6152.0,228,6145.0,332,6153.0,122,6144.0,269
1597988251129203968,1597988251436000000,2020-08-21 13:37:31.436000,6148.0,6188.0,6052.0,6138.0,nan,6118.134,2242486,205797436200.0,590958,6149.0,101,6148.0,69,6150.0,163,6147.0,253,6151.0,160,6146.0,195,6152.0,227,6145.0,332,6153.0,122,6144.0,269
1597988251612731904,1597988251914000128,2020-08-21 13:37:31.914000,6148.0,6188.0,6052.0,6138.0,nan,6118.134,2242491,205797897300.0,590962,6149.0,102,6148.0,64,6150.0,163,6147.0,253,6151.0,150,6146.0,195,6152.0,227,6145.0,331,6153.0,122,6144.0,269
1597988252117692928,1597988252421999872,2020-08-21 13:37:32.422000,6148.0,6188.0,6052.0,6138.0,nan,6118.134,2242518,205800387240.0,590961,6149.0,55,6148.0,40,6150.0,175,6147.0,253,6151.0,150,6146.0,198,6152.0,227,6145.0,331,6153.0,123,6144.0,269
1597988252609137920,1597988252933000192,2020-08-21 13:37:32.933000,6148.0,6188.0,6052.0,6138.0,nan,6118.134,2242533,205801770540.0,590971,6149.0,59,6148.0,37,6150.0,185,6147.0,252,6151.0,150,6146.0,197,6152.0,227,6145.0,321,6153.0,113,6144.0,269
1597988253110038016,1597988253424000000,2020-08-21 13:37:33.424000,6149.0,6188.0,6052.0,6138.0,nan,6118.134,2242536,205802047230.0,590970,6149.0,60,6148.0,39,6150.0,185,6147.0,252,6151.0,150,6146.0,197,6152.0,227,6145.0,321,6153.0,113,6144.0,269
1597988253611329024,1597988253898999808,2020-08-21 13:37:33.899000,6149.0,6188.0,6052.0,6138.0,nan,6118.134,2242542,205802600625.0,590970,6149.0,55,6148.0,39,6150.0,185,6147.0,253,6151.0,150,6146.0,197,6152.0,227,6145.0,321,6153.0,113,6144.0,269
1597988254116555008,1597988254438999808,2020-08-21 13:37:34.439000,6149.0,6188.0,6052.0,6138.0,nan,6118.134,2242547,205803061800.0,590969,6149.0,52,6148.0,44,6150.0,185,6147.0,253,6151.0,150,6146.0,197,6152.0,227,6145.0,321,6153.0,113,6144.0,269
1597988254621602048,1597988254935000064,2020-08-21 13:37:34.935000,6149.0,6188.0,6052.0,6138.0,nan,6118.134,2242548,205803154035.0,590969,6149.0,54,6148.0,49,6150.0,186,6147.0,253,6151.0,147,6146.0,204,6152.0,227,6145.0,321,6153.0,108,6144.0,269
1597988255104132096,1597988255433000192,2020-08-21 13:37:35.433000,6149.0,6188.0,6052.0,6138.0,nan,6118.135,2242549,205803246270.0,590968,6149.0,55,6148.0,49,6150.0,186,6147.0,261,6151.0,147,6146.0,204,6152.0,228,6145.0,321,6153.0,108,6144.0,269
1597988255616707072,1597988255931000064,2020-08-21 13:37:35.931000,6149.0,6188.0,6052.0,6138.0,nan,6118.135,2242554,205803707445.0,590963,6149.0,51,6148.0,62,6150.0,191,6147.0,261,6151.0,147,6146.0,203,6152.0,228,6145.0,321,6153.0,108,6144.0,269
1597988256111525888,1597988256426000128,2020-08-21 13:37:36.426000,6149.0,6188.0,6052.0,6138.0,nan,6118.135,2242557,205803984150.0,590960,6149.0,55,6148.0,64,6150.0,191,6147.0,259,6151.0,146,6146.0,201,6152.0,228,6145.0,321,6153.0,108,6144.0,269
1597988256618456064,1597988256924999936,2020-08-21 13:37:36.925000,6149.0,6188.0,6052.0,6138.0,nan,6118.135,2242557,205803984150.0,590960,6149.0,56,6148.0,70,6150.0,192,6147.0,259,6151.0,146,6146.0,201,6152.0,228,6145.0,322,6153.0,108,6144.0,269
1597988257116363008,1597988257427000064,2020-08-21 13:37:37.427000,6148.0,6188.0,6052.0,6138.0,nan,6118.135,2242559,205804168590.0,590960,6149.0,57,6148.0,70,6150.0,186,6147.0,259,6151.0,146,6146.0,201,6152.0,228,6145.0,323,6153.0,108,6144.0,269
1597988257613383936,1597988257933000192,2020-08-21 13:37:37.933000,6149.0,6188.0,6052.0,6138.0,nan,6118.135,2242565,205804721970.0,590960,6149.0,54,6148.0,73,6150.0,192,6147.0,259,6151.0,147,6146.0,201,6152.0,228,6145.0,323,6153.0,108,6144.0,269
1597988258111525120,1597988258416999936,2020-08-21 13:37:38.417000,6148.0,6188.0,6052.0,6138.0,nan,6118.135,2242572,205805367540.0,590962,6149.0,52,6148.0,70,6150.0,192,6147.0,262,6151.0,147,6146.0,201,6152.0,229,6145.0,323,6153.0,108,6144.0,269
1597988258606254080,1597988258935000064,2020-08-21 13:37:38.935000,6149.0,6188.0,6052.0,6138.0,nan,6118.135,2242585,205806566595.0,590955,6149.0,39,6148.0,71,6150.0,192,6147.0,262,6151.0,147,6146.0,200,6152.0,229,6145.0,322,6153.0,108,6144.0,269
1597988259123959040,1597988259405999872,2020-08-21 13:37:39.406000,6149.0,6188.0,6052.0,6138.0,nan,6118.135,2242594,205807396710.0,590956,6149.0,29,6148.0,73,6150.0,192,6147.0,272,6151.0,147,6146.0,200,6152.0,229,6145.0,326,6153.0,108,6144.0,269
1597988259626149888,1597988259921999872,2020-08-21 13:37:39.922000,6148.0,6188.0,6052.0,6138.0,nan,6118.135,2242595,205807488930.0,590956,6149.0,29,6148.0,74,6150.0,191,6147.0,272,6151.0,147,6146.0,199,6152.0,229,6145.0,326,6153.0,108,6144.0,266
1597988260121611008,1597988260427000064,2020-08-21 13:37:40.427000,6148.0,6188.0,6052.0,6138.0,nan,6118.135,2242601,205808042250.0,590952,6149.0,30,6148.0,72,6150.0,191,6147.0,272,6151.0,146,6146.0,199,6152.0,229,6145.0,326,6153.0,108,6144.0,266
1597988260604656128,1597988260932000000,2020-08-21 13:37:40.932000,6149.0,6188.0,6052.0,6138.0,nan,6118.135,2242608,205808687895.0,590948,6149.0,28,6148.0,76,6150.0,191,6147.0,272,6151.0,148,6146.0,199,6152.0,229,6145.0,326,6153.0,108,6144.0,266
1597988261127589888,1597988261436000000,2020-08-21 13:37:41.436000,6149.0,6188.0,6052.0,6138.0,nan,6118.135,2242608,205808687895.0,590948,6149.0,29,6148.0,77,6150.0,204,6147.0,272,6151.0,148,6146.0,199,6152.0,229,6145.0,326,6153.0,108,6144.0,266
1597988261605458944,1597988261931000064,2020-08-21 13:37:41.931000,6149.0,6188.0,6052.0,6138.0,nan,6118.135,2242608,205808687895.0,590948,6149.0,39,6148.0,78,6150.0,200,6147.0,273,6151.0,149,6146.0,199,6152.0,229,6145.0,326,6153.0,107,6144.0,266
1597988262116408064,1597988262435000064,2020-08-21 13:37:42.435000,6148.0,6188.0,6052.0,6138.0,nan,6118.135,2242611,205808964555.0,590948,6149.0,39,6148.0,75,6150.0,200,6147.0,276,6151.0,149,6146.0,199,6152.0,229,6145.0,326,6153.0,107,6144.0,266
1597988262627472896,1597988262910000128,2020-08-21 13:37:42.910000,6148.0,6188.0,6052.0,6138.0,nan,6118.135,2242612,205809056775.0,590948,6149.0,41,6148.0,74,6150.0,200,6147.0,279,6151.0,151,6146.0,196,6152.0,230,6145.0,327,6153.0,107,6144.0,266
1597988263108404992,1597988263379000064,2020-08-21 13:37:43.379000,6149.0,6188.0,6052.0,6138.0,nan,6118.135,2242614,205809241230.0,590949,6149.0,50,6148.0,74,6150.0,200,6147.0,279,6151.0,151,6146.0,197,6152.0,230,6145.0,327,6153.0,107,6144.0,266
1597988263605472000,1597988263930000128,2020-08-21 13:37:43.930000,6148.0,6188.0,6052.0,6138.0,nan,6118.135,2242615,205809333450.0,590950,6149.0,51,6148.0,74,6150.0,201,6147.0,279,6151.0,151,6146.0,197,6152.0,230,6145.0,327,6153.0,107,6144.0,266
1597988264119764992,1597988264433000192,2020-08-21 13:37:44.433000,6149.0,6188.0,6052.0,6138.0,nan,6118.136,2242626,205810347945.0,590942,6149.0,50,6148.0,68,6150.0,201,6147.0,279,6151.0,152,6146.0,197,6152.0,230,6145.0,327,6153.0,106,6144.0,266
1597988264607825920,1597988264935000064,2020-08-21 13:37:44.935000,6149.0,6188.0,6052.0,6138.0,nan,6118.136,2242629,205810624620.0,590942,6149.0,51,6148.0,67,6150.0,201,6147.0,279,6151.0,152,6146.0,197,6152.0,230,6145.0,327,6153.0,105,6144.0,266
1597988265118189056,1597988265413000192,2020-08-21 13:37:45.413000,6148.0,6188.0,6052.0,6138.0,nan,6118.136,2242631,205810809060.0,590943,6149.0,51,6148.0,65,6150.0,202,6147.0,293,6151.0,153,6146.0,197,6152.0,230,6145.0,323,6153.0,105,6144.0,266
1597988265611214080,1597988265935000064,2020-08-21 13:37:45.935000,6148.0,6188.0,6052.0,6138.0,nan,6118.136,2242635,205811177940.0,590947,6149.0,55,6148.0,61,6150.0,202,6147.0,293,6151.0,153,6146.0,197,6152.0,230,6145.0,323,6153.0,105,6144.0,266
1597988266144975872,1597988266424999936,2020-08-21 13:37:46.425000,6149.0,6188.0,6052.0,6138.0,nan,6118.136,2242641,205811731350.0,590943,6149.0,52,6148.0,67,6150.0,204,6147.0,292,6151.0,153,6146.0,198,6152.0,230,6145.0,323,6153.0,105,6144.0,266
1597988266611086080,1597988266924000000,2020-08-21 13:37:46.924000,6148.0,6188.0,6052.0,6138.0,nan,6118.136,2242652,205812745920.0,590944,6149.0,42,6148.0,67,6150.0,204,6147.0,292,6151.0,153,6146.0,198,6152.0,230,6145.0,322,6153.0,105,6144.0,266
1597988267136989952,1597988267416999936,2020-08-21 13:37:47.417000,6147.0,6188.0,6052.0,6138.0,nan,6118.137,2242729,205819846650.0,590906,6149.0,50,6147.0,278,6150.0,204,6146.0,198,6151.0,153,6145.0,322,6152.0,230,6144.0,266,6153.0,105,6143.0,132
1597988267605984000,1597988267938999808,2020-08-21 13:37:47.939000,6149.0,6188.0,6052.0,6138.0,nan,6118.137,2242737,205820584395.0,590907,6149.0,68,6148.0,27,6150.0,216,6147.0,247,6151.0,152,6146.0,199,6152.0,230,6145.0,322,6153.0,95,6144.0,266
1597988268132996096,1597988268428999936,2020-08-21 13:37:48.429000,6148.0,6188.0,6052.0,6138.0,nan,6118.137,2242766,205823258775.0,590934,6149.0,79,6147.0,247,6150.0,217,6146.0,199,6151.0,152,6145.0,322,6152.0,230,6144.0,266,6153.0,95,6143.0,132
1597988268601767936,1597988268924999936,2020-08-21 13:37:48.925000,6149.0,6188.0,6052.0,6138.0,nan,6118.138,2242799,205826302470.0,590960,6149.0,54,6147.0,247,6150.0,217,6146.0,198,6151.0,152,6145.0,322,6152.0,230,6144.0,266,6153.0,95,6143.0,132
1597988269111243008,1597988269407000064,2020-08-21 13:37:49.407000,6148.0,6188.0,6052.0,6138.0,nan,6118.138,2242804,205826763585.0,590956,6148.0,1,6147.0,248,6149.0,53,6146.0,198,6150.0,217,6145.0,322,6151.0,152,6144.0,266,6152.0,230,6143.0,132
1597988269628004096,1597988269923000064,2020-08-21 13:37:49.923000,6148.0,6188.0,6052.0,6138.0,nan,6118.138,2242805,205826855805.0,590956,6148.0,4,6147.0,248,6149.0,53,6146.0,199,6150.0,215,6145.0,322,6151.0,151,6144.0,266,6152.0,230,6143.0,132
1597988270119117056,1597988270424000000,2020-08-21 13:37:50.424000,6148.0,6188.0,6052.0,6138.0,nan,6118.138,2242805,205826855805.0,590956,6148.0,14,6147.0,248,6149.0,64,6146.0,200,6150.0,215,6145.0,322,6151.0,151,6144.0,266,6152.0,230,6143.0,132
1597988270609275904,1597988270935000064,2020-08-21 13:37:50.935000,6147.0,6188.0,6052.0,6138.0,nan,6118.138,2242825,205828699905.0,590955,6148.0,24,6147.0,228,6149.0,65,6146.0,200,6150.0,213,6145.0,318,6151.0,151,6144.0,266,6152.0,230,6143.0,132
1597988271122597888,1597988271434000128,2020-08-21 13:37:51.434000,6148.0,6188.0,6052.0,6138.0,nan,6118.138,2242833,205829437650.0,590958,6148.0,32,6147.0,227,6149.0,66,6146.0,200,6150.0,217,6145.0,318,6151.0,151,6144.0,266,6152.0,227,6143.0,132
1597988271606379008,1597988271913000192,2020-08-21 13:37:51.913000,6148.0,6188.0,6052.0,6138.0,nan,6118.138,2242833,205829437650.0,590958,6148.0,38,6147.0,228,6149.0,66,6146.0,200,6150.0,218,6145.0,318,6151.0,151,6144.0,266,6152.0,227,6143.0,125
1597988272118629888,1597988272432000000,2020-08-21 13:37:52.432000,6148.0,6188.0,6052.0,6138.0,nan,6118.138,2242835,205829622090.0,590956,6148.0,37,6147.0,227,6149.0,66,6146.0,200,6150.0,218,6145.0,318,6151.0,151,6144.0,266,6152.0,227,6143.0,128
1597988272622280960,1597988272932000000,2020-08-21 13:37:52.932000,6147.0,6188.0,6052.0,6138.0,nan,6118.138,2242841,205830175350.0,590957,6148.0,36,6147.0,224,6149.0,66,6146.0,201,6150.0,218,6145.0,318,6151.0,150,6144.0,266,6152.0,227,6143.0,128
1597988273107156992,1597988273434000128,2020-08-21 13:37:53.434000,6148.0,6188.0,6052.0,6138.0,nan,6118.138,2242842,205830267570.0,590957,6148.0,35,6147.0,224,6149.0,67,6146.0,201,6150.0,222,6145.0,318,6151.0,150,6144.0,267,6152.0,226,6143.0,128
1597988273607558912,1597988273932000000,2020-08-21 13:37:53.932000,6147.0,6188.0,6052.0,6138.0,nan,6118.138,2242844,205830451980.0,590957,6148.0,40,6147.0,223,6149.0,67,6146.0,200,6150.0,212,6145.0,318,6151.0,150,6144.0,267,6152.0,221,6143.0,128
1597988274105417984,1597988274432000000,2020-08-21 13:37:54.432000,6148.0,6188.0,6052.0,6138.0,nan,6118.139,2242853,205831281915.0,590953,6148.0,37,6147.0,220,6149.0,67,6146.0,201,6150.0,212,6145.0,318,6151.0,150,6144.0,267,6152.0,221,6143.0,128
1597988274616611072,1597988274931000064,2020-08-21 13:37:54.931000,6146.0,6188.0,6052.0,6138.0,nan,6118.141,2243072,205851474795.0,590893,6147.0,25,6146.0,198,6148.0,52,6145.0,318,6149.0,67,6144.0,267,6150.0,214,6143.0,128,6151.0,148,6142.0,139
1597988275115079936,1597988275411000064,2020-08-21 13:37:55.411000,6145.0,6188.0,6052.0,6138.0,nan,6118.144,2243273,205870004955.0,590935,6146.0,9,6145.0,317,6147.0,58,6144.0,265,6148.0,73,6143.0,129,6149.0,67,6142.0,139,6150.0,215,6141.0,148
1597988275620325120,1597988275917999872,2020-08-21 13:37:55.918000,6146.0,6188.0,6052.0,6138.0,nan,6118.144,2243288,205871387655.0,590939,6146.0,104,6145.0,299,6147.0,88,6144.0,265,6148.0,68,6143.0,129,6149.0,64,6142.0,140,6150.0,215,6141.0,148
1597988276109498112,1597988276423000064,2020-08-21 13:37:56.423000,6145.0,6188.0,6052.0,6138.0,nan,6118.144,2243305,205872954645.0,590944,6146.0,107,6145.0,286,6147.0,75,6144.0,265,6148.0,70,6143.0,129,6149.0,66,6142.0,140,6150.0,215,6141.0,148
1597988276603166976,1597988276926000128,2020-08-21 13:37:56.926000,6145.0,6188.0,6052.0,6138.0,nan,6118.144,2243311,205873507695.0,590948,6146.0,110,6145.0,279,6147.0,72,6144.0,265,6148.0,69,6143.0,129,6149.0,66,6142.0,140,6150.0,215,6141.0,148
1597988277106114048,1597988277428999936,2020-08-21 13:37:57.429000,6146.0,6188.0,6052.0,6138.0,nan,6118.146,2243411,205882726320.0,590940,6146.0,27,6145.0,264,6147.0,72,6144.0,270,6148.0,69,6143.0,129,6149.0,66,6142.0,140,6150.0,214,6141.0,148
1597988277607878912,1597988277920000000,2020-08-21 13:37:57.920000,6145.0,6188.0,6052.0,6138.0,nan,6118.146,2243463,205887519810.0,590935,6147.0,71,6145.0,237,6148.0,69,6144.0,270,6149.0,66,6143.0,129,6150.0,209,6142.0,140,6151.0,145,6141.0,148
1597988278118572032,1597988278436000000,2020-08-21 13:37:58.436000,6145.0,6188.0,6052.0,6138.0,nan,6118.146,2243475,205888625910.0,590933,6147.0,51,6146.0,12,6148.0,68,6145.0,246,6149.0,66,6144.0,270,6150.0,209,6143.0,129,6151.0,145,6142.0,140
1597988278618697984,1597988278937999872,2020-08-21 13:37:58.938000,6146.0,6188.0,6052.0,6138.0,nan,6118.147,2243516,205892405625.0,590934,6146.0,1,6145.0,253,6147.0,49,6144.0,270,6148.0,80,6143.0,129,6149.0,66,6142.0,141,6150.0,198,6141.0,148
1597988279120736000,1597988279436000000,2020-08-21 13:37:59.436000,6146.0,6188.0,6052.0,6138.0,nan,6118.147,2243530,205893696300.0,590938,6147.0,49,6146.0,27,6148.0,80,6145.0,254,6149.0,66,6144.0,270,6150.0,198,6143.0,128,6151.0,145,6142.0,141
1597988279623118080,1597988279936999936,2020-08-21 13:37:59.937000,6146.0,6188.0,6052.0,6138.0,nan,6118.147,2243536,205894249455.0,590937,6147.0,48,6146.0,23,6148.0,80,6145.0,254,6149.0,67,6144.0,270,6150.0,198,6143.0,128,6151.0,146,6142.0,141
1597988280108153088,1597988280436000000,2020-08-21 13:38:00.436000,6146.0,6188.0,6052.0,6138.0,nan,6118.147,2243555,205896001065.0,590926,6147.0,65,6146.0,6,6148.0,80,6145.0,256,6149.0,67,6144.0,275,6150.0,197,6143.0,129,6151.0,146,6142.0,141
1597988280613686016,1597988280933000192,2020-08-21 13:38:00.933000,6146.0,6188.0,6052.0,6138.0,nan,6118.147,2243565,205896922965.0,590925,6147.0,69,6145.0,264,6148.0,79,6144.0,284,6149.0,70,6143.0,129,6150.0,197,6142.0,141,6151.0,145,6141.0,148
1597988281110240000,1597988281405999872,2020-08-21 13:38:01.406000,6145.0,6188.0,6052.0,6138.0,nan,6118.148,2243574,205897752735.0,590918,6147.0,66,6145.0,267,6148.0,76,6144.0,283,6149.0,71,6143.0,129,6150.0,197,6142.0,142,6151.0,144,6141.0,148
1597988281596067072,1597988281924999936,2020-08-21 13:38:01.925000,6146.0,6188.0,6052.0,6138.0,nan,6118.148,2243583,205898582415.0,590916,6147.0,75,6145.0,266,6148.0,76,6144.0,283,6149.0,69,6143.0,129,6150.0,193,6142.0,142,6151.0,144,6141.0,148
1597988282130227968,1597988282423000064,2020-08-21 13:38:02.423000,6145.0,6188.0,6052.0,6138.0,nan,6118.148,2243595,205899688515.0,590910,6146.0,1,6145.0,255,6147.0,75,6144.0,283,6148.0,81,6143.0,129,6149.0,68,6142.0,141,6150.0,203,6141.0,148
1597988282633146112,1597988282935000064,2020-08-21 13:38:02.935000,6145.0,6188.0,6052.0,6138.0,nan,6118.148,2243602,205900333770.0,590909,6146.0,27,6145.0,245,6147.0,75,6144.0,283,6148.0,84,6143.0,129,6149.0,74,6142.0,139,6150.0,203,6141.0,146
1597988283117606912,1597988283430000128,2020-08-21 13:38:03.430000,6146.0,6188.0,6052.0,6138.0,nan,6118.148,2243608,205900886880.0,590912,6146.0,47,6145.0,249,6147.0,68,6144.0,283,6148.0,84,6143.0,129,6149.0,74,6142.0,139,6150.0,203,6141.0,146
1597988283623528960,1597988283913000192,2020-08-21 13:38:03.913000,6146.0,6188.0,6052.0,6138.0,nan,6118.148,2243637,205903560000.0,590909,6146.0,49,6145.0,224,6147.0,68,6144.0,283,6148.0,79,6143.0,128,6149.0,74,6142.0,139,6150.0,204,6141.0,146
1597988284128024064,1597988284435000064,2020-08-21 13:38:04.435000,6145.0,6188.0,6052.0,6138.0,nan,6118.149,2243660,205905680235.0,590908,6146.0,54,6145.0,220,6147.0,68,6144.0,283,6148.0,79,6143.0,128,6149.0,74,6142.0,140,6150.0,204,6141.0,146
1597988284602257920,1597988284932000000,2020-08-21 13:38:04.932000,6146.0,6188.0,6052.0,6138.0,nan,6118.149,2243669,205906509930.0,590916,6146.0,47,6145.0,215,6147.0,64,6144.0,283,6148.0,78,6143.0,128,6149.0,75,6142.0,140,6150.0,205,6141.0,146
1597988285120701952,1597988285413000192,2020-08-21 13:38:05.413000,6146.0,6188.0,6052.0,6138.0,nan,6118.149,2243672,205906786500.0,590916,6146.0,54,6145.0,218,6147.0,63,6144.0,284,6148.0,79,6143.0,129,6149.0,75,6142.0,140,6150.0,205,6141.0,146
1597988285629545984,1597988285937999872,2020-08-21 13:38:05.938000,6145.0,6188.0,6052.0,6138.0,nan,6118.149,2243685,205907984850.0,590919,6146.0,50,6145.0,213,6147.0,63,6144.0,284,6148.0,84,6143.0,129,6149.0,75,6142.0,140,6150.0,205,6141.0,146
1597988286121049088,1597988286428000000,2020-08-21 13:38:06.428000,6145.0,6188.0,6052.0,6138.0,nan,6118.149,2243706,205909920630.0,590929,6146.0,57,6145.0,201,6147.0,65,6144.0,284,6148.0,82,6143.0,129,6149.0,75,6142.0,140,6150.0,204,6141.0,146
1597988286620983040,1597988286936000000,2020-08-21 13:38:06.936000,6145.0,6188.0,6052.0,6138.0,nan,6118.15,2243748,205913792100.0,590921,6146.0,50,6145.0,173,6147.0,65,6144.0,284,6148.0,82,6143.0,129,6149.0,75,6142.0,140,6150.0,204,6141.0,146
1597988287130539008,1597988287435000064,2020-08-21 13:38:07.435000,6145.0,6188.0,6052.0,6138.0,nan,6118.15,2243783,205917018300.0,590927,6146.0,55,6145.0,147,6147.0,65,6144.0,284,6148.0,81,6143.0,129,6149.0,75,6142.0,140,6150.0,204,6141.0,146
1597988287622680064,1597988287937999872,2020-08-21 13:38:07.938000,6145.0,6188.0,6052.0,6138.0,nan,6118.15,2243787,205917387000.0,590925,6146.0,56,6145.0,146,6147.0,66,6144.0,284,6148.0,82,6143.0,129,6149.0,75,6142.0,139,6150.0,206,6141.0,146
1597988288120536064,1597988288436999936,2020-08-21 13:38:08.437000,6145.0,6188.0,6052.0,6138.0,nan,6118.15,2243793,205917940050.0,590926,6146.0,56,6145.0,143,6147.0,67,6144.0,234,6148.0,82,6143.0,129,6149.0,74,6142.0,140,6150.0,208,6141.0,146
1597988288614605056,1597988288913000192,2020-08-21 13:38:08.913000,6145.0,6188.0,6052.0,6138.0,nan,6118.15,2243800,205918585350.0,590927,6146.0,53,6145.0,147,6147.0,68,6144.0,234,6148.0,81,6143.0,177,6149.0,74,6142.0,140,6150.0,221,6141.0,146
1597988289109338880,1597988289432000000,2020-08-21 13:38:09.432000,6145.0,6188.0,6052.0,6138.0,nan,6118.15,2243809,205919415015.0,590933,6146.0,48,6145.0,151,6147.0,67,6144.0,234,6148.0,81,6143.0,177,6149.0,87,6142.0,140,6150.0,221,6141.0,146
1597988289635739904,1597988289911000064,2020-08-21 13:38:09.911000,6145.0,6188.0,6052.0,6138.0,nan,6118.152,2243963,205933609965.0,591020,6145.0,9,6144.0,234,6146.0,51,6143.0,177,6147.0,66,6142.0,140,6148.0,79,6141.0,146,6149.0,87,6140.0,408
1597988290119764992,1597988290417999872,2020-08-21 13:38:10.418000,6145.0,6188.0,6052.0,6138.0,nan,6118.152,2243980,205935176880.0,591021,6145.0,37,6144.0,230,6146.0,59,6143.0,177,6147.0,66,6142.0,138,6148.0,78,6141.0,147,6149.0,86,6140.0,409
1597988290606114048,1597988290931000064,2020-08-21 13:38:10.931000,6144.0,6188.0,6052.0,6138.0,nan,6118.153,2243996,205936651515.0,591032,6145.0,73,6144.0,217,6146.0,59,6143.0,176,6147.0,67,6142.0,139,6148.0,78,6141.0,147,6149.0,86,6140.0,409
1597988291116018944,1597988291432000000,2020-08-21 13:38:11.432000,6145.0,6188.0,6052.0,6138.0,nan,6118.153,2244041,205940799345.0,591050,6145.0,45,6144.0,214,6146.0,56,6143.0,176,6147.0,67,6142.0,139,6148.0,79,6141.0,147,6149.0,86,6140.0,409
1597988291624541952,1597988291936000000,2020-08-21 13:38:11.936000,6144.0,6188.0,6052.0,6138.0,nan,6118.153,2244048,205941444480.0,591056,6145.0,50,6144.0,211,6146.0,56,6143.0,176,6147.0,67,6142.0,139,6148.0,79,6141.0,149,6149.0,86,6140.0,409
1597988292116740096,1597988292436999936,2020-08-21 13:38:12.437000,6144.0,6188.0,6052.0,6138.0,nan,6118.153,2244060,205942550430.0,591059,6145.0,52,6144.0,200,6146.0,56,6143.0,175,6147.0,67,6142.0,140,6148.0,79,6141.0,149,6149.0,87,6140.0,409
1597988292615433984,1597988292936000000,2020-08-21 13:38:12.936000,6144.0,6188.0,6052.0,6138.0,nan,6118.154,2244077,205944117390.0,591072,6145.0,40,6144.0,199,6146.0,56,6143.0,175,6147.0,68,6142.0,140,6148.0,74,6141.0,149,6149.0,82,6140.0,409
1597988293113779968,1597988293428000000,2020-08-21 13:38:13.428000,6146.0,6188.0,6052.0,6138.0,nan,6118.154,2244133,205949279190.0,591055,6146.0,56,6145.0,8,6147.0,68,6144.0,199,6148.0,72,6143.0,175,6149.0,82,6142.0,141,6150.0,233,6141.0,149
1597988293599308032,1597988293931000064,2020-08-21 13:38:13.931000,6146.0,6188.0,6052.0,6138.0,nan,6118.155,2244159,205951675770.0,591052,6146.0,59,6145.0,26,6147.0,68,6144.0,214,6148.0,73,6143.0,175,6149.0,85,6142.0,141,6150.0,233,6141.0,150
1597988294128026880,1597988294430000128,2020-08-21 13:38:14.430000,6145.0,6188.0,6052.0,6138.0,nan,6118.155,2244170,205952689695.0,591047,6146.0,58,6145.0,26,6147.0,68,6144.0,214,6148.0,69,6143.0,175,6149.0,85,6142.0,143,6150.0,232,6141.0,150
1597988294606432000,1597988294933000192,2020-08-21 13:38:14.933000,6145.0,6188.0,6052.0,6138.0,nan,6118.155,2244181,205953703620.0,591047,6146.0,58,6145.0,22,6147.0,68,6144.0,221,6148.0,69,6143.0,175,6149.0,85,6142.0,143,6150.0,234,6141.0,150
1597988295146835968,1597988295438999808,2020-08-21 13:38:15.439000,6145.0,6188.0,6052.0,6138.0,nan,6118.155,2244200,205955454945.0,591043,6146.0,58,6145.0,10,6147.0,68,6144.0,222,6148.0,82,6143.0,176,6149.0,85,6142.0,142,6150.0,234,6141.0,150
1597988295624240128,1597988295937999872,2020-08-21 13:38:15.938000,6146.0,6188.0,6052.0,6138.0,nan,6118.155,2244209,205956284535.0,591039,6146.0,58,6145.0,5,6147.0,68,6144.0,223,6148.0,80,6143.0,230,6149.0,84,6142.0,142,6150.0,234,6141.0,148
1597988296113158912,1597988296431000064,2020-08-21 13:38:16.431000,6145.0,6188.0,6052.0,6138.0,nan,6118.155,2244231,205958312385.0,591031,6145.0,7,6144.0,223,6146.0,58,6143.0,230,6147.0,68,6142.0,142,6148.0,80,6141.0,148,6149.0,84,6140.0,409
1597988296610435072,1597988296903000064,2020-08-21 13:38:16.903000,6145.0,6188.0,6052.0,6138.0,nan,6118.156,2244251,205960155870.0,591035,6145.0,7,6144.0,226,6146.0,59,6143.0,231,6147.0,68,6142.0,142,6148.0,80,6141.0,147,6149.0,84,6140.0,409
1597988297122388992,1597988297424999936,2020-08-21 13:38:17.425000,6145.0,6188.0,6052.0,6138.0,nan,6118.156,2244262,205961169765.0,591032,6145.0,3,6144.0,224,6146.0,62,6143.0,231,6147.0,68,6142.0,142,6148.0,80,6141.0,147,6149.0,83,6140.0,409
1597988297615065088,1597988297937999872,2020-08-21 13:38:17.938000,6145.0,6188.0,6052.0,6138.0,nan,6118.156,2244272,205962091500.0,591030,6145.0,3,6144.0,224,6146.0,62,6143.0,231,6147.0,68,6142.0,143,6148.0,80,6141.0,146,6149.0,83,6140.0,409
1597988298118580992,1597988298433000192,2020-08-21 13:38:18.433000,6144.0,6188.0,6052.0,6138.0,nan,6118.156,2244293,205964027055.0,591030,6146.0,62,6145.0,14,6147.0,68,6144.0,216,6148.0,80,6143.0,261,6149.0,83,6142.0,143,6150.0,236,6141.0,146
1597988298615124992,1597988298876000000,2020-08-21 13:38:18.876000,6145.0,6188.0,6052.0,6138.0,nan,6118.156,2244296,205964303580.0,591030,6146.0,64,6145.0,41,6147.0,68,6144.0,224,6148.0,79,6143.0,261,6149.0,83,6142.0,143,6150.0,235,6141.0,146
1597988299132427008,1597988299417999872,2020-08-21 13:38:19.418000,6145.0,6188.0,6052.0,6138.0,nan,6118.156,2244299,205964580105.0,591029,6146.0,68,6145.0,77,6147.0,63,6144.0,225,6148.0,79,6143.0,261,6149.0,82,6142.0,143,6150.0,235,6141.0,146
1597988299643612928,1597988299933000192,2020-08-21 13:38:19.933000,6146.0,6188.0,6052.0,6138.0,nan,6118.156,2244309,205965501900.0,591021,6146.0,65,6145.0,75,6147.0,63,6144.0,226,6148.0,79,6143.0,261,6149.0,82,6142.0,143,6150.0,234,6141.0,146
1597988300116115968,1597988300418999808,2020-08-21 13:38:20.419000,6145.0,6188.0,6052.0,6138.0,nan,6118.156,2244316,205966147125.0,591025,6146.0,65,6145.0,94,6147.0,63,6144.0,227,6148.0,79,6143.0,261,6149.0,82,6142.0,143,6150.0,236,6141.0,146
1597988300622342912,1597988300936999936,2020-08-21 13:38:20.937000,6146.0,6188.0,6052.0,6138.0,nan,6118.157,2244328,205967253360.0,591018,6146.0,78,6145.0,109,6147.0,67,6144.0,227,6148.0,78,6143.0,261,6149.0,82,6142.0,143,6150.0,236,6141.0,146
1597988301532230912,1597988301433000192,2020-08-21 13:38:21.433000,6145.0,6188.0,6052.0,6138.0,nan,6118.157,2244341,205968451755.0,591010,6146.0,75,6145.0,108,6147.0,67,6144.0,227,6148.0,78,6143.0,261,6149.0,82,6142.0,143,6150.0,236,6141.0,146
1597988301929862912,1597988301933000192,2020-08-21 13:38:21.933000,6145.0,6188.0,6052.0,6138.0,nan,6118.157,2244342,205968543930.0,591009,6146.0,80,6145.0,109,6147.0,67,6144.0,227,6148.0,79,6143.0,261,6149.0,82,6142.0,143,6150.0,240,6141.0,146
1597988302140619008,1597988302412000000,2020-08-21 13:38:22.412000,6146.0,6188.0,6052.0,6138.0,nan,6118.157,2244345,205968820485.0,591008,6146.0,78,6145.0,109,6147.0,68,6144.0,227,6148.0,79,6143.0,261,6149.0,82,6142.0,143,6150.0,239,6141.0,146
1597988302614256128,1597988302926000128,2020-08-21 13:38:22.926000,6145.0,6188.0,6052.0,6138.0,nan,6118.157,2244350,205969281360.0,591006,6146.0,80,6145.0,109,6147.0,68,6144.0,230,6148.0,79,6143.0,261,6149.0,83,6142.0,142,6150.0,239,6141.0,146
1597988303112357888,1597988303428000000,2020-08-21 13:38:23.428000,6145.0,6188.0,6052.0,6138.0,nan,6118.157,2244398,205973705910.0,591039,6146.0,71,6145.0,78,6147.0,68,6144.0,230,6148.0,79,6143.0,262,6149.0,83,6142.0,142,6150.0,240,6141.0,146
1597988303810172928,1597988303917999872,2020-08-21 13:38:23.918000,6146.0,6188.0,6052.0,6138.0,nan,6118.158,2244404,205974259050.0,591042,6146.0,73,6145.0,82,6147.0,68,6144.0,230,6148.0,79,6143.0,262,6149.0,83,6142.0,143,6150.0,240,6141.0,146
1597988304100911104,1597988304435000064,2020-08-21 13:38:24.435000,6145.0,6188.0,6052.0,6138.0,nan,6118.158,2244466,205979974710.0,591025,6146.0,32,6145.0,86,6147.0,68,6144.0,231,6148.0,85,6143.0,262,6149.0,83,6142.0,144,6150.0,241,6141.0,146
1597988304638053120,1597988304928999936,2020-08-21 13:38:24.929000,6146.0,6188.0,6052.0,6138.0,nan,6118.159,2244486,205981818360.0,591026,6146.0,24,6145.0,77,6147.0,69,6144.0,231,6148.0,85,6143.0,262,6149.0,83,6142.0,144,6150.0,241,6141.0,146
1597988305110658048,1597988305433000192,2020-08-21 13:38:25.433000,6146.0,6188.0,6052.0,6138.0,nan,6118.159,2244493,205982463630.0,591029,6146.0,25,6145.0,78,6147.0,69,6144.0,233,6148.0,85,6143.0,262,6149.0,83,6142.0,144,6150.0,241,6141.0,146
1597988305628978944,1597988305936999936,2020-08-21 13:38:25.937000,6145.0,6188.0,6052.0,6138.0,nan,6118.159,2244501,205983201075.0,591027,6146.0,23,6145.0,75,6147.0,69,6144.0,236,6148.0,85,6143.0,262,6149.0,83,6142.0,145,6150.0,241,6141.0,146
1597988306121650944,1597988306417999872,2020-08-21 13:38:26.418000,6146.0,6188.0,6052.0,6138.0,nan,6118.159,2244503,205983385440.0,591028,6146.0,22,6145.0,74,6147.0,69,6144.0,238,6148.0,85,6143.0,263,6149.0,83,6142.0,145,6150.0,238,6141.0,146
1597988306607417088,1597988306932000000,2020-08-21 13:38:26.932000,6145.0,6188.0,6052.0,6138.0,nan,6118.159,2244504,205983477615.0,591029,6146.0,29,6145.0,75,6147.0,69,6144.0,239,6148.0,85,6143.0,263,6149.0,84,6142.0,145,6150.0,238,6141.0,146
1597988307112467968,1597988307413000192,2020-08-21 13:38:27.413000,6146.0,6188.0,6052.0,6138.0,nan,6118.159,2244506,205983661980.0,591031,6146.0,29,6145.0,74,6147.0,69,6144.0,239,6148.0,81,6143.0,263,6149.0,84,6142.0,146,6150.0,238,6141.0,146
1597988307619668992,1597988307923000064,2020-08-21 13:38:27.923000,6145.0,6188.0,6052.0,6138.0,nan,6118.159,2244516,205984583730.0,591041,6146.0,31,6145.0,64,6147.0,69,6144.0,240,6148.0,79,6143.0,263,6149.0,84,6142.0,146,6150.0,238,6141.0,146
1597988308126078976,1597988308432000000,2020-08-21 13:38:28.432000,6145.0,6188.0,6052.0,6138.0,nan,6118.159,2244521,205985044620.0,591044,6146.0,31,6145.0,61,6147.0,69,6144.0,240,6148.0,79,6143.0,263,6149.0,84,6142.0,146,6150.0,238,6141.0,146
1597988308614970880,1597988308936999936,2020-08-21 13:38:28.937000,6145.0,6188.0,6052.0,6138.0,nan,6118.159,2244530,205985874225.0,591041,6146.0,52,6145.0,71,6147.0,69,6144.0,240,6148.0,79,6143.0,263,6149.0,84,6142.0,146,6150.0,237,6141.0,146
1597988309112091904,1597988309437999872,2020-08-21 13:38:29.438000,6146.0,6188.0,6052.0,6138.0,nan,6118.159,2244533,205986150795.0,591042,6146.0,50,6145.0,73,6147.0,69,6144.0,241,6148.0,79,6143.0,263,6149.0,84,6142.0,146,6150.0,236,6141.0,146
1597988309899659008,1597988309937999872,2020-08-21 13:38:29.938000,6145.0,6188.0,6052.0,6138.0,nan,6118.159,2244538,205986611670.0,591037,6146.0,50,6145.0,73,6147.0,69,6144.0,241,6148.0,79,6143.0,263,6149.0,84,6142.0,146,6150.0,256,6141.0,146
1597988310219924992,1597988310433000192,2020-08-21 13:38:30.433000,6145.0,6188.0,6052.0,6138.0,nan,6118.159,2244539,205986703845.0,591036,6146.0,50,6145.0,72,6147.0,69,6144.0,241,6148.0,80,6143.0,263,6149.0,85,6142.0,146,6150.0,256,6141.0,146
1597988310601536000,1597988310916000000,2020-08-21 13:38:30.916000,6145.0,6188.0,6052.0,6138.0,nan,6118.159,2244541,205986888195.0,591034,6146.0,50,6145.0,77,6147.0,69,6144.0,242,6148.0,90,6143.0,263,6149.0,85,6142.0,145,6150.0,256,6141.0,146
1597988311124360960,1597988311407000064,2020-08-21 13:38:31.407000,6146.0,6188.0,6052.0,6138.0,nan,6118.16,2244603,205992603810.0,591034,6147.0,69,6146.0,12,6148.0,90,6145.0,67,6149.0,85,6144.0,246,6150.0,256,6143.0,263,6151.0,129,6142.0,145
1597988311617021952,1597988311936000000,2020-08-21 13:38:31.936000,6146.0,6188.0,6052.0,6138.0,nan,6118.16,2244625,205994631990.0,591034,6147.0,71,6146.0,15,6148.0,90,6145.0,68,6149.0,85,6144.0,249,6150.0,256,6143.0,209,6151.0,129,6142.0,145
1597988312120251904,1597988312436999936,2020-08-21 13:38:32.437000,6146.0,6188.0,6052.0,6138.0,nan,6118.161,2244656,205997489880.0,591035,6147.0,71,6146.0,6,6148.0,90,6145.0,69,6149.0,84,6144.0,250,6150.0,256,6143.0,209,6151.0,129,6142.0,143
1597988312634053120,1597988312916999936,2020-08-21 13:38:32.917000,6146.0,6188.0,6052.0,6138.0,nan,6118.161,2244678,205999518060.0,591035,6147.0,72,6146.0,44,6148.0,90,6145.0,71,6149.0,83,6144.0,251,6150.0,257,6143.0,209,6151.0,129,6142.0,147
1597988313121099008,1597988313424000000,2020-08-21 13:38:33.424000,6146.0,6188.0,6052.0,6138.0,nan,6118.161,2244681,205999794630.0,591035,6147.0,71,6146.0,55,6148.0,90,6145.0,73,6149.0,83,6144.0,251,6150.0,257,6143.0,215,6151.0,129,6142.0,147
1597988313617815040,1597988313927000064,2020-08-21 13:38:33.927000,6146.0,6188.0,6052.0,6138.0,nan,6118.161,2244723,206003667210.0,591036,6147.0,24,6146.0,62,6148.0,90,6145.0,73,6149.0,83,6144.0,251,6150.0,257,6143.0,215,6151.0,129,6142.0,147
1597988314129325056,1597988314420999936,2020-08-21 13:38:34.421000,6147.0,6188.0,6052.0,6138.0,nan,6118.162,2244758,206006894385.0,591035,6148.0,89,6147.0,15,6149.0,84,6146.0,72,6150.0,259,6145.0,74,6151.0,129,6144.0,250,6152.0,149,6143.0,215
1597988314615301120,1597988314897000192,2020-08-21 13:38:34.897000,6148.0,6188.0,6052.0,6138.0,nan,6118.162,2244801,206010859230.0,591065,6148.0,78,6147.0,15,6149.0,84,6146.0,72,6150.0,260,6145.0,68,6151.0,130,6144.0,260,6152.0,149,6143.0,215
1597988315098464000,1597988315403000064,2020-08-21 13:38:35.403000,6147.0,6188.0,6052.0,6138.0,nan,6118.163,2244809,206011596870.0,591063,6148.0,75,6147.0,16,6149.0,84,6146.0,67,6150.0,260,6145.0,70,6151.0,130,6144.0,260,6152.0,149,6143.0,216
1597988315690810112,1597988315878000128,2020-08-21 13:38:35.878000,6147.0,6188.0,6052.0,6138.0,nan,6118.163,2244825,206013072360.0,591070,6148.0,61,6147.0,29,6149.0,84,6146.0,67,6150.0,260,6145.0,71,6151.0,130,6144.0,261,6152.0,149,6143.0,216
1597988316113713920,1597988316420000000,2020-08-21 13:38:36.420000,6147.0,6188.0,6052.0,6138.0,nan,6118.163,2244833,206013810030.0,591065,6148.0,45,6147.0,62,6149.0,95,6146.0,69,6150.0,259,6145.0,75,6151.0,131,6144.0,256,6152.0,149,6143.0,216
1597988316600534016,1597988316920999936,2020-08-21 13:38:36.921000,6148.0,6188.0,6052.0,6138.0,nan,6118.163,2244872,206017406595.0,591042,6148.0,7,6147.0,65,6149.0,95,6146.0,69,6150.0,261,6145.0,75,6151.0,131,6144.0,256,6152.0,149,6143.0,216
1597988317112133888,1597988317431000064,2020-08-21 13:38:37.431000,6147.0,6188.0,6052.0,6138.0,nan,6118.164,2244880,206018144340.0,591039,6149.0,95,6148.0,2,6150.0,261,6147.0,62,6151.0,131,6146.0,69,6152.0,149,6145.0,68,6153.0,102,6144.0,257
1597988317600001024,1597988317900999936,2020-08-21 13:38:37.901000,6148.0,6188.0,6052.0,6138.0,nan,6118.164,2244887,206018789880.0,591041,6149.0,98,6148.0,3,6150.0,259,6147.0,65,6151.0,131,6146.0,71,6152.0,150,6145.0,69,6153.0,102,6144.0,259
1597988318133532928,1597988318426000128,2020-08-21 13:38:38.426000,6147.0,6188.0,6052.0,6138.0,nan,6118.164,2244892,206019250965.0,591040,6149.0,102,6148.0,4,6150.0,259,6147.0,64,6151.0,131,6146.0,72,6152.0,150,6145.0,70,6153.0,102,6144.0,259
1597988318605005056,1597988318931000064,2020-08-21 13:38:38.931000,6147.0,6188.0,6052.0,6138.0,nan,6118.164,2244900,206019988710.0,591039,6148.0,9,6147.0,62,6149.0,102,6146.0,73,6150.0,266,6145.0,71,6151.0,131,6144.0,259,6152.0,151,6143.0,215
1597988319114877952,1597988319404000000,2020-08-21 13:38:39.404000,6147.0,6188.0,6052.0,6138.0,nan,6118.164,2244905,206020449780.0,591039,6148.0,20,6147.0,61,6149.0,102,6146.0,73,6150.0,267,6145.0,70,6151.0,131,6144.0,259,6152.0,151,6143.0,214
1597988319628016128,1597988319927000064,2020-08-21 13:38:39.927000,6147.0,6188.0,6052.0,6138.0,nan,6118.164,2244906,206020541985.0,591039,6148.0,31,6147.0,61,6149.0,97,6146.0,74,6150.0,263,6145.0,70,6151.0,131,6144.0,259,6152.0,151,6143.0,214
1597988320126145024,1597988320428999936,2020-08-21 13:38:40.429000,6147.0,6188.0,6052.0,6138.0,nan,6118.164,2244908,206020726410.0,591039,6148.0,43,6147.0,65,6149.0,99,6146.0,75,6150.0,264,6145.0,70,6151.0,131,6144.0,259,6152.0,151,6143.0,214
1597988320617958912,1597988320934000128,2020-08-21 13:38:40.934000,6147.0,6188.0,6052.0,6138.0,nan,6118.164,2244910,206020910835.0,591040,6148.0,51,6147.0,68,6149.0,99,6146.0,75,6150.0,264,6145.0,70,6151.0,131,6144.0,259,6152.0,151,6143.0,214
1597988321126023936,1597988321436999936,2020-08-21 13:38:41.437000,6147.0,6188.0,6052.0,6138.0,nan,6118.164,2244910,206020910835.0,591040,6148.0,60,6147.0,67,6149.0,99,6146.0,75,6150.0,266,6145.0,70,6151.0,131,6144.0,259,6152.0,151,6143.0,214
1597988321624997120,1597988321938999808,2020-08-21 13:38:41.939000,6148.0,6188.0,6052.0,6138.0,nan,6118.164,2244915,206021371920.0,591042,6148.0,60,6147.0,66,6149.0,99,6146.0,75,6150.0,267,6145.0,72,6151.0,131,6144.0,259,6152.0,151,6143.0,214
1597988322118356992,1597988322426000128,2020-08-21 13:38:42.426000,6147.0,6188.0,6052.0,6138.0,nan,6118.164,2244950,206024599545.0,591064,6148.0,24,6147.0,61,6149.0,99,6146.0,85,6150.0,267,6145.0,72,6151.0,131,6144.0,258,6152.0,151,6143.0,214
1597988322634448896,1597988322928999936,2020-08-21 13:38:42.929000,6148.0,6188.0,6052.0,6138.0,nan,6118.165,2244963,206025798375.0,591071,6148.0,20,6147.0,67,6149.0,100,6146.0,87,6150.0,267,6145.0,70,6151.0,131,6144.0,257,6152.0,151,6143.0,215
1597988323114524928,1597988323428999936,2020-08-21 13:38:43.429000,6147.0,6188.0,6052.0,6138.0,nan,6118.165,2244976,206026997160.0,591073,6148.0,25,6147.0,66,6149.0,101,6146.0,87,6150.0,267,6145.0,69,6151.0,129,6144.0,257,6152.0,151,6143.0,216
1597988323613893120,1597988323924999936,2020-08-21 13:38:43.925000,6147.0,6188.0,6052.0,6138.0,nan,6118.165,2245008,206029947735.0,591070,6148.0,38,6147.0,35,6149.0,102,6146.0,87,6150.0,268,6145.0,72,6151.0,129,6144.0,257,6152.0,151,6143.0,216
1597988324108542976,1597988324424999936,2020-08-21 13:38:44.425000,6148.0,6188.0,6052.0,6138.0,nan,6118.165,2245012,206030316615.0,591067,6148.0,54,6147.0,37,6149.0,102,6146.0,87,6150.0,272,6145.0,72,6151.0,129,6144.0,256,6152.0,151,6143.0,216
1597988324626568960,1597988324895000064,2020-08-21 13:38:44.895000,6148.0,6188.0,6052.0,6138.0,nan,6118.165,2245018,206030869905.0,591072,6148.0,56,6147.0,35,6149.0,102,6146.0,87,6150.0,259,6145.0,72,6151.0,129,6144.0,257,6152.0,151,6143.0,216
1597988325134658048,1597988325424000000,2020-08-21 13:38:45.424000,6147.0,6188.0,6052.0,6138.0,nan,6118.165,2245022,206031238725.0,591076,6148.0,56,6147.0,35,6149.0,102,6146.0,87,6150.0,259,6145.0,69,6151.0,129,6144.0,257,6152.0,151,6143.0,216
1597988325635738880,1597988325935000064,2020-08-21 13:38:45.935000,6148.0,6188.0,6052.0,6138.0,nan,6118.165,2245025,206031515355.0,591078,6148.0,56,6147.0,50,6149.0,99,6146.0,87,6150.0,259,6145.0,69,6151.0,129,6144.0,252,6152.0,151,6143.0,216
1597988326136142080,1597988326413000192,2020-08-21 13:38:46.413000,6148.0,6188.0,6052.0,6138.0,nan,6118.166,2245084,206036956335.0,591063,6149.0,99,6147.0,64,6150.0,260,6146.0,87,6151.0,129,6145.0,69,6152.0,151,6144.0,252,6153.0,123,6143.0,216
1597988326621648896,1597988326921999872,2020-08-21 13:38:46.922000,6148.0,6188.0,6052.0,6138.0,nan,6118.166,2245093,206037786330.0,591069,6149.0,98,6148.0,36,6150.0,260,6147.0,74,6151.0,129,6146.0,87,6152.0,151,6145.0,68,6153.0,123,6144.0,251
1597988327108253952,1597988327434000128,2020-08-21 13:38:47.434000,6149.0,6188.0,6052.0,6138.0,nan,6118.166,2245094,206037878565.0,591069,6149.0,91,6148.0,42,6150.0,258,6147.0,74,6151.0,127,6146.0,89,6152.0,151,6145.0,68,6153.0,124,6144.0,252
1597988327631049984,1597988327936999936,2020-08-21 13:38:47.937000,6149.0,6188.0,6052.0,6138.0,nan,6118.167,2245107,206039077470.0,591067,6149.0,88,6148.0,104,6150.0,254,6147.0,75,6151.0,126,6146.0,89,6152.0,151,6145.0,68,6153.0,124,6144.0,252
1597988328132289024,1597988328431000064,2020-08-21 13:38:48.431000,6149.0,6188.0,6052.0,6138.0,nan,6118.168,2245197,206047378605.0,591036,6150.0,254,6149.0,9,6151.0,126,6148.0,120,6152.0,151,6147.0,75,6153.0,125,6146.0,89,6154.0,84,6145.0,69
1597988328636498944,1597988328881999872,2020-08-21 13:38:48.882000,6150.0,6188.0,6052.0,6138.0,nan,6118.171,2245443,206070072090.0,591014,6150.0,1,6149.0,68,6151.0,126,6148.0,121,6152.0,151,6147.0,77,6153.0,127,6146.0,92,6154.0,84,6145.0,69
1597988329258673920,1597988329400000000,2020-08-21 13:38:49.400000,6150.0,6188.0,6052.0,6138.0,nan,6118.172,2245464,206072009460.0,591018,6151.0,117,6150.0,63,6152.0,147,6149.0,134,6153.0,126,6148.0,121,6154.0,84,6147.0,77,6155.0,282,6146.0,92
1597988329626616064,1597988329930000128,2020-08-21 13:38:49.930000,6151.0,6188.0,6052.0,6138.0,nan,6118.172,2245499,206075238225.0,591051,6151.0,107,6150.0,34,6152.0,143,6149.0,136,6153.0,126,6148.0,110,6154.0,85,6147.0,72,6155.0,282,6146.0,92
1597988330118394112,1597988330434000128,2020-08-21 13:38:50.434000,6151.0,6188.0,6052.0,6138.0,nan,6118.173,2245538,206078836200.0,591026,6151.0,99,6150.0,7,6152.0,143,6149.0,138,6153.0,124,6148.0,110,6154.0,85,6147.0,73,6155.0,282,6146.0,92
1597988330622327040,1597988330931000064,2020-08-21 13:38:50.931000,6150.0,6188.0,6052.0,6138.0,nan,6118.173,2245549,206079850950.0,591016,6150.0,23,6149.0,137,6151.0,101,6148.0,110,6152.0,143,6147.0,73,6153.0,124,6146.0,92,6154.0,85,6145.0,77
1597988331132993024,1597988331408000000,2020-08-21 13:38:51.408000,6150.0,6188.0,6052.0,6138.0,nan,6118.173,2245565,206081326950.0,591010,6150.0,25,6149.0,141,6151.0,98,6148.0,110,6152.0,143,6147.0,73,6153.0,124,6146.0,92,6154.0,85,6145.0,77
1597988331617529088,1597988331923000064,2020-08-21 13:38:51.923000,6150.0,6188.0,6052.0,6138.0,nan,6118.173,2245580,206082710700.0,591015,6150.0,10,6149.0,141,6151.0,98,6148.0,111,6152.0,143,6147.0,71,6153.0,124,6146.0,91,6154.0,85,6145.0,77
1597988332171960064,1597988332427000064,2020-08-21 13:38:52.427000,6150.0,6188.0,6052.0,6138.0,nan,6118.174,2245614,206085847185.0,591018,6151.0,96,6149.0,132,6152.0,143,6148.0,111,6153.0,124,6147.0,70,6154.0,85,6146.0,91,6155.0,283,6145.0,77
1597988332695521024,1597988332932000000,2020-08-21 13:38:52.932000,6150.0,6188.0,6052.0,6138.0,nan,6118.174,2245616,206086031685.0,591017,6151.0,98,6150.0,5,6152.0,143,6149.0,132,6153.0,124,6148.0,111,6154.0,85,6147.0,71,6155.0,284,6146.0,91
1597988333143949056,1597988333436000000,2020-08-21 13:38:53.436000,6151.0,6188.0,6052.0,6138.0,nan,6118.174,2245636,206087876910.0,591017,6151.0,83,6150.0,10,6152.0,143,6149.0,137,6153.0,124,6148.0,111,6154.0,85,6147.0,73,6155.0,284,6146.0,90
1597988333611652096,1597988333913000192,2020-08-21 13:38:53.913000,6150.0,6188.0,6052.0,6138.0,nan,6118.174,2245652,206089352910.0,591009,6151.0,87,6150.0,20,6152.0,143,6149.0,140,6153.0,124,6148.0,111,6154.0,85,6147.0,73,6155.0,284,6146.0,90
1597988334147572992,1597988334436000000,2020-08-21 13:38:54.436000,6151.0,6188.0,6052.0,6138.0,nan,6118.174,2245661,206090183250.0,591006,6151.0,82,6150.0,21,6152.0,143,6149.0,78,6153.0,124,6148.0,111,6154.0,85,6147.0,75,6155.0,284,6146.0,90
1597988334653110016,1597988334927000064,2020-08-21 13:38:54.927000,6150.0,6188.0,6052.0,6138.0,nan,6118.174,2245665,206090552280.0,591007,6151.0,81,6150.0,21,6152.0,143,6149.0,80,6153.0,125,6148.0,111,6154.0,85,6147.0,76,6155.0,284,6146.0,96
1597988335132471040,1597988335376000000,2020-08-21 13:38:55.376000,6150.0,6188.0,6052.0,6138.0,nan,6118.175,2245687,206092581780.0,591009,6150.0,4,6149.0,85,6151.0,84,6148.0,112,6152.0,143,6147.0,96,6153.0,125,6146.0,96,6154.0,85,6145.0,77
1597988335647249920,1597988335924999936,2020-08-21 13:38:55.925000,6150.0,6188.0,6052.0,6138.0,nan,6118.175,2245696,206093412030.0,591006,6150.0,17,6149.0,86,6151.0,84,6148.0,115,6152.0,143,6147.0,95,6153.0,125,6146.0,96,6154.0,87,6145.0,78
1597988336149065984,1597988336403000064,2020-08-21 13:38:56.403000,6150.0,6188.0,6052.0,6138.0,nan,6118.175,2245702,206093965530.0,591012,6150.0,28,6149.0,86,6151.0,117,6148.0,116,6152.0,143,6147.0,95,6153.0,125,6146.0,96,6154.0,90,6145.0,89
1597988336613836032,1597988336936999936,2020-08-21 13:38:56.937000,6151.0,6188.0,6052.0,6138.0,nan,6118.176,2245754,206098762830.0,591036,6151.0,107,6150.0,20,6152.0,145,6149.0,89,6153.0,125,6148.0,118,6154.0,90,6147.0,77,6155.0,283,6146.0,97
1597988337138839040,1597988337416999936,2020-08-21 13:38:57.417000,6151.0,6188.0,6052.0,6138.0,nan,6118.176,2245767,206099962215.0,591035,6151.0,98,6150.0,84,6152.0,146,6149.0,89,6153.0,127,6148.0,55,6154.0,90,6147.0,77,6155.0,284,6146.0,97
1597988337619886080,1597988337934000128,2020-08-21 13:38:57.934000,6151.0,6188.0,6052.0,6138.0,nan,6118.176,2245784,206101530690.0,591031,6151.0,89,6150.0,90,6152.0,146,6149.0,89,6153.0,127,6148.0,57,6154.0,90,6147.0,72,6155.0,290,6146.0,126
1597988338122012928,1597988338428000000,2020-08-21 13:38:58.428000,6151.0,6188.0,6052.0,6138.0,nan,6118.176,2245796,206102637855.0,591026,6151.0,84,6150.0,90,6152.0,148,6149.0,90,6153.0,127,6148.0,57,6154.0,90,6147.0,72,6155.0,289,6146.0,126
1597988338611717888,1597988338928999936,2020-08-21 13:38:58.929000,6150.0,6188.0,6052.0,6138.0,nan,6118.177,2245871,206109557550.0,591006,6151.0,27,6150.0,85,6152.0,148,6149.0,90,6153.0,127,6148.0,57,6154.0,91,6147.0,67,6155.0,290,6146.0,127
1597988339273363968,1597988339424000000,2020-08-21 13:38:59.424000,6150.0,6188.0,6052.0,6138.0,nan,6118.178,2245949,206116753230.0,591003,6151.0,23,6150.0,21,6152.0,148,6149.0,91,6153.0,127,6148.0,57,6154.0,91,6147.0,68,6155.0,291,6146.0,127
1597988339635714048,1597988339934000128,2020-08-21 13:38:59.934000,6151.0,6188.0,6052.0,6138.0,nan,6118.179,2245955,206117306805.0,591002,6151.0,63,6150.0,28,6152.0,154,6149.0,91,6153.0,126,6148.0,57,6154.0,92,6147.0,68,6155.0,371,6146.0,127
1597988340114838016,1597988340432000000,2020-08-21 13:39:00.432000,6151.0,6188.0,6052.0,6138.0,nan,6118.179,2245963,206118044910.0,590997,6151.0,57,6150.0,25,6152.0,154,6149.0,91,6153.0,126,6148.0,60,6154.0,92,6147.0,68,6155.0,371,6146.0,128
1597988340665659904,1597988340924000000,2020-08-21 13:39:00.924000,6150.0,6188.0,6052.0,6138.0,nan,6118.179,2245964,206118137160.0,590997,6151.0,63,6150.0,29,6152.0,155,6149.0,95,6153.0,126,6148.0,60,6154.0,94,6147.0,68,6155.0,371,6146.0,128
1597988341117369088,1597988341415000064,2020-08-21 13:39:01.415000,6151.0,6188.0,6052.0,6138.0,nan,6118.179,2245969,206118598455.0,590997,6151.0,65,6150.0,30,6152.0,154,6149.0,95,6153.0,126,6148.0,60,6154.0,94,6147.0,69,6155.0,371,6146.0,128
1597988341656971008,1597988341936999936,2020-08-21 13:39:01.937000,6150.0,6188.0,6052.0,6138.0,nan,6118.179,2245981,206119705455.0,590997,6151.0,72,6150.0,19,6152.0,155,6149.0,95,6153.0,127,6148.0,60,6154.0,94,6147.0,69,6155.0,371,6146.0,128
1597988342138492928,1597988342410000128,2020-08-21 13:39:02.410000,6151.0,6188.0,6052.0,6138.0,nan,6118.179,2245985,206120074500.0,590996,6151.0,73,6150.0,26,6152.0,155,6149.0,95,6153.0,127,6148.0,60,6154.0,94,6147.0,69,6155.0,371,6146.0,128
1597988342637336064,1597988342924999936,2020-08-21 13:39:02.925000,6150.0,6188.0,6052.0,6138.0,nan,6118.179,2245990,206120535795.0,590997,6151.0,66,6150.0,40,6152.0,155,6149.0,95,6153.0,128,6148.0,60,6154.0,94,6147.0,69,6155.0,371,6146.0,128
1597988343138266112,1597988343435000064,2020-08-21 13:39:03.435000,6151.0,6188.0,6052.0,6138.0,nan,6118.179,2246002,206121642960.0,591000,6151.0,55,6150.0,40,6152.0,155,6149.0,95,6153.0,133,6148.0,57,6154.0,97,6147.0,69,6155.0,358,6146.0,128
1597988343639499008,1597988343936999936,2020-08-21 13:39:03.937000,6150.0,6188.0,6052.0,6138.0,nan,6118.179,2246009,206122288740.0,591000,6151.0,55,6150.0,37,6152.0,155,6149.0,95,6153.0,133,6148.0,58,6154.0,97,6147.0,69,6155.0,358,6146.0,128
1597988344136509952,1597988344374000128,2020-08-21 13:39:04.374000,6150.0,6188.0,6052.0,6138.0,nan,6118.179,2246011,206122473255.0,591001,6151.0,57,6150.0,37,6152.0,155,6149.0,96,6153.0,133,6148.0,59,6154.0,98,6147.0,69,6155.0,358,6146.0,133
1597988344618628096,1597988344918999808,2020-08-21 13:39:04.919000,6151.0,6188.0,6052.0,6138.0,nan,6118.179,2246015,206122842285.0,591001,6151.0,57,6150.0,38,6152.0,155,6149.0,98,6153.0,146,6148.0,59,6154.0,98,6147.0,69,6155.0,358,6146.0,133
1597988345141037056,1597988345416999936,2020-08-21 13:39:05.417000,6150.0,6188.0,6052.0,6138.0,nan,6118.179,2246018,206123119035.0,591000,6151.0,58,6150.0,49,6152.0,156,6149.0,99,6153.0,146,6148.0,59,6154.0,98,6147.0,69,6155.0,363,6146.0,134
1597988345640090880,1597988345923000064,2020-08-21 13:39:05.923000,6151.0,6188.0,6052.0,6138.0,nan,6118.18,2246019,206123211300.0,591000,6151.0,58,6150.0,49,6152.0,155,6149.0,99,6153.0,146,6148.0,59,6154.0,98,6147.0,73,6155.0,363,6146.0,134
1597988346122563072,1597988346420999936,2020-08-21 13:39:06.421000,6150.0,6188.0,6052.0,6138.0,nan,6118.18,2246024,206123672595.0,591000,6151.0,55,6150.0,48,6152.0,155,6149.0,99,6153.0,147,6148.0,59,6154.0,98,6147.0,73,6155.0,363,6146.0,134
1597988346647890944,1597988346920000000,2020-08-21 13:39:06.920000,6151.0,6188.0,6052.0,6138.0,nan,6118.18,2246028,206124041610.0,591002,6151.0,56,6150.0,49,6152.0,155,6149.0,100,6153.0,147,6148.0,59,6154.0,98,6147.0,73,6155.0,363,6146.0,133
1597988347376530944,1597988347420999936,2020-08-21 13:39:07.421000,6150.0,6188.0,6052.0,6138.0,nan,6118.18,2246062,206127178560.0,590987,6151.0,44,6150.0,47,6152.0,155,6149.0,100,6153.0,147,6148.0,59,6154.0,98,6147.0,74,6155.0,361,6146.0,133
1597988347614881024,1597988347923000064,2020-08-21 13:39:07.923000,6151.0,6188.0,6052.0,6138.0,nan,6118.18,2246073,206128193475.0,590992,6151.0,41,6150.0,52,6152.0,155,6149.0,101,6153.0,147,6148.0,59,6154.0,98,6147.0,72,6155.0,361,6146.0,133
1597988348119398912,1597988348430000128,2020-08-21 13:39:08.430000,6150.0,6188.0,6052.0,6138.0,nan,6118.18,2246076,206128470225.0,590994,6151.0,42,6150.0,49,6152.0,158,6149.0,104,6153.0,147,6148.0,59,6154.0,98,6147.0,72,6155.0,361,6146.0,133
1597988348637967872,1597988348932000000,2020-08-21 13:39:08.932000,6150.0,6188.0,6052.0,6138.0,nan,6118.18,2246076,206128470225.0,590994,6151.0,58,6150.0,49,6152.0,158,6149.0,104,6153.0,147,6148.0,59,6154.0,98,6147.0,73,6155.0,361,6146.0,133
1597988349122868992,1597988349437999872,2020-08-21 13:39:09.438000,6150.0,6188.0,6052.0,6138.0,nan,6118.18,2246076,206128470225.0,590994,6151.0,59,6150.0,49,6152.0,158,6149.0,104,6153.0,150,6148.0,59,6154.0,98,6147.0,73,6155.0,361,6146.0,133
1597988349607333888,1597988349898000128,2020-08-21 13:39:09.898000,6151.0,6188.0,6052.0,6138.0,nan,6118.18,2246081,206128931535.0,590996,6151.0,58,6150.0,48,6152.0,158,6149.0,104,6153.0,150,6148.0,59,6154.0,98,6147.0,68,6155.0,361,6146.0,133
1597988350113149952,1597988350412000000,2020-08-21 13:39:10.412000,6150.0,6188.0,6052.0,6138.0,nan,6118.18,2246082,206129023785.0,590996,6151.0,62,6150.0,47,6152.0,158,6149.0,103,6153.0,151,6148.0,59,6154.0,98,6147.0,68,6155.0,361,6146.0,133
1597988350657568000,1597988350888000000,2020-08-21 13:39:10.888000,6151.0,6188.0,6052.0,6138.0,nan,6118.181,2246105,206131145715.0,590995,6151.0,52,6150.0,36,6152.0,158,6149.0,103,6153.0,151,6148.0,59,6154.0,96,6147.0,68,6155.0,361,6146.0,133
1597988351118209024,1597988351423000064,2020-08-21 13:39:11.423000,6150.0,6188.0,6052.0,6138.0,nan,6118.181,2246121,206132621940.0,591009,6151.0,41,6150.0,37,6152.0,158,6149.0,103,6153.0,157,6148.0,59,6154.0,96,6147.0,65,6155.0,361,6146.0,133
1597988351653341952,1597988351935000064,2020-08-21 13:39:11.935000,6151.0,6188.0,6052.0,6138.0,nan,6118.181,2246130,206133452205.0,591011,6151.0,45,6150.0,33,6152.0,154,6149.0,103,6153.0,157,6148.0,61,6154.0,100,6147.0,65,6155.0,361,6146.0,139
1597988352124283904,1597988352436999936,2020-08-21 13:39:12.437000,6151.0,6188.0,6052.0,6138.0,nan,6118.181,2246138,206134190295.0,591014,6151.0,40,6150.0,30,6152.0,154,6149.0,103,6153.0,157,6148.0,61,6154.0,100,6147.0,66,6155.0,361,6146.0,139
1597988352684071936,1597988352927000064,2020-08-21 13:39:12.927000,6151.0,6188.0,6052.0,6138.0,nan,6118.181,2246140,206134374825.0,591015,6151.0,39,6150.0,34,6152.0,154,6149.0,103,6153.0,158,6148.0,61,6154.0,100,6147.0,66,6155.0,361,6146.0,139
1597988353175699968,1597988353404999936,2020-08-21 13:39:13.405000,6151.0,6188.0,6052.0,6138.0,nan,6118.181,2246140,206134374825.0,591015,6151.0,35,6150.0,59,6152.0,154,6149.0,103,6153.0,158,6148.0,61,6154.0,100,6147.0,65,6155.0,361,6146.0,139
1597988353608595968,1597988353924999936,2020-08-21 13:39:13.925000,6151.0,6188.0,6052.0,6138.0,nan,6118.181,2246140,206134374825.0,591015,6151.0,35,6150.0,61,6152.0,156,6149.0,103,6153.0,159,6148.0,61,6154.0,100,6147.0,65,6155.0,361,6146.0,140
1597988354129108992,1597988354382999808,2020-08-21 13:39:14.383000,6151.0,6188.0,6052.0,6138.0,nan,6118.181,2246143,206134651605.0,591014,6151.0,37,6150.0,60,6152.0,156,6149.0,101,6153.0,159,6148.0,61,6154.0,100,6147.0,65,6155.0,361,6146.0,140
1597988354634138880,1597988354903000064,2020-08-21 13:39:14.903000,6151.0,6188.0,6052.0,6138.0,nan,6118.181,2246147,206135020665.0,591011,6151.0,48,6150.0,62,6152.0,157,6149.0,101,6153.0,159,6148.0,61,6154.0,101,6147.0,64,6155.0,361,6146.0,140
1597988355111529984,1597988355434000128,2020-08-21 13:39:15.434000,6150.0,6188.0,6052.0,6138.0,nan,6118.181,2246148,206135112915.0,591010,6151.0,48,6150.0,62,6152.0,157,6149.0,101,6153.0,159,6148.0,62,6154.0,102,6147.0,64,6155.0,361,6146.0,140
1597988355630629120,1597988355934000128,2020-08-21 13:39:15.934000,6150.0,6188.0,6052.0,6138.0,nan,6118.181,2246152,206135481930.0,591007,6151.0,49,6150.0,60,6152.0,157,6149.0,101,6153.0,160,6148.0,62,6154.0,102,6147.0,64,6155.0,361,6146.0,140
1597988356124481024,1597988356436000000,2020-08-21 13:39:16.436000,6151.0,6188.0,6052.0,6138.0,nan,6118.182,2246168,206136958095.0,591015,6151.0,45,6150.0,53,6152.0,157,6149.0,101,6153.0,160,6148.0,62,6154.0,102,6147.0,64,6155.0,361,6146.0,140
1597988356611059968,1597988356924999936,2020-08-21 13:39:16.925000,6150.0,6188.0,6052.0,6138.0,nan,6118.182,2246211,206140925370.0,590985,6151.0,14,6150.0,45,6152.0,157,6149.0,106,6153.0,158,6148.0,62,6154.0,102,6147.0,64,6155.0,361,6146.0,141
1597988357115409920,1597988357430000128,2020-08-21 13:39:17.430000,6150.0,6188.0,6052.0,6138.0,nan,6118.182,2246223,206142032415.0,590980,6151.0,29,6150.0,40,6152.0,160,6149.0,106,6153.0,161,6148.0,61,6154.0,102,6147.0,64,6155.0,361,6146.0,141
1597988357610215936,1597988357931000064,2020-08-21 13:39:17.931000,6151.0,6188.0,6052.0,6138.0,nan,6118.183,2246264,206145815280.0,590956,6151.0,5,6150.0,40,6152.0,161,6149.0,106,6153.0,161,6148.0,61,6154.0,102,6147.0,64,6155.0,361,6146.0,141
1597988358130099968,1597988358344000000,2020-08-21 13:39:18.344000,6150.0,6188.0,6052.0,6138.0,nan,6118.183,2246266,206145999780.0,590957,6151.0,46,6150.0,45,6152.0,161,6149.0,106,6153.0,161,6148.0,61,6154.0,102,6147.0,66,6155.0,361,6146.0,141
1597988358614025984,1597988358920000000,2020-08-21 13:39:18.920000,6151.0,6188.0,6052.0,6138.0,nan,6118.183,2246287,206147937330.0,590961,6151.0,36,6150.0,43,6152.0,161,6149.0,106,6153.0,161,6148.0,61,6154.0,102,6147.0,66,6155.0,361,6146.0,141
1597988359126243072,1597988359424999936,2020-08-21 13:39:19.425000,6150.0,6188.0,6052.0,6138.0,nan,6118.184,2246297,206148859965.0,590970,6151.0,32,6150.0,46,6152.0,161,6149.0,106,6153.0,161,6148.0,61,6154.0,103,6147.0,66,6155.0,361,6146.0,141
1597988359617952000,1597988359923000064,2020-08-21 13:39:19.923000,6151.0,6188.0,6052.0,6138.0,nan,6118.184,2246299,206149044480.0,590972,6151.0,34,6150.0,45,6152.0,162,6149.0,106,6153.0,161,6148.0,61,6154.0,104,6147.0,66,6155.0,361,6146.0,151
1597988360123968000,1597988360408999936,2020-08-21 13:39:20.409000,6151.0,6188.0,6052.0,6138.0,nan,6118.184,2246299,206149044480.0,590972,6151.0,37,6150.0,53,6152.0,164,6149.0,106,6153.0,161,6148.0,61,6154.0,104,6147.0,67,6155.0,361,6146.0,124
1597988360618568960,1597988360845999872,2020-08-21 13:39:20.846000,6150.0,6188.0,6052.0,6138.0,nan,6118.184,2246356,206154302790.0,590966,6150.0,49,6149.0,106,6151.0,35,6148.0,61,6152.0,162,6147.0,67,6153.0,161,6146.0,124,6154.0,104,6145.0,97
1597988361127932928,1597988361430000128,2020-08-21 13:39:21.430000,6150.0,6188.0,6052.0,6138.0,nan,6118.185,2246368,206155409730.0,590968,6150.0,46,6149.0,102,6151.0,47,6148.0,61,6152.0,167,6147.0,67,6153.0,161,6146.0,124,6154.0,104,6145.0,97
1597988361622937088,1597988361904000000,2020-08-21 13:39:21.904000,6150.0,6188.0,6052.0,6138.0,nan,6118.185,2246373,206155870950.0,590968,6150.0,57,6149.0,103,6151.0,51,6148.0,61,6152.0,167,6147.0,77,6153.0,161,6146.0,124,6154.0,104,6145.0,92
1597988362126299904,1597988362424999936,2020-08-21 13:39:22.425000,6150.0,6188.0,6052.0,6138.0,nan,6118.185,2246375,206156055435.0,590967,6150.0,57,6149.0,100,6151.0,51,6148.0,61,6152.0,167,6147.0,77,6153.0,161,6146.0,124,6154.0,104,6145.0,92
1597988362668918016,1597988362903000064,2020-08-21 13:39:22.903000,6149.0,6188.0,6052.0,6138.0,nan,6118.185,2246381,206156608860.0,590963,6150.0,61,6149.0,96,6151.0,51,6148.0,62,6152.0,167,6147.0,77,6153.0,161,6146.0,124,6154.0,104,6145.0,92
1597988363139520000,1597988363433000192,2020-08-21 13:39:23.433000,6150.0,6188.0,6052.0,6138.0,nan,6118.185,2246387,206157162345.0,590959,6150.0,60,6149.0,97,6151.0,45,6148.0,62,6152.0,168,6147.0,78,6153.0,161,6146.0,124,6154.0,104,6145.0,92
1597988363627248128,1597988363923000064,2020-08-21 13:39:23.923000,6150.0,6188.0,6052.0,6138.0,nan,6118.185,2246389,206157346845.0,590959,6150.0,68,6149.0,97,6151.0,45,6148.0,62,6152.0,168,6147.0,80,6153.0,161,6146.0,124,6154.0,104,6145.0,92
1597988364115997952,1597988364416000000,2020-08-21 13:39:24.416000,6150.0,6188.0,6052.0,6138.0,nan,6118.185,2246403,206158638345.0,590959,6150.0,54,6149.0,95,6151.0,45,6148.0,62,6152.0,168,6147.0,81,6153.0,161,6146.0,124,6154.0,104,6145.0,92
1597988364617596928,1597988364924999936,2020-08-21 13:39:24.925000,6150.0,6188.0,6052.0,6138.0,nan,6118.185,2246403,206158638345.0,590959,6150.0,43,6149.0,95,6151.0,45,6148.0,62,6152.0,168,6147.0,81,6153.0,161,6146.0,124,6154.0,102,6145.0,92
1597988365120261120,1597988365427000064,2020-08-21 13:39:25.427000,6149.0,6188.0,6052.0,6138.0,nan,6118.185,2246414,206159652945.0,590950,6150.0,43,6149.0,85,6151.0,49,6148.0,62,6152.0,167,6147.0,81,6153.0,161,6146.0,124,6154.0,102,6145.0,93
1597988365611068928,1597988365927000064,2020-08-21 13:39:25.927000,6149.0,6188.0,6052.0,6138.0,nan,6118.185,2246418,206160021885.0,590954,6150.0,52,6149.0,88,6151.0,48,6148.0,62,6152.0,166,6147.0,81,6153.0,161,6146.0,124,6154.0,102,6145.0,93
1597988366147051008,1597988366421999872,2020-08-21 13:39:26.422000,6149.0,6188.0,6052.0,6138.0,nan,6118.185,2246419,206160114120.0,590954,6150.0,52,6149.0,88,6151.0,51,6148.0,62,6152.0,166,6147.0,81,6153.0,161,6146.0,123,6154.0,102,6145.0,93
1597988366651290112,1597988366920000000,2020-08-21 13:39:26.920000,6149.0,6188.0,6052.0,6138.0,nan,6118.185,2246421,206160298590.0,590952,6150.0,52,6149.0,86,6151.0,52,6148.0,62,6152.0,166,6147.0,81,6153.0,161,6146.0,123,6154.0,102,6145.0,93
1597988367133914112,1597988367416000000,2020-08-21 13:39:27.416000,6150.0,6188.0,6052.0,6138.0,nan,6118.185,2246426,206160759840.0,590948,6150.0,48,6149.0,87,6151.0,52,6148.0,65,6152.0,166,6147.0,81,6153.0,161,6146.0,123,6154.0,102,6145.0,93
1597988367621263872,1597988367901999872,2020-08-21 13:39:27.902000,6150.0,6188.0,6052.0,6138.0,nan,6118.185,2246427,206160852090.0,590947,6150.0,47,6149.0,89,6151.0,52,6148.0,65,6152.0,166,6147.0,81,6153.0,161,6146.0,123,6154.0,102,6145.0,94
1597988368126436096,1597988368420999936,2020-08-21 13:39:28.421000,6149.0,6188.0,6052.0,6138.0,nan,6118.186,2246469,206164725960.0,590972,6150.0,57,6149.0,47,6151.0,53,6148.0,65,6152.0,166,6147.0,81,6153.0,161,6146.0,123,6154.0,102,6145.0,94
1597988368618681088,1597988368928999936,2020-08-21 13:39:28.929000,6150.0,6188.0,6052.0,6138.0,nan,6118.186,2246471,206164910445.0,590971,6150.0,68,6149.0,47,6151.0,53,6148.0,65,6152.0,166,6147.0,81,6153.0,162,6146.0,123,6154.0,102,6145.0,94
1597988369117529088,1597988369394000128,2020-08-21 13:39:29.394000,6149.0,6188.0,6052.0,6138.0,nan,6118.186,2246484,206166109680.0,590968,6150.0,62,6149.0,49,6151.0,54,6148.0,65,6152.0,166,6147.0,81,6153.0,162,6146.0,123,6154.0,102,6145.0,94
1597988369608655104,1597988369829999872,2020-08-21 13:39:29.830000,6150.0,6188.0,6052.0,6138.0,nan,6118.186,2246491,206166755340.0,590963,6150.0,61,6149.0,43,6151.0,54,6148.0,61,6152.0,166,6147.0,85,6153.0,162,6146.0,123,6154.0,102,6145.0,94
1597988370137650944,1597988370428999936,2020-08-21 13:39:30.429000,6150.0,6188.0,6052.0,6138.0,nan,6118.186,2246491,206166755340.0,590963,6150.0,76,6149.0,54,6151.0,54,6148.0,61,6152.0,166,6147.0,86,6153.0,162,6146.0,123,6154.0,102,6145.0,94
1597988370633594112,1597988370926000128,2020-08-21 13:39:30.926000,6150.0,6188.0,6052.0,6138.0,nan,6118.186,2246496,206167216590.0,590962,6150.0,71,6149.0,58,6151.0,56,6148.0,61,6152.0,166,6147.0,86,6153.0,162,6146.0,123,6154.0,102,6145.0,94
1597988371129966080,1597988371364000000,2020-08-21 13:39:31.364000,6149.0,6188.0,6052.0,6138.0,nan,6118.186,2246501,206167677795.0,590961,6150.0,68,6149.0,55,6151.0,56,6148.0,62,6152.0,166,6147.0,87,6153.0,162,6146.0,123,6154.0,102,6145.0,94
1597988371635493120,1597988371914000128,2020-08-21 13:39:31.914000,6149.0,6188.0,6052.0,6138.0,nan,6118.186,2246502,206167770030.0,590962,6150.0,68,6149.0,55,6151.0,48,6148.0,62,6152.0,166,6147.0,85,6153.0,162,6146.0,123,6154.0,102,6145.0,94
1597988372113750016,1597988372426000128,2020-08-21 13:39:32.426000,6149.0,6188.0,6052.0,6138.0,nan,6118.186,2246504,206167954500.0,590963,6150.0,70,6149.0,58,6151.0,49,6148.0,67,6152.0,166,6147.0,85,6153.0,162,6146.0,123,6154.0,102,6145.0,94
1597988372618390016,1597988372927000064,2020-08-21 13:39:32.927000,6150.0,6188.0,6052.0,6138.0,nan,6118.186,2246505,206168046750.0,590963,6150.0,70,6149.0,59,6151.0,49,6148.0,71,6152.0,166,6147.0,85,6153.0,162,6146.0,123,6154.0,102,6145.0,94
1597988373132556032,1597988373426000128,2020-08-21 13:39:33.426000,6150.0,6188.0,6052.0,6138.0,nan,6118.186,2246507,206168231250.0,590962,6150.0,67,6149.0,59,6151.0,50,6148.0,71,6152.0,166,6147.0,85,6153.0,163,6146.0,123,6154.0,102,6145.0,94
1597988373612516096,1597988373934000128,2020-08-21 13:39:33.934000,6149.0,6188.0,6052.0,6138.0,nan,6118.187,2246513,206168784735.0,590964,6150.0,63,6149.0,58,6151.0,51,6148.0,71,6152.0,166,6147.0,85,6153.0,157,6146.0,123,6154.0,102,6145.0,93
1597988374119128064,1597988374433000192,2020-08-21 13:39:34.433000,6149.0,6188.0,6052.0,6138.0,nan,6118.187,2246519,206169338145.0,590969,6150.0,63,6149.0,52,6151.0,51,6148.0,71,6152.0,166,6147.0,85,6153.0,157,6146.0,123,6154.0,102,6145.0,93
1597988374648442112,1597988374936999936,2020-08-21 13:39:34.937000,6149.0,6188.0,6052.0,6138.0,nan,6118.187,2246520,206169430380.0,590970,6150.0,63,6149.0,48,6151.0,51,6148.0,71,6152.0,166,6147.0,85,6153.0,157,6146.0,123,6154.0,102,6145.0,93
1597988375114092032,1597988375430000128,2020-08-21 13:39:35.430000,6150.0,6188.0,6052.0,6138.0,nan,6118.187,2246526,206169983880.0,590968,6150.0,59,6149.0,51,6151.0,53,6148.0,71,6152.0,166,6147.0,89,6153.0,157,6146.0,123,6154.0,102,6145.0,93
1597988375616840960,1597988375897000192,2020-08-21 13:39:35.897000,6149.0,6188.0,6052.0,6138.0,nan,6118.187,2246528,206170168365.0,590968,6150.0,61,6149.0,50,6151.0,55,6148.0,71,6152.0,166,6147.0,91,6153.0,157,6146.0,123,6154.0,102,6145.0,93
1597988376108124928,1597988376411000064,2020-08-21 13:39:36.411000,6150.0,6188.0,6052.0,6138.0,nan,6118.188,2246599,206176718100.0,590933,6150.0,13,6149.0,53,6151.0,59,6148.0,71,6152.0,166,6147.0,90,6153.0,157,6146.0,123,6154.0,102,6145.0,93
1597988376622478080,1597988376935000064,2020-08-21 13:39:36.935000,6150.0,6188.0,6052.0,6138.0,nan,6118.188,2246599,206176718100.0,590933,6150.0,17,6149.0,60,6151.0,65,6148.0,71,6152.0,166,6147.0,106,6153.0,157,6146.0,123,6154.0,102,6145.0,93
1597988377129168896,1597988377420999936,2020-08-21 13:39:37.421000,6150.0,6188.0,6052.0,6138.0,nan,6118.188,2246618,206178470850.0,590918,6150.0,4,6149.0,60,6151.0,65,6148.0,72,6152.0,166,6147.0,107,6153.0,157,6146.0,126,6154.0,98,6145.0,93
1597988377626137088,1597988377936000000,2020-08-21 13:39:37.936000,6150.0,6188.0,6052.0,6138.0,nan,6118.188,2246628,206179393350.0,590924,6151.0,65,6150.0,30,6152.0,166,6149.0,60,6153.0,157,6148.0,71,6154.0,98,6147.0,107,6155.0,433,6146.0,126
1597988378123401984,1597988378437999872,2020-08-21 13:39:38.438000,6150.0,6188.0,6052.0,6138.0,nan,6118.188,2246646,206181053850.0,590926,6151.0,67,6150.0,14,6152.0,166,6149.0,62,6153.0,157,6148.0,71,6154.0,97,6147.0,107,6155.0,433,6146.0,126
1597988378619548928,1597988378920999936,2020-08-21 13:39:38.921000,6150.0,6188.0,6052.0,6138.0,nan,6118.188,2246650,206181422850.0,590930,6151.0,67,6150.0,17,6152.0,166,6149.0,62,6153.0,157,6148.0,71,6154.0,97,6147.0,107,6155.0,433,6146.0,116
1597988379115681024,1597988379394000128,2020-08-21 13:39:39.394000,6150.0,6188.0,6052.0,6138.0,nan,6118.189,2246653,206181699600.0,590931,6151.0,68,6150.0,14,6152.0,166,6149.0,62,6153.0,157,6148.0,70,6154.0,97,6147.0,167,6155.0,433,6146.0,116
1597988379619393024,1597988379928000000,2020-08-21 13:39:39.928000,6150.0,6188.0,6052.0,6138.0,nan,6118.189,2246662,206182529925.0,590931,6151.0,64,6150.0,16,6152.0,166,6149.0,62,6153.0,157,6148.0,70,6154.0,97,6147.0,167,6155.0,433,6146.0,116
1597988380128743936,1597988380382999808,2020-08-21 13:39:40.383000,6150.0,6188.0,6052.0,6138.0,nan,6118.189,2246673,206183544675.0,590929,6151.0,65,6150.0,12,6152.0,166,6149.0,62,6153.0,157,6148.0,70,6154.0,97,6147.0,167,6155.0,433,6146.0,116
1597988380623393024,1597988380934000128,2020-08-21 13:39:40.934000,6150.0,6188.0,6052.0,6138.0,nan,6118.189,2246681,206184282705.0,590926,6151.0,69,6150.0,20,6152.0,183,6149.0,62,6153.0,157,6148.0,70,6154.0,97,6147.0,167,6155.0,433,6146.0,116
1597988381132013056,1597988381404000000,2020-08-21 13:39:41.404000,6150.0,6188.0,6052.0,6138.0,nan,6118.189,2246694,206185482030.0,590927,6151.0,70,6150.0,14,6152.0,183,6149.0,62,6153.0,157,6148.0,70,6154.0,97,6147.0,166,6155.0,433,6146.0,116
1597988381621200896,1597988381904999936,2020-08-21 13:39:41.905000,6150.0,6188.0,6052.0,6138.0,nan,6118.189,2246713,206187234780.0,590928,6150.0,21,6149.0,62,6151.0,75,6148.0,71,6152.0,183,6147.0,166,6153.0,157,6146.0,116,6154.0,103,6145.0,96
1597988382123426048,1597988382435000064,2020-08-21 13:39:42.435000,6149.0,6188.0,6052.0,6138.0,nan,6118.189,2246720,206187880425.0,590928,6150.0,23,6149.0,55,6151.0,75,6148.0,77,6152.0,183,6147.0,166,6153.0,158,6146.0,116,6154.0,103,6145.0,95
1597988382624463872,1597988382921999872,2020-08-21 13:39:42.922000,6150.0,6188.0,6052.0,6138.0,nan,6118.19,2246727,206188526160.0,590928,6150.0,20,6149.0,59,6151.0,75,6148.0,77,6152.0,183,6147.0,167,6153.0,158,6146.0,117,6154.0,104,6145.0,95
1597988383106096896,1597988383423000064,2020-08-21 13:39:43.423000,6149.0,6188.0,6052.0,6138.0,nan,6118.19,2246729,206188710645.0,590928,6150.0,27,6149.0,59,6151.0,75,6148.0,77,6152.0,183,6147.0,167,6153.0,158,6146.0,117,6154.0,105,6145.0,95
1597988383622112000,1597988383916000000,2020-08-21 13:39:43.916000,6150.0,6188.0,6052.0,6138.0,nan,6118.19,2246730,206188802895.0,590929,6150.0,27,6149.0,61,6151.0,76,6148.0,77,6152.0,183,6147.0,167,6153.0,160,6146.0,117,6154.0,105,6145.0,95
1597988384128421888,1597988384434000128,2020-08-21 13:39:44.434000,6150.0,6188.0,6052.0,6138.0,nan,6118.19,2246736,206189356395.0,590929,6150.0,27,6149.0,61,6151.0,75,6148.0,77,6152.0,184,6147.0,167,6153.0,160,6146.0,117,6154.0,105,6145.0,94
1597988384618703104,1597988384924000000,2020-08-21 13:39:44.924000,6150.0,6188.0,6052.0,6138.0,nan,6118.19,2246742,206189909895.0,590935,6150.0,22,6149.0,62,6151.0,75,6148.0,77,6152.0,184,6147.0,167,6153.0,160,6146.0,117,6154.0,105,6145.0,94
1597988385123603968,1597988385400999936,2020-08-21 13:39:45.401000,6150.0,6188.0,6052.0,6138.0,nan,6118.19,2246742,206189909895.0,590935,6150.0,43,6149.0,61,6151.0,76,6148.0,78,6152.0,184,6147.0,167,6153.0,160,6146.0,117,6154.0,105,6145.0,94
1597988385612037888,1597988385924000000,2020-08-21 13:39:45.924000,6150.0,6188.0,6052.0,6138.0,nan,6118.19,2246747,206190371115.0,590935,6150.0,44,6149.0,60,6151.0,76,6148.0,78,6152.0,184,6147.0,167,6153.0,160,6146.0,117,6154.0,105,6145.0,94
1597988386129001984,1597988386428999936,2020-08-21 13:39:46.429000,6149.0,6188.0,6052.0,6138.0,nan,6118.19,2246756,206191201260.0,590940,6150.0,42,6149.0,56,6151.0,78,6148.0,78,6152.0,184,6147.0,167,6153.0,160,6146.0,116,6154.0,105,6145.0,94
1597988386623655936,1597988386927000064,2020-08-21 13:39:46.927000,6149.0,6188.0,6052.0,6138.0,nan,6118.19,2246756,206191201260.0,590940,6150.0,76,6149.0,56,6151.0,78,6148.0,79,6152.0,184,6147.0,167,6153.0,160,6146.0,116,6154.0,105,6145.0,93
1597988387138982912,1597988387426000128,2020-08-21 13:39:47.426000,6150.0,6188.0,6052.0,6138.0,nan,6118.19,2246757,206191293510.0,590939,6150.0,76,6149.0,62,6151.0,79,6148.0,79,6152.0,184,6147.0,167,6153.0,160,6146.0,116,6154.0,105,6145.0,93
1597988387632332032,1597988387872000000,2020-08-21 13:39:47.872000,6149.0,6188.0,6052.0,6138.0,nan,6118.19,2246759,206191477980.0,590939,6150.0,76,6149.0,61,6151.0,79,6148.0,79,6152.0,184,6147.0,167,6153.0,160,6146.0,116,6154.0,105,6145.0,96
1597988388124739072,1597988388436999936,2020-08-21 13:39:48.437000,6150.0,6188.0,6052.0,6138.0,nan,6118.19,2246762,206191754715.0,590939,6150.0,74,6149.0,59,6151.0,80,6148.0,82,6152.0,184,6147.0,167,6153.0,160,6146.0,116,6154.0,105,6145.0,96
1597988388630807040,1597988388936000000,2020-08-21 13:39:48.936000,6150.0,6188.0,6052.0,6138.0,nan,6118.19,2246762,206191754715.0,590939,6150.0,75,6149.0,59,6151.0,79,6148.0,82,6152.0,184,6147.0,167,6153.0,160,6146.0,115,6154.0,105,6145.0,96
1597988389134462976,1597988389374000128,2020-08-21 13:39:49.374000,6150.0,6188.0,6052.0,6138.0,nan,6118.19,2246773,206192769405.0,590941,6150.0,70,6149.0,63,6151.0,79,6148.0,82,6152.0,184,6147.0,167,6153.0,160,6146.0,115,6154.0,85,6145.0,97
1597988389613485056,1597988389934000128,2020-08-21 13:39:49.934000,6149.0,6188.0,6052.0,6138.0,nan,6118.19,2246775,206192953875.0,590940,6150.0,70,6149.0,62,6151.0,79,6148.0,82,6152.0,184,6147.0,167,6153.0,160,6146.0,118,6154.0,85,6145.0,97
1597988390124073984,1597988390432000000,2020-08-21 13:39:50.432000,6150.0,6188.0,6052.0,6138.0,nan,6118.191,2246797,206194983300.0,590942,6150.0,54,6149.0,57,6151.0,80,6148.0,82,6152.0,183,6147.0,167,6153.0,160,6146.0,118,6154.0,85,6145.0,97
1597988390632945920,1597988390937999872,2020-08-21 13:39:50.938000,6150.0,6188.0,6052.0,6138.0,nan,6118.191,2246801,206195352300.0,590938,6150.0,56,6149.0,63,6151.0,80,6148.0,82,6152.0,182,6147.0,167,6153.0,160,6146.0,118,6154.0,85,6145.0,97
1597988391129072128,1597988391348000000,2020-08-21 13:39:51.348000,6150.0,6188.0,6052.0,6138.0,nan,6118.191,2246813,206196459300.0,590934,6150.0,44,6149.0,62,6151.0,80,6148.0,82,6152.0,182,6147.0,167,6153.0,160,6146.0,118,6154.0,85,6145.0,97
1597988391615208960,1597988391932000000,2020-08-21 13:39:51.932000,6150.0,6188.0,6052.0,6138.0,nan,6118.191,2246813,206196459300.0,590934,6150.0,45,6149.0,63,6151.0,80,6148.0,82,6152.0,182,6147.0,167,6153.0,160,6146.0,118,6154.0,85,6145.0,98
1597988392119177984,1597988392435000064,2020-08-21 13:39:52.435000,6150.0,6188.0,6052.0,6138.0,nan,6118.191,2246834,206198396430.0,590950,6150.0,37,6149.0,55,6151.0,80,6148.0,83,6152.0,182,6147.0,167,6153.0,160,6146.0,118,6154.0,86,6145.0,98
1597988392615614976,1597988392937999872,2020-08-21 13:39:52.938000,6150.0,6188.0,6052.0,6138.0,nan,6118.191,2246835,206198488680.0,590950,6150.0,51,6149.0,56,6151.0,80,6148.0,83,6152.0,182,6147.0,167,6153.0,160,6146.0,118,6154.0,86,6145.0,98
1597988393130747904,1597988393432000000,2020-08-21 13:39:53.432000,6149.0,6188.0,6052.0,6138.0,nan,6118.192,2246895,206204022855.0,590975,6150.0,57,6148.0,83,6151.0,81,6147.0,167,6152.0,182,6146.0,118,6153.0,160,6145.0,98,6154.0,86,6144.0,244
1597988393610025984,1597988393904999936,2020-08-21 13:39:53.905000,6149.0,6188.0,6052.0,6138.0,nan,6118.192,2246901,206204576265.0,590974,6149.0,9,6148.0,84,6150.0,65,6147.0,166,6151.0,81,6146.0,118,6152.0,184,6145.0,97,6153.0,162,6144.0,244
1597988394116129024,1597988394424999936,2020-08-21 13:39:54.425000,6149.0,6188.0,6052.0,6138.0,nan,6118.192,2246905,206204945175.0,590972,6149.0,42,6148.0,88,6150.0,65,6147.0,166,6151.0,82,6146.0,118,6152.0,186,6145.0,98,6153.0,162,6144.0,244
1597988394625871104,1597988394903000064,2020-08-21 13:39:54.903000,6149.0,6188.0,6052.0,6138.0,nan,6118.192,2246905,206204945175.0,590972,6149.0,47,6148.0,83,6150.0,69,6147.0,166,6151.0,82,6146.0,118,6152.0,186,6145.0,98,6153.0,162,6144.0,244
1597988395121391104,1597988395416000000,2020-08-21 13:39:55.416000,6149.0,6188.0,6052.0,6138.0,nan,6118.192,2246917,206206051965.0,590964,6149.0,37,6148.0,80,6150.0,70,6147.0,166,6151.0,83,6146.0,118,6152.0,186,6145.0,97,6153.0,162,6144.0,243
1597988395617553920,1597988395937999872,2020-08-21 13:39:55.938000,6149.0,6188.0,6052.0,6138.0,nan,6118.192,2246917,206206051965.0,590964,6149.0,38,6148.0,80,6150.0,77,6147.0,167,6151.0,84,6146.0,118,6152.0,186,6145.0,97,6153.0,166,6144.0,243
1597988396114926080,1597988396436000000,2020-08-21 13:39:56.436000,6149.0,6188.0,6052.0,6138.0,nan,6118.192,2246927,206206974315.0,590968,6149.0,29,6148.0,81,6150.0,76,6147.0,167,6151.0,85,6146.0,117,6152.0,184,6145.0,97,6153.0,166,6144.0,243
1597988396637395968,1597988396937999872,2020-08-21 13:39:56.938000,6148.0,6188.0,6052.0,6138.0,nan,6118.192,2246931,206207343225.0,590965,6149.0,28,6148.0,79,6150.0,78,6147.0,167,6151.0,85,6146.0,127,6152.0,184,6145.0,96,6153.0,166,6144.0,243
1597988397117007872,1597988397437999872,2020-08-21 13:39:57.438000,6149.0,6188.0,6052.0,6138.0,nan,6118.193,2246940,206208173310.0,590960,6149.0,27,6148.0,81,6150.0,78,6147.0,167,6151.0,84,6146.0,127,6152.0,184,6145.0,96,6153.0,166,6144.0,243
1597988397623591936,1597988397901999872,2020-08-21 13:39:57.902000,6148.0,6188.0,6052.0,6138.0,nan,6118.194,2247021,206215643130.0,590960,6148.0,2,6147.0,167,6149.0,47,6146.0,127,6150.0,80,6145.0,96,6151.0,85,6144.0,243,6152.0,184,6143.0,208
1597988398149561088,1597988398421999872,2020-08-21 13:39:58.422000,6148.0,6188.0,6052.0,6138.0,nan,6118.194,2247070,206220161910.0,590939,6148.0,17,6147.0,167,6149.0,61,6146.0,130,6150.0,80,6145.0,97,6151.0,85,6144.0,240,6152.0,185,6143.0,208
1597988398614063104,1597988398860999936,2020-08-21 13:39:58.861000,6147.0,6188.0,6052.0,6138.0,nan,6118.194,2247075,206220622935.0,590935,6148.0,41,6147.0,163,6149.0,46,6146.0,130,6150.0,86,6145.0,97,6151.0,85,6144.0,240,6152.0,185,6143.0,208
1597988399112879104,1597988399408999936,2020-08-21 13:39:59.409000,6147.0,6188.0,6052.0,6138.0,nan,6118.197,2247245,206236297890.0,590965,6148.0,42,6146.0,130,6149.0,45,6145.0,103,6150.0,86,6144.0,240,6151.0,85,6143.0,208,6152.0,185,6142.0,128
1597988399610903040,1597988399924999936,2020-08-21 13:39:59.925000,6147.0,6188.0,6052.0,6138.0,nan,6118.198,2247328,206243951700.0,590929,6148.0,2,6147.0,10,6149.0,45,6146.0,426,6150.0,89,6145.0,107,6151.0,85,6144.0,239,6152.0,185,6143.0,209
1597988400120868096,1597988400420999936,2020-08-21 13:40:00.421000,6148.0,6188.0,6052.0,6138.0,nan,6118.198,2247341,206245150560.0,590937,6149.0,45,6148.0,29,6150.0,89,6147.0,144,6151.0,86,6146.0,132,6152.0,185,6145.0,104,6153.0,164,6144.0,239
1597988400622057984,1597988400937999872,2020-08-21 13:40:00.938000,6148.0,6188.0,6052.0,6138.0,nan,6118.198,2247364,206247271860.0,590935,6149.0,26,6148.0,13,6150.0,87,6147.0,93,6151.0,86,6146.0,132,6152.0,185,6145.0,106,6153.0,168,6144.0,239
1597988401105608960,1597988401428999936,2020-08-21 13:40:01.429000,6148.0,6188.0,6052.0,6138.0,nan,6118.198,2247366,206247456300.0,590936,6149.0,26,6148.0,26,6150.0,87,6147.0,94,6151.0,82,6146.0,129,6152.0,185,6145.0,110,6153.0,168,6144.0,239
1597988401613394944,1597988401930000128,2020-08-21 13:40:01.930000,6148.0,6188.0,6052.0,6138.0,nan,6118.198,2247371,206247917400.0,590939,6149.0,27,6148.0,26,6150.0,91,6147.0,95,6151.0,82,6146.0,129,6152.0,185,6145.0,110,6153.0,168,6144.0,239
1597988402129170944,1597988402413000192,2020-08-21 13:40:02.413000,6148.0,6188.0,6052.0,6138.0,nan,6118.198,2247371,206247917400.0,590939,6149.0,29,6148.0,33,6150.0,91,6147.0,100,6151.0,81,6146.0,229,6152.0,185,6145.0,110,6153.0,167,6144.0,239
1597988402602222080,1597988402918999808,2020-08-21 13:40:02.919000,6149.0,6188.0,6052.0,6138.0,nan,6118.198,2247372,206248009635.0,590940,6149.0,22,6148.0,46,6150.0,91,6147.0,101,6151.0,81,6146.0,220,6152.0,185,6145.0,110,6153.0,167,6144.0,239
1597988403116624896,1597988403432000000,2020-08-21 13:40:03.432000,6149.0,6188.0,6052.0,6138.0,nan,6118.199,2247399,206250499905.0,590933,6149.0,5,6148.0,49,6150.0,91,6147.0,101,6151.0,81,6146.0,220,6152.0,185,6145.0,110,6153.0,167,6144.0,239
1597988403631225088,1597988403924000000,2020-08-21 13:40:03.924000,6148.0,6188.0,6052.0,6138.0,nan,6118.199,2247408,206251329960.0,590925,6149.0,2,6148.0,54,6150.0,92,6147.0,102,6151.0,82,6146.0,220,6152.0,184,6145.0,110,6153.0,167,6144.0,239
1597988404137901056,1597988404411000064,2020-08-21 13:40:04.411000,6148.0,6188.0,6052.0,6138.0,nan,6118.199,2247410,206251514400.0,590924,6149.0,14,6148.0,52,6150.0,91,6147.0,99,6151.0,82,6146.0,220,6152.0,184,6145.0,110,6153.0,167,6144.0,239
1597988404628947968,1597988404903000064,2020-08-21 13:40:04.903000,6149.0,6188.0,6052.0,6138.0,nan,6118.199,2247421,206252528985.0,590915,6149.0,13,6148.0,52,6150.0,92,6147.0,99,6151.0,82,6146.0,222,6152.0,184,6145.0,110,6153.0,167,6144.0,239
1597988405136470016,1597988405420000000,2020-08-21 13:40:05.420000,6149.0,6188.0,6052.0,6138.0,nan,6118.199,2247424,206252805675.0,590914,6149.0,12,6148.0,57,6150.0,92,6147.0,100,6151.0,82,6146.0,222,6152.0,183,6145.0,110,6153.0,167,6144.0,239
1597988405632455936,1597988405897000192,2020-08-21 13:40:05.897000,6148.0,6188.0,6052.0,6138.0,nan,6118.199,2247447,206254926735.0,590918,6149.0,17,6148.0,34,6150.0,92,6147.0,100,6151.0,81,6146.0,222,6152.0,182,6145.0,110,6153.0,167,6144.0,239
1597988406135646976,1597988406427000064,2020-08-21 13:40:06.427000,6148.0,6188.0,6052.0,6138.0,nan,6118.199,2247447,206254926735.0,590918,6149.0,38,6148.0,32,6150.0,102,6147.0,101,6151.0,81,6146.0,229,6152.0,182,6145.0,110,6153.0,166,6144.0,239
1597988406630968064,1597988406927000064,2020-08-21 13:40:06.927000,6148.0,6188.0,6052.0,6138.0,nan,6118.199,2247459,206256033390.0,590924,6149.0,68,6148.0,19,6150.0,102,6147.0,101,6151.0,85,6146.0,229,6152.0,182,6145.0,110,6153.0,162,6144.0,239
1597988407244892928,1597988407437999872,2020-08-21 13:40:07.438000,6148.0,6188.0,6052.0,6138.0,nan,6118.2,2247484,206258338890.0,590936,6148.0,34,6147.0,102,6149.0,71,6146.0,231,6150.0,107,6145.0,110,6151.0,85,6144.0,239,6152.0,182,6143.0,228
1597988407617016064,1597988407897000192,2020-08-21 13:40:07.897000,6148.0,6188.0,6052.0,6138.0,nan,6118.2,2247484,206258338890.0,590936,6148.0,75,6147.0,103,6149.0,74,6146.0,231,6150.0,114,6145.0,111,6151.0,85,6144.0,239,6152.0,182,6143.0,228
1597988408119556096,1597988408431000064,2020-08-21 13:40:08.431000,6148.0,6188.0,6052.0,6138.0,nan,6118.2,2247484,206258338890.0,590936,6148.0,78,6147.0,100,6149.0,74,6146.0,232,6150.0,114,6145.0,110,6151.0,85,6144.0,239,6152.0,182,6143.0,228
1597988408628823040,1597988408918999808,2020-08-21 13:40:08.919000,6147.0,6188.0,6052.0,6138.0,nan,6118.2,2247486,206258523315.0,590936,6148.0,78,6147.0,101,6149.0,73,6146.0,232,6150.0,135,6145.0,110,6151.0,86,6144.0,239,6152.0,181,6143.0,228
1597988409130752000,1597988409415000064,2020-08-21 13:40:09.415000,6148.0,6188.0,6052.0,6138.0,nan,6118.2,2247492,206259076635.0,590937,6148.0,72,6147.0,102,6149.0,72,6146.0,232,6150.0,136,6145.0,119,6151.0,86,6144.0,239,6152.0,181,6143.0,228
1597988409630009088,1597988409904999936,2020-08-21 13:40:09.905000,6147.0,6188.0,6052.0,6138.0,nan,6118.2,2247493,206259168840.0,590937,6148.0,86,6147.0,103,6149.0,75,6146.0,232,6150.0,135,6145.0,119,6151.0,87,6144.0,239,6152.0,181,6143.0,228
1597988410114615040,1597988410403000064,2020-08-21 13:40:10.403000,6148.0,6188.0,6052.0,6138.0,nan,6118.2,2247496,206259445485.0,590939,6148.0,84,6147.0,102,6149.0,78,6146.0,232,6150.0,135,6145.0,119,6151.0,89,6144.0,240,6152.0,181,6143.0,228
1597988410635870976,1597988410931000064,2020-08-21 13:40:10.931000,6147.0,6188.0,6052.0,6138.0,nan,6118.2,2247503,206260090995.0,590939,6148.0,79,6147.0,107,6149.0,79,6146.0,233,6150.0,135,6145.0,120,6151.0,88,6144.0,240,6152.0,181,6143.0,228
1597988411123438080,1597988411436000000,2020-08-21 13:40:11.436000,6148.0,6188.0,6052.0,6138.0,nan,6118.2,2247506,206260367625.0,590939,6148.0,78,6147.0,105,6149.0,80,6146.0,235,6150.0,135,6145.0,120,6151.0,88,6144.0,240,6152.0,181,6143.0,228
1597988411624495104,1597988411924999936,2020-08-21 13:40:11.925000,6147.0,6188.0,6052.0,6138.0,nan,6118.2,2247524,206262027315.0,590951,6148.0,102,6147.0,91,6149.0,84,6146.0,235,6150.0,138,6145.0,123,6151.0,89,6144.0,240,6152.0,181,6143.0,228
1597988412117484032,1597988412411000064,2020-08-21 13:40:12.411000,6147.0,6188.0,6052.0,6138.0,nan,6118.2,2247543,206263779300.0,590953,6148.0,134,6147.0,78,6149.0,84,6146.0,236,6150.0,138,6145.0,125,6151.0,90,6144.0,240,6152.0,181,6143.0,228
1597988412662234112,1597988412930000128,2020-08-21 13:40:12.930000,6147.0,6188.0,6052.0,6138.0,nan,6118.201,2247622,206271063510.0,590978,6148.0,141,6146.0,233,6149.0,84,6145.0,125,6150.0,140,6144.0,240,6151.0,93,6143.0,228,6152.0,181,6142.0,127
1597988413127892992,1597988413426000128,2020-08-21 13:40:13.426000,6146.0,6188.0,6052.0,6138.0,nan,6118.201,2247624,206271247905.0,590979,6147.0,12,6146.0,220,6148.0,142,6145.0,130,6149.0,85,6144.0,240,6150.0,151,6143.0,228,6151.0,93,6142.0,127
1597988413670073088,1597988413916000000,2020-08-21 13:40:13.916000,6148.0,6188.0,6052.0,6138.0,nan,6118.203,2247704,206278624350.0,590969,6147.0,11,6146.0,216,6148.0,67,6145.0,130,6149.0,85,6144.0,240,6150.0,155,6143.0,228,6151.0,93,6142.0,127
1597988414126674944,1597988414356000000,2020-08-21 13:40:14.356000,6146.0,6188.0,6052.0,6138.0,nan,6118.203,2247716,206279730795.0,590963,6147.0,68,6146.0,215,6148.0,72,6145.0,130,6149.0,80,6144.0,240,6150.0,154,6143.0,228,6151.0,94,6142.0,127
1597988414633063936,1597988414920999936,2020-08-21 13:40:14.921000,6147.0,6188.0,6052.0,6138.0,nan,6118.203,2247729,206280929400.0,590961,6147.0,59,6146.0,211,6148.0,72,6145.0,131,6149.0,81,6144.0,240,6150.0,154,6143.0,228,6151.0,95,6142.0,127
1597988415127193088,1597988415437999872,2020-08-21 13:40:15.438000,6147.0,6188.0,6052.0,6138.0,nan,6118.203,2247740,206281943625.0,590950,6147.0,55,6146.0,209,6148.0,72,6145.0,131,6149.0,79,6144.0,240,6150.0,154,6143.0,228,6151.0,95,6142.0,127
1597988415694426112,1597988415935000064,2020-08-21 13:40:15.935000,6147.0,6188.0,6052.0,6138.0,nan,6118.203,2247743,206282220225.0,590948,6147.0,61,6146.0,212,6148.0,72,6145.0,129,6149.0,79,6144.0,240,6150.0,154,6143.0,228,6151.0,95,6142.0,127
1597988416138516992,1597988416325999872,2020-08-21 13:40:16.326000,6146.0,6188.0,6052.0,6138.0,nan,6118.203,2247749,206282773395.0,590946,6147.0,66,6146.0,208,6148.0,32,6145.0,129,6149.0,77,6144.0,240,6150.0,145,6143.0,228,6151.0,95,6142.0,127
1597988416609233920,1597988416935000064,2020-08-21 13:40:16.935000,6146.0,6188.0,6052.0,6138.0,nan,6118.203,2247768,206284525020.0,590930,6147.0,75,6146.0,190,6148.0,35,6145.0,128,6149.0,77,6144.0,240,6150.0,145,6143.0,228,6151.0,91,6142.0,127
1597988417131368960,1597988417420999936,2020-08-21 13:40:17.421000,6147.0,6188.0,6052.0,6138.0,nan,6118.203,2247771,206284801635.0,590930,6147.0,73,6146.0,191,6148.0,38,6145.0,131,6149.0,77,6144.0,240,6150.0,160,6143.0,228,6151.0,103,6142.0,127
1597988417623973888,1597988417892999936,2020-08-21 13:40:17.893000,6146.0,6188.0,6052.0,6138.0,nan,6118.205,2247879,206294758845.0,590910,6147.0,29,6146.0,130,6148.0,38,6145.0,129,6149.0,77,6144.0,241,6150.0,161,6143.0,228,6151.0,113,6142.0,127
1597988418115171072,1597988418427000064,2020-08-21 13:40:18.427000,6146.0,6188.0,6052.0,6138.0,nan,6118.205,2247886,206295404235.0,590910,6147.0,35,6146.0,164,6148.0,35,6145.0,128,6149.0,77,6144.0,241,6150.0,162,6143.0,228,6151.0,113,6142.0,125
1597988418608483072,1597988418931000064,2020-08-21 13:40:18.931000,6146.0,6188.0,6052.0,6138.0,nan,6118.205,2247904,206297063655.0,590899,6147.0,38,6146.0,147,6148.0,34,6145.0,128,6149.0,77,6144.0,241,6150.0,163,6143.0,228,6151.0,113,6142.0,125
1597988419119077120,1597988419430000128,2020-08-21 13:40:19.430000,6146.0,6188.0,6052.0,6138.0,nan,6118.205,2247907,206297340225.0,590896,6147.0,46,6146.0,144,6148.0,34,6145.0,128,6149.0,78,6144.0,242,6150.0,164,6143.0,228,6151.0,113,6142.0,125
1597988419620918016,1597988419924999936,2020-08-21 13:40:19.925000,6146.0,6188.0,6052.0,6138.0,nan,6118.205,2247928,206299276515.0,590908,6147.0,26,6146.0,145,6148.0,34,6145.0,127,6149.0,78,6144.0,242,6150.0,164,6143.0,228,6151.0,112,6142.0,125
1597988420102338048,1597988420433000192,2020-08-21 13:40:20.433000,6146.0,6188.0,6052.0,6138.0,nan,6118.206,2247945,206300843745.0,590906,6147.0,27,6146.0,129,6148.0,34,6145.0,128,6149.0,78,6144.0,243,6150.0,159,6143.0,228,6151.0,112,6142.0,125
1597988420683424000,1597988420932000000,2020-08-21 13:40:20.932000,6147.0,6188.0,6052.0,6138.0,nan,6118.206,2247946,206300935950.0,590905,6147.0,29,6146.0,128,6148.0,35,6145.0,128,6149.0,78,6144.0,244,6150.0,155,6143.0,228,6151.0,112,6142.0,125
1597988421117445888,1597988421390000128,2020-08-21 13:40:21.390000,6146.0,6188.0,6052.0,6138.0,nan,6118.206,2247957,206301950040.0,590905,6147.0,38,6146.0,119,6148.0,35,6145.0,128,6149.0,78,6144.0,244,6150.0,155,6143.0,233,6151.0,113,6142.0,125
1597988421618722048,1597988421928000000,2020-08-21 13:40:21.928000,6146.0,6188.0,6052.0,6138.0,nan,6118.206,2247962,206302411005.0,590901,6147.0,38,6146.0,120,6148.0,35,6145.0,125,6149.0,75,6144.0,244,6150.0,156,6143.0,233,6151.0,113,6142.0,125
1597988422102423040,1597988422401999872,2020-08-21 13:40:22.402000,6146.0,6188.0,6052.0,6138.0,nan,6118.206,2247975,206303609550.0,590894,6147.0,33,6146.0,109,6148.0,35,6145.0,125,6149.0,75,6144.0,244,6150.0,147,6143.0,233,6151.0,113,6142.0,125
1597988422649266944,1597988422921999872,2020-08-21 13:40:22.922000,6146.0,6188.0,6052.0,6138.0,nan,6118.206,2247978,206303886120.0,590894,6147.0,43,6146.0,108,6148.0,37,6145.0,124,6149.0,73,6144.0,247,6150.0,142,6143.0,233,6151.0,112,6142.0,125
1597988423108018944,1597988423430000128,2020-08-21 13:40:23.430000,6146.0,6188.0,6052.0,6138.0,nan,6118.206,2247982,206304254925.0,590896,6147.0,42,6146.0,109,6148.0,37,6145.0,124,6149.0,77,6144.0,247,6150.0,142,6143.0,233,6151.0,117,6142.0,125
1597988423616176896,1597988423857000192,2020-08-21 13:40:23.857000,6147.0,6188.0,6052.0,6138.0,nan,6118.206,2247995,206305453485.0,590891,6147.0,37,6146.0,102,6148.0,37,6145.0,125,6149.0,81,6144.0,247,6150.0,142,6143.0,233,6151.0,117,6142.0,125
1597988424166067968,1597988424434000128,2020-08-21 13:40:24.434000,6146.0,6188.0,6052.0,6138.0,nan,6118.206,2247999,206305822245.0,590891,6147.0,38,6146.0,98,6148.0,36,6145.0,125,6149.0,79,6144.0,249,6150.0,142,6143.0,233,6151.0,117,6142.0,125
1597988424622006016,1597988424924000000,2020-08-21 13:40:24.924000,6147.0,6188.0,6052.0,6138.0,nan,6118.206,2248005,206306375415.0,590891,6147.0,43,6146.0,96,6148.0,37,6145.0,128,6149.0,79,6144.0,249,6150.0,141,6143.0,233,6151.0,119,6142.0,125
1597988425119262976,1597988425424999936,2020-08-21 13:40:25.425000,6147.0,6188.0,6052.0,6138.0,nan,6118.206,2248013,206307113025.0,590890,6147.0,38,6146.0,114,6148.0,37,6145.0,128,6149.0,79,6144.0,249,6150.0,141,6143.0,233,6151.0,120,6142.0,125
1597988425624241920,1597988425930000128,2020-08-21 13:40:25.930000,6146.0,6188.0,6052.0,6138.0,nan,6118.207,2248032,206308864665.0,590875,6147.0,35,6146.0,97,6148.0,37,6145.0,128,6149.0,79,6144.0,249,6150.0,142,6143.0,234,6151.0,115,6142.0,125
1597988426149236992,1597988426431000064,2020-08-21 13:40:26.431000,6147.0,6188.0,6052.0,6138.0,nan,6118.207,2248035,206309141265.0,590873,6147.0,40,6146.0,101,6148.0,38,6145.0,128,6149.0,80,6144.0,249,6150.0,144,6143.0,234,6151.0,115,6142.0,125
1597988426847296000,1597988426934000128,2020-08-21 13:40:26.934000,6146.0,6188.0,6052.0,6138.0,nan,6118.207,2248037,206309325645.0,590872,6147.0,47,6146.0,99,6148.0,38,6145.0,128,6149.0,80,6144.0,248,6150.0,144,6143.0,234,6151.0,115,6142.0,125
1597988427139655936,1597988427434000128,2020-08-21 13:40:27.434000,6147.0,6188.0,6052.0,6138.0,nan,6118.207,2248044,206309971065.0,590870,6147.0,41,6146.0,98,6148.0,38,6145.0,128,6149.0,80,6144.0,298,6150.0,144,6143.0,234,6151.0,112,6142.0,126
1597988427623200000,1597988427918999808,2020-08-21 13:40:27.919000,6147.0,6188.0,6052.0,6138.0,nan,6118.207,2248046,206310155460.0,590870,6147.0,50,6146.0,103,6148.0,38,6145.0,127,6149.0,80,6144.0,298,6150.0,144,6143.0,234,6151.0,112,6142.0,126
1597988428122885888,1597988428412000000,2020-08-21 13:40:28.412000,6147.0,6188.0,6052.0,6138.0,nan,6118.207,2248046,206310155460.0,590870,6147.0,77,6146.0,106,6148.0,38,6145.0,127,6149.0,80,6144.0,298,6150.0,145,6143.0,235,6151.0,112,6142.0,126
1597988428609527040,1597988428924999936,2020-08-21 13:40:28.925000,6146.0,6188.0,6052.0,6138.0,nan,6118.207,2248049,206310432030.0,590872,6147.0,78,6146.0,103,6148.0,38,6145.0,127,6149.0,79,6144.0,298,6150.0,145,6143.0,235,6151.0,112,6142.0,126
1597988429111716096,1597988429424999936,2020-08-21 13:40:29.425000,6146.0,6188.0,6052.0,6138.0,nan,6118.207,2248058,206311261785.0,590879,6147.0,79,6146.0,96,6148.0,68,6145.0,129,6149.0,79,6144.0,303,6150.0,146,6143.0,235,6151.0,112,6142.0,126
1597988429608635904,1597988429936999936,2020-08-21 13:40:29.937000,6147.0,6188.0,6052.0,6138.0,nan,6118.207,2248064,206311815015.0,590878,6147.0,73,6146.0,96,6148.0,69,6145.0,129,6149.0,79,6144.0,303,6150.0,146,6143.0,235,6151.0,116,6142.0,126
