local_nano_time,quote_nano_time,datetime,last_price,highest,lowest,open,close,average,volume,amount,open_interest,ask_price1,ask_volume1,bid_price1,bid_volume1,ask_price2,ask_volume2,bid_price2,bid_volume2,ask_price3,ask_volume3,bid_price3,bid_volume3,ask_price4,ask_volume4,bid_price4,bid_volume4,ask_price5,ask_volume5,bid_price5,bid_volume5
1597988227124749056,1597988227436000000,2020-08-21 13:37:07.436000,3968.0,3980.0,3940.0,3940.0,nan,3963.135,122966,4873308670.0,365972,3969.0,96,3968.0,37,3970.0,63,3967.0,72,3971.0,86,3966.0,105,3972.0,137,3965.0,83,3973.0,89,3964.0,44
1597988227627051008,1597988227936000000,2020-08-21 13:37:07.936000,3968.0,3980.0,3940.0,3940.0,nan,3963.135,122966,4873308670.0,365972,3969.0,94,3968.0,37,3970.0,63,3967.0,72,3971.0,86,3966.0,105,3972.0,137,3965.0,83,3973.0,89,3964.0,44
1597988228117451008,1597988228427000064,2020-08-21 13:37:08.427000,3968.0,3980.0,3940.0,3940.0,nan,3963.135,122967,4873348350.0,365973,3969.0,91,3968.0,36,3970.0,63,3967.0,72,3971.0,86,3966.0,105,3972.0,136,3965.0,83,3973.0,89,3964.0,44
1597988228621507072,1597988228901999872,2020-08-21 13:37:08.902000,3968.0,3980.0,3940.0,3940.0,nan,3963.135,122967,4873348350.0,365973,3969.0,98,3968.0,36,3970.0,63,3967.0,72,3971.0,86,3966.0,105,3972.0,136,3965.0,83,3973.0,89,3964.0,44
1597988229118619904,1597988229431000064,2020-08-21 13:37:09.431000,3968.0,3980.0,3940.0,3940.0,nan,3963.135,122967,4873348350.0,365973,3969.0,98,3968.0,36,3970.0,64,3967.0,72,3971.0,86,3966.0,105,3972.0,136,3965.0,83,3973.0,89,3964.0,44
1597988230146874880,1597988230432000000,2020-08-21 13:37:10.432000,3968.0,3980.0,3940.0,3940.0,nan,3963.135,122967,4873348350.0,365973,3969.0,98,3968.0,36,3970.0,64,3967.0,72,3971.0,86,3966.0,105,3972.0,135,3965.0,83,3973.0,89,3964.0,44
1597988230617072896,1597988230935000064,2020-08-21 13:37:10.935000,3968.0,3980.0,3940.0,3940.0,nan,3963.135,122969,4873427710.0,365974,3969.0,98,3968.0,34,3970.0,64,3967.0,72,3971.0,86,3966.0,105,3972.0,135,3965.0,83,3973.0,89,3964.0,44
1597988231629460992,1597988231910000128,2020-08-21 13:37:11.910000,3968.0,3980.0,3940.0,3940.0,nan,3963.135,122969,4873427710.0,365974,3969.0,98,3968.0,39,3970.0,64,3967.0,72,3971.0,87,3966.0,105,3972.0,134,3965.0,83,3973.0,89,3964.0,44
1597988232128215040,1597988232423000064,2020-08-21 13:37:12.423000,3968.0,3980.0,3940.0,3940.0,nan,3963.135,122969,4873427710.0,365974,3969.0,98,3968.0,39,3970.0,64,3967.0,72,3971.0,92,3966.0,105,3972.0,134,3965.0,83,3973.0,89,3964.0,44
1597988233122168064,1597988233405999872,2020-08-21 13:37:13.406000,3968.0,3980.0,3940.0,3940.0,nan,3963.135,122969,4873427710.0,365974,3969.0,98,3968.0,39,3970.0,64,3967.0,72,3971.0,92,3966.0,105,3972.0,134,3965.0,85,3973.0,89,3964.0,44
1597988233630403072,1597988233912000000,2020-08-21 13:37:13.912000,3968.0,3980.0,3940.0,3940.0,nan,3963.135,122969,4873427710.0,365974,3969.0,98,3968.0,39,3970.0,59,3967.0,72,3971.0,92,3966.0,105,3972.0,134,3965.0,85,3973.0,89,3964.0,44
1597988234142355968,1597988234427000064,2020-08-21 13:37:14.427000,3968.0,3980.0,3940.0,3940.0,nan,3963.135,122969,4873427710.0,365974,3969.0,98,3968.0,41,3970.0,59,3967.0,72,3971.0,92,3966.0,105,3972.0,134,3965.0,84,3973.0,89,3964.0,44
1597988234625615104,1597988234937999872,2020-08-21 13:37:14.938000,3968.0,3980.0,3940.0,3940.0,nan,3963.135,122969,4873427710.0,365974,3969.0,98,3968.0,42,3970.0,59,3967.0,72,3971.0,92,3966.0,105,3972.0,134,3965.0,84,3973.0,89,3964.0,44
1597988235132442880,1597988235413000192,2020-08-21 13:37:15.413000,3968.0,3980.0,3940.0,3940.0,nan,3963.135,122969,4873427710.0,365974,3969.0,98,3968.0,42,3970.0,58,3967.0,72,3971.0,92,3966.0,105,3972.0,134,3965.0,84,3973.0,89,3964.0,44
1597988237628296960,1597988237934000128,2020-08-21 13:37:17.934000,3969.0,3980.0,3940.0,3940.0,nan,3963.135,122971,4873507090.0,365975,3969.0,96,3968.0,42,3970.0,59,3967.0,72,3971.0,92,3966.0,105,3972.0,134,3965.0,84,3973.0,89,3964.0,44
1597988238114793984,1597988238430000128,2020-08-21 13:37:18.430000,3968.0,3980.0,3940.0,3940.0,nan,3963.135,122972,4873546770.0,365975,3969.0,98,3968.0,41,3970.0,59,3967.0,72,3971.0,92,3966.0,105,3972.0,132,3965.0,84,3973.0,89,3964.0,44
1597988238622607104,1597988238932000000,2020-08-21 13:37:18.932000,3968.0,3980.0,3940.0,3940.0,nan,3963.135,122972,4873546770.0,365975,3969.0,101,3968.0,42,3970.0,59,3967.0,72,3971.0,92,3966.0,105,3972.0,132,3965.0,84,3973.0,89,3964.0,45
1597988241129988096,1597988241423000064,2020-08-21 13:37:21.423000,3968.0,3980.0,3940.0,3940.0,nan,3963.135,122972,4873546770.0,365975,3969.0,101,3968.0,43,3970.0,59,3967.0,72,3971.0,92,3966.0,105,3972.0,132,3965.0,84,3973.0,89,3964.0,45
1597988241634897920,1597988241936000000,2020-08-21 13:37:21.936000,3968.0,3980.0,3940.0,3940.0,nan,3963.135,122972,4873546770.0,365975,3969.0,101,3968.0,43,3970.0,59,3967.0,72,3971.0,93,3966.0,105,3972.0,132,3965.0,84,3973.0,89,3964.0,45
1597988242140760064,1597988242423000064,2020-08-21 13:37:22.423000,3968.0,3980.0,3940.0,3940.0,nan,3963.135,122972,4873546770.0,365975,3969.0,101,3968.0,43,3970.0,59,3967.0,72,3971.0,92,3966.0,105,3972.0,132,3965.0,84,3973.0,89,3964.0,45
1597988243120048896,1597988243432000000,2020-08-21 13:37:23.432000,3968.0,3980.0,3940.0,3940.0,nan,3963.135,122973,4873586450.0,365975,3969.0,101,3968.0,42,3970.0,59,3967.0,72,3971.0,92,3966.0,105,3972.0,132,3965.0,84,3973.0,89,3964.0,45
1597988243630980096,1597988243917999872,2020-08-21 13:37:23.918000,3969.0,3980.0,3940.0,3940.0,nan,3963.135,122974,4873626140.0,365975,3969.0,101,3968.0,42,3970.0,59,3967.0,72,3971.0,92,3966.0,105,3972.0,132,3965.0,84,3973.0,89,3964.0,45
1597988244114345984,1597988244433000192,2020-08-21 13:37:24.433000,3969.0,3980.0,3940.0,3940.0,nan,3963.135,122974,4873626140.0,365975,3969.0,101,3968.0,45,3970.0,59,3967.0,72,3971.0,92,3966.0,105,3972.0,132,3965.0,84,3973.0,89,3964.0,45
1597988245626359040,1597988245882999808,2020-08-21 13:37:25.883000,3969.0,3980.0,3940.0,3940.0,nan,3963.135,122974,4873626140.0,365975,3969.0,101,3968.0,45,3970.0,59,3967.0,72,3971.0,92,3966.0,106,3972.0,132,3965.0,84,3973.0,89,3964.0,45
1597988246667369984,1597988246932000000,2020-08-21 13:37:26.932000,3969.0,3980.0,3940.0,3940.0,nan,3963.136,122979,4873824590.0,365975,3969.0,96,3968.0,46,3970.0,59,3967.0,72,3971.0,92,3966.0,106,3972.0,132,3965.0,84,3973.0,89,3964.0,45
1597988247126768128,1597988247436999936,2020-08-21 13:37:27.437000,3969.0,3980.0,3940.0,3940.0,nan,3963.136,122979,4873824590.0,365975,3969.0,99,3968.0,46,3970.0,59,3967.0,72,3971.0,92,3966.0,106,3972.0,132,3965.0,84,3973.0,89,3964.0,45
1597988248154919936,1597988248420999936,2020-08-21 13:37:28.421000,3969.0,3980.0,3940.0,3940.0,nan,3963.136,122979,4873824590.0,365975,3969.0,99,3968.0,46,3970.0,59,3967.0,72,3971.0,92,3966.0,106,3972.0,132,3965.0,84,3973.0,89,3964.0,44
1597988248637101056,1597988248938999808,2020-08-21 13:37:28.939000,3969.0,3980.0,3940.0,3940.0,nan,3963.136,122980,4873864280.0,365976,3969.0,98,3968.0,46,3970.0,59,3967.0,72,3971.0,92,3966.0,103,3972.0,132,3965.0,84,3973.0,89,3964.0,44
1597988250185099008,1597988250435000064,2020-08-21 13:37:30.435000,3969.0,3980.0,3940.0,3940.0,nan,3963.136,122981,4873903970.0,365976,3969.0,97,3968.0,46,3970.0,58,3967.0,72,3971.0,92,3966.0,103,3972.0,132,3965.0,84,3973.0,91,3964.0,44
1597988250629870080,1597988250933000192,2020-08-21 13:37:30.933000,3969.0,3980.0,3940.0,3940.0,nan,3963.136,122981,4873903970.0,365976,3969.0,97,3968.0,46,3970.0,58,3967.0,72,3971.0,93,3966.0,103,3972.0,132,3965.0,84,3973.0,91,3964.0,44
1597988251649445120,1597988251914000128,2020-08-21 13:37:31.914000,3969.0,3980.0,3940.0,3940.0,nan,3963.136,122981,4873903970.0,365976,3969.0,97,3968.0,46,3970.0,58,3967.0,72,3971.0,93,3966.0,103,3972.0,132,3965.0,84,3973.0,91,3964.0,43
1597988252131933952,1597988252421999872,2020-08-21 13:37:32.422000,3969.0,3980.0,3940.0,3940.0,nan,3963.136,122981,4873903970.0,365976,3969.0,97,3968.0,46,3970.0,60,3967.0,72,3971.0,93,3966.0,103,3972.0,132,3965.0,84,3973.0,91,3964.0,43
1597988252640418048,1597988252933000192,2020-08-21 13:37:32.933000,3968.0,3980.0,3940.0,3940.0,nan,3963.136,122986,4874102370.0,365976,3969.0,97,3968.0,44,3970.0,60,3967.0,72,3971.0,93,3966.0,103,3972.0,132,3965.0,84,3973.0,91,3964.0,43
1597988253131363072,1597988253424000000,2020-08-21 13:37:33.424000,3969.0,3980.0,3940.0,3940.0,nan,3963.136,122987,4874142060.0,365975,3969.0,96,3968.0,45,3970.0,60,3967.0,72,3971.0,93,3966.0,103,3972.0,132,3965.0,84,3973.0,91,3964.0,43
1597988253626486016,1597988253898999808,2020-08-21 13:37:33.899000,3969.0,3980.0,3940.0,3940.0,nan,3963.136,122987,4874142060.0,365975,3969.0,97,3968.0,45,3970.0,60,3967.0,72,3971.0,93,3966.0,103,3972.0,132,3965.0,84,3973.0,91,3964.0,43
1597988254118260992,1597988254438999808,2020-08-21 13:37:34.439000,3969.0,3980.0,3940.0,3940.0,nan,3963.136,122990,4874261130.0,365975,3969.0,94,3968.0,45,3970.0,58,3967.0,72,3971.0,97,3966.0,103,3972.0,132,3965.0,84,3973.0,91,3964.0,43
1597988256113080064,1597988256426000128,2020-08-21 13:37:36.426000,3969.0,3980.0,3940.0,3940.0,nan,3963.136,122990,4874261130.0,365975,3969.0,94,3968.0,47,3970.0,58,3967.0,72,3971.0,97,3966.0,103,3972.0,142,3965.0,84,3973.0,91,3964.0,43
1597988256639568896,1597988256924999936,2020-08-21 13:37:36.925000,3969.0,3980.0,3940.0,3940.0,nan,3963.136,122990,4874261130.0,365975,3969.0,94,3968.0,48,3970.0,58,3967.0,72,3971.0,97,3966.0,103,3972.0,142,3965.0,84,3973.0,91,3964.0,43
1597988257117120000,1597988257427000064,2020-08-21 13:37:37.427000,3969.0,3980.0,3940.0,3940.0,nan,3963.136,122990,4874261130.0,365975,3969.0,94,3968.0,49,3970.0,58,3967.0,72,3971.0,97,3966.0,103,3972.0,142,3965.0,85,3973.0,91,3964.0,43
1597988257615481088,1597988257933000192,2020-08-21 13:37:37.933000,3968.0,3980.0,3940.0,3940.0,nan,3963.136,122991,4874300810.0,365976,3969.0,94,3968.0,48,3970.0,58,3967.0,72,3971.0,97,3966.0,103,3972.0,142,3965.0,85,3973.0,91,3964.0,43
1597988258607951104,1597988258935000064,2020-08-21 13:37:38.935000,3968.0,3980.0,3940.0,3940.0,nan,3963.136,122991,4874300810.0,365976,3969.0,95,3968.0,48,3970.0,58,3967.0,72,3971.0,97,3966.0,103,3972.0,142,3965.0,85,3973.0,91,3964.0,43
1597988260123021056,1597988260427000064,2020-08-21 13:37:40.427000,3968.0,3980.0,3940.0,3940.0,nan,3963.136,122993,4874380170.0,365978,3969.0,95,3968.0,46,3970.0,58,3967.0,72,3971.0,97,3966.0,103,3972.0,142,3965.0,85,3973.0,91,3964.0,43
1597988260619147008,1597988260932000000,2020-08-21 13:37:40.932000,3968.0,3980.0,3940.0,3940.0,nan,3963.136,122993,4874380170.0,365978,3969.0,95,3968.0,46,3970.0,58,3967.0,72,3971.0,97,3966.0,103,3972.0,140,3965.0,85,3973.0,91,3964.0,43
1597988261149164032,1597988261436000000,2020-08-21 13:37:41.436000,3968.0,3980.0,3940.0,3940.0,nan,3963.136,122994,4874419850.0,365979,3969.0,96,3968.0,45,3970.0,58,3967.0,72,3971.0,97,3966.0,103,3972.0,140,3965.0,85,3973.0,91,3964.0,43
1597988261606949888,1597988261931000064,2020-08-21 13:37:41.931000,3968.0,3980.0,3940.0,3940.0,nan,3963.136,122994,4874419850.0,365979,3969.0,98,3968.0,45,3970.0,58,3967.0,72,3971.0,97,3966.0,103,3972.0,140,3965.0,85,3973.0,91,3964.0,43
1597988262118761984,1597988262435000064,2020-08-21 13:37:42.435000,3968.0,3980.0,3940.0,3940.0,nan,3963.136,122994,4874419850.0,365979,3969.0,98,3968.0,45,3970.0,58,3967.0,72,3971.0,97,3966.0,103,3972.0,140,3965.0,85,3973.0,91,3964.0,42
1597988262629552896,1597988262910000128,2020-08-21 13:37:42.910000,3968.0,3980.0,3940.0,3940.0,nan,3963.136,122994,4874419850.0,365979,3969.0,99,3968.0,45,3970.0,58,3967.0,72,3971.0,97,3966.0,103,3972.0,140,3965.0,85,3973.0,91,3964.0,42
1597988264120546048,1597988264433000192,2020-08-21 13:37:44.433000,3968.0,3980.0,3940.0,3940.0,nan,3963.136,122994,4874419850.0,365979,3969.0,100,3968.0,45,3970.0,58,3967.0,72,3971.0,97,3966.0,103,3972.0,139,3965.0,85,3973.0,91,3964.0,42
1597988264622809088,1597988264935000064,2020-08-21 13:37:44.935000,3968.0,3980.0,3940.0,3940.0,nan,3963.136,122994,4874419850.0,365979,3969.0,97,3968.0,45,3970.0,58,3967.0,72,3971.0,97,3966.0,103,3972.0,139,3965.0,85,3973.0,91,3964.0,42
1597988265134758912,1597988265413000192,2020-08-21 13:37:45.413000,3969.0,3980.0,3940.0,3940.0,nan,3963.137,122999,4874618300.0,365980,3969.0,92,3968.0,53,3970.0,58,3967.0,72,3971.0,97,3966.0,103,3972.0,139,3965.0,85,3973.0,91,3964.0,42
1597988265626999040,1597988265935000064,2020-08-21 13:37:45.935000,3969.0,3980.0,3940.0,3940.0,nan,3963.137,122999,4874618300.0,365980,3969.0,89,3968.0,65,3970.0,58,3967.0,79,3971.0,97,3966.0,104,3972.0,139,3965.0,85,3973.0,91,3964.0,42
1597988266149804032,1597988266424999936,2020-08-21 13:37:46.425000,3969.0,3980.0,3940.0,3940.0,nan,3963.137,122999,4874618300.0,365980,3969.0,90,3968.0,62,3970.0,58,3967.0,79,3971.0,97,3966.0,104,3972.0,139,3965.0,85,3973.0,91,3964.0,42
1597988267139671040,1597988267416999936,2020-08-21 13:37:47.417000,3968.0,3980.0,3940.0,3940.0,nan,3963.137,123000,4874657980.0,365980,3969.0,90,3968.0,61,3970.0,58,3967.0,79,3971.0,96,3966.0,104,3972.0,139,3965.0,80,3973.0,91,3964.0,42
1597988268637590016,1597988268924999936,2020-08-21 13:37:48.925000,3968.0,3980.0,3940.0,3940.0,nan,3963.137,123000,4874657980.0,365980,3969.0,92,3968.0,61,3970.0,58,3967.0,79,3971.0,96,3966.0,104,3972.0,139,3965.0,80,3973.0,91,3964.0,42
1597988269630520064,1597988269923000064,2020-08-21 13:37:49.923000,3969.0,3980.0,3940.0,3940.0,nan,3963.137,123001,4874697670.0,365981,3969.0,93,3968.0,52,3970.0,58,3967.0,79,3971.0,96,3966.0,104,3972.0,139,3965.0,80,3973.0,91,3964.0,42
1597988270133251072,1597988270424000000,2020-08-21 13:37:50.424000,3969.0,3980.0,3940.0,3940.0,nan,3963.137,123001,4874697670.0,365981,3969.0,93,3968.0,54,3970.0,59,3967.0,79,3971.0,96,3966.0,104,3972.0,139,3965.0,80,3973.0,91,3964.0,42
1597988270610562048,1597988270935000064,2020-08-21 13:37:50.935000,3969.0,3980.0,3940.0,3940.0,nan,3963.137,123001,4874697670.0,365981,3969.0,93,3968.0,54,3970.0,61,3967.0,79,3971.0,95,3966.0,104,3972.0,139,3965.0,80,3973.0,91,3964.0,42
1597988271123924992,1597988271434000128,2020-08-21 13:37:51.434000,3969.0,3980.0,3940.0,3940.0,nan,3963.137,123001,4874697670.0,365981,3969.0,96,3968.0,54,3970.0,61,3967.0,79,3971.0,95,3966.0,104,3972.0,139,3965.0,80,3973.0,91,3964.0,42
1597988272624921088,1597988272932000000,2020-08-21 13:37:52.932000,3969.0,3980.0,3940.0,3940.0,nan,3963.137,123007,4874935800.0,365986,3969.0,91,3968.0,53,3970.0,61,3967.0,84,3971.0,95,3966.0,104,3972.0,139,3965.0,80,3973.0,91,3964.0,42
1597988273609188096,1597988273932000000,2020-08-21 13:37:53.932000,3969.0,3980.0,3940.0,3940.0,nan,3963.137,123007,4874935800.0,365986,3969.0,90,3968.0,53,3970.0,61,3967.0,83,3971.0,95,3966.0,104,3972.0,139,3965.0,80,3973.0,91,3964.0,42
1597988274121721088,1597988274432000000,2020-08-21 13:37:54.432000,3969.0,3980.0,3940.0,3940.0,nan,3963.137,123008,4874975490.0,365987,3969.0,89,3968.0,53,3970.0,61,3967.0,83,3971.0,95,3966.0,104,3972.0,139,3965.0,80,3973.0,91,3964.0,42
1597988276125403904,1597988276423000064,2020-08-21 13:37:56.423000,3968.0,3980.0,3940.0,3940.0,nan,3963.139,123061,4877078530.0,366009,3968.0,847,3967.0,83,3969.0,97,3966.0,104,3970.0,61,3965.0,80,3971.0,94,3964.0,42,3972.0,139,3963.0,38
1597988276640244992,1597988276926000128,2020-08-21 13:37:56.926000,3966.0,3980.0,3940.0,3940.0,nan,3963.141,123141,4880252070.0,366024,3968.0,854,3967.0,6,3969.0,101,3966.0,93,3970.0,61,3965.0,80,3971.0,94,3964.0,42,3972.0,139,3963.0,42
1597988277231915008,1597988277428999936,2020-08-21 13:37:57.429000,3967.0,3980.0,3940.0,3940.0,nan,3963.142,123149,4880569430.0,366025,3967.0,1,3966.0,93,3968.0,854,3965.0,80,3969.0,114,3964.0,42,3970.0,61,3963.0,42,3971.0,94,3962.0,172
1597988277628747008,1597988277920000000,2020-08-21 13:37:57.920000,3966.0,3980.0,3940.0,3940.0,nan,3963.142,123151,4880648760.0,366027,3967.0,7,3966.0,86,3968.0,851,3965.0,74,3969.0,134,3964.0,42,3970.0,61,3963.0,48,3971.0,94,3962.0,172
1597988278135864064,1597988278436000000,2020-08-21 13:37:58.436000,3966.0,3980.0,3940.0,3940.0,nan,3963.142,123151,4880648760.0,366027,3967.0,23,3966.0,86,3968.0,851,3965.0,74,3969.0,134,3964.0,42,3970.0,61,3963.0,50,3971.0,94,3962.0,172
1597988279141199872,1597988279436000000,2020-08-21 13:37:59.436000,3966.0,3980.0,3940.0,3940.0,nan,3963.142,123151,4880648760.0,366027,3967.0,44,3966.0,80,3968.0,851,3965.0,74,3969.0,133,3964.0,42,3970.0,61,3963.0,50,3971.0,94,3962.0,172
1597988280614988032,1597988280933000192,2020-08-21 13:38:00.933000,3966.0,3980.0,3940.0,3940.0,nan,3963.142,123151,4880648760.0,366027,3967.0,48,3966.0,80,3968.0,855,3965.0,74,3969.0,133,3964.0,42,3970.0,61,3963.0,50,3971.0,94,3962.0,172
1597988281129736960,1597988281405999872,2020-08-21 13:38:01.406000,3966.0,3980.0,3940.0,3940.0,nan,3963.142,123151,4880648760.0,366027,3967.0,51,3966.0,80,3968.0,855,3965.0,78,3969.0,133,3964.0,42,3970.0,62,3963.0,50,3971.0,94,3962.0,172
1597988281619789056,1597988281924999936,2020-08-21 13:38:01.925000,3966.0,3980.0,3940.0,3940.0,nan,3963.142,123151,4880648760.0,366027,3967.0,55,3966.0,74,3968.0,855,3965.0,78,3969.0,133,3964.0,42,3970.0,62,3963.0,50,3971.0,94,3962.0,172
1597988282132179968,1597988282423000064,2020-08-21 13:38:02.423000,3966.0,3980.0,3940.0,3940.0,nan,3963.142,123151,4880648760.0,366027,3967.0,57,3966.0,74,3968.0,855,3965.0,79,3969.0,133,3964.0,42,3970.0,62,3963.0,50,3971.0,94,3962.0,172
1597988282634981120,1597988282935000064,2020-08-21 13:38:02.935000,3966.0,3980.0,3940.0,3940.0,nan,3963.142,123151,4880648760.0,366027,3967.0,57,3966.0,77,3968.0,855,3965.0,79,3969.0,133,3964.0,42,3970.0,62,3963.0,50,3971.0,94,3962.0,172
1597988283119311104,1597988283430000128,2020-08-21 13:38:03.430000,3966.0,3980.0,3940.0,3940.0,nan,3963.142,123151,4880648760.0,366027,3967.0,57,3966.0,77,3968.0,855,3965.0,79,3969.0,128,3964.0,42,3970.0,62,3963.0,50,3971.0,94,3962.0,172
1597988283625369088,1597988283913000192,2020-08-21 13:38:03.913000,3966.0,3980.0,3940.0,3940.0,nan,3963.142,123151,4880648760.0,366027,3967.0,57,3966.0,80,3968.0,855,3965.0,79,3969.0,128,3964.0,42,3970.0,62,3963.0,50,3971.0,94,3962.0,172
1597988284620795904,1597988284932000000,2020-08-21 13:38:04.932000,3966.0,3980.0,3940.0,3940.0,nan,3963.142,123151,4880648760.0,366027,3967.0,57,3966.0,98,3968.0,855,3965.0,79,3969.0,128,3964.0,42,3970.0,62,3963.0,50,3971.0,94,3962.0,172
1597988285122917120,1597988285413000192,2020-08-21 13:38:05.413000,3966.0,3980.0,3940.0,3940.0,nan,3963.142,123151,4880648760.0,366027,3967.0,58,3966.0,100,3968.0,855,3965.0,79,3969.0,128,3964.0,42,3970.0,62,3963.0,50,3971.0,94,3962.0,172
1597988286139855104,1597988286428000000,2020-08-21 13:38:06.428000,3966.0,3980.0,3940.0,3940.0,nan,3963.142,123152,4880688420.0,366026,3967.0,58,3966.0,99,3968.0,856,3965.0,79,3969.0,128,3964.0,42,3970.0,61,3963.0,50,3971.0,94,3962.0,172
1597988286638351872,1597988286936000000,2020-08-21 13:38:06.936000,3966.0,3980.0,3940.0,3940.0,nan,3963.142,123152,4880688420.0,366026,3967.0,60,3966.0,99,3968.0,857,3965.0,79,3969.0,128,3964.0,42,3970.0,61,3963.0,50,3971.0,94,3962.0,172
1597988287131238912,1597988287435000064,2020-08-21 13:38:07.435000,3966.0,3980.0,3940.0,3940.0,nan,3963.142,123153,4880728080.0,366025,3967.0,64,3966.0,98,3968.0,857,3965.0,79,3969.0,128,3964.0,42,3970.0,61,3963.0,50,3971.0,94,3962.0,172
1597988288616068096,1597988288913000192,2020-08-21 13:38:08.913000,3966.0,3980.0,3940.0,3940.0,nan,3963.142,123153,4880728080.0,366025,3967.0,64,3966.0,98,3968.0,857,3965.0,81,3969.0,128,3964.0,42,3970.0,61,3963.0,50,3971.0,94,3962.0,172
1597988289637758976,1597988289911000064,2020-08-21 13:38:09.911000,3966.0,3980.0,3940.0,3940.0,nan,3963.142,123153,4880728080.0,366025,3967.0,64,3966.0,98,3968.0,857,3965.0,81,3969.0,129,3964.0,42,3970.0,61,3963.0,50,3971.0,94,3962.0,172
1597988290121772032,1597988290417999872,2020-08-21 13:38:10.418000,3966.0,3980.0,3940.0,3940.0,nan,3963.142,123153,4880728080.0,366025,3967.0,65,3966.0,98,3968.0,857,3965.0,81,3969.0,129,3964.0,42,3970.0,61,3963.0,50,3971.0,94,3962.0,172
1597988290607672064,1597988290931000064,2020-08-21 13:38:10.931000,3967.0,3980.0,3940.0,3940.0,nan,3963.142,123154,4880767750.0,366024,3967.0,64,3966.0,98,3968.0,857,3965.0,81,3969.0,129,3964.0,42,3970.0,61,3963.0,50,3971.0,94,3962.0,172
1597988291117541888,1597988291432000000,2020-08-21 13:38:11.432000,3967.0,3980.0,3940.0,3940.0,nan,3963.142,123154,4880767750.0,366024,3967.0,43,3966.0,98,3968.0,857,3965.0,81,3969.0,129,3964.0,42,3970.0,61,3963.0,50,3971.0,91,3962.0,172
1597988291626652928,1597988291936000000,2020-08-21 13:38:11.936000,3967.0,3980.0,3940.0,3940.0,nan,3963.142,123154,4880767750.0,366024,3967.0,43,3966.0,98,3968.0,856,3965.0,81,3969.0,129,3964.0,42,3970.0,64,3963.0,50,3971.0,91,3962.0,172
1597988292131376128,1597988292436999936,2020-08-21 13:38:12.437000,3967.0,3980.0,3940.0,3940.0,nan,3963.142,123154,4880767750.0,366024,3967.0,43,3966.0,98,3968.0,857,3965.0,81,3969.0,129,3964.0,42,3970.0,64,3963.0,50,3971.0,91,3962.0,172
1597988292616551936,1597988292936000000,2020-08-21 13:38:12.936000,3966.0,3980.0,3940.0,3940.0,nan,3963.142,123155,4880807410.0,366024,3967.0,43,3966.0,97,3968.0,857,3965.0,81,3969.0,129,3964.0,42,3970.0,64,3963.0,50,3971.0,91,3962.0,172
1597988293127639040,1597988293428000000,2020-08-21 13:38:13.428000,3967.0,3980.0,3940.0,3940.0,nan,3963.142,123157,4880886750.0,366023,3967.0,44,3966.0,97,3968.0,857,3965.0,81,3969.0,129,3964.0,42,3970.0,64,3963.0,50,3971.0,91,3962.0,172
1597988294129099008,1597988294430000128,2020-08-21 13:38:14.430000,3967.0,3980.0,3940.0,3940.0,nan,3963.142,123158,4880926420.0,366023,3967.0,46,3966.0,99,3968.0,857,3965.0,81,3969.0,129,3964.0,42,3970.0,64,3963.0,50,3971.0,91,3962.0,172
1597988294621492992,1597988294933000192,2020-08-21 13:38:14.933000,3967.0,3980.0,3940.0,3940.0,nan,3963.142,123158,4880926420.0,366023,3967.0,46,3966.0,99,3968.0,857,3965.0,81,3969.0,129,3964.0,43,3970.0,65,3963.0,50,3971.0,91,3962.0,172
1597988295626080000,1597988295937999872,2020-08-21 13:38:15.938000,3967.0,3980.0,3940.0,3940.0,nan,3963.142,123158,4880926420.0,366023,3967.0,46,3966.0,99,3968.0,857,3965.0,80,3969.0,129,3964.0,43,3970.0,65,3963.0,50,3971.0,91,3962.0,172
1597988296129571072,1597988296431000064,2020-08-21 13:38:16.431000,3967.0,3980.0,3940.0,3940.0,nan,3963.142,123158,4880926420.0,366023,3967.0,46,3966.0,102,3968.0,859,3965.0,80,3969.0,128,3964.0,43,3970.0,65,3963.0,50,3971.0,91,3962.0,172
1597988296636645120,1597988296903000064,2020-08-21 13:38:16.903000,3967.0,3980.0,3940.0,3940.0,nan,3963.142,123158,4880926420.0,366023,3967.0,46,3966.0,105,3968.0,859,3965.0,80,3969.0,128,3964.0,43,3970.0,65,3963.0,50,3971.0,91,3962.0,172
1597988297145543936,1597988297424999936,2020-08-21 13:38:17.425000,3967.0,3980.0,3940.0,3940.0,nan,3963.142,123158,4880926420.0,366023,3967.0,46,3966.0,105,3968.0,859,3965.0,90,3969.0,128,3964.0,43,3970.0,65,3963.0,50,3971.0,91,3962.0,172
1597988297631191040,1597988297937999872,2020-08-21 13:38:17.938000,3967.0,3980.0,3940.0,3940.0,nan,3963.142,123158,4880926420.0,366023,3967.0,46,3966.0,108,3968.0,859,3965.0,90,3969.0,128,3964.0,43,3970.0,65,3963.0,50,3971.0,91,3962.0,172
1597988298119599104,1597988298433000192,2020-08-21 13:38:18.433000,3967.0,3980.0,3940.0,3940.0,nan,3963.142,123158,4880926420.0,366023,3967.0,46,3966.0,108,3968.0,859,3965.0,90,3969.0,127,3964.0,43,3970.0,65,3963.0,50,3971.0,91,3962.0,172
1597988298628623872,1597988298876000000,2020-08-21 13:38:18.876000,3967.0,3980.0,3940.0,3940.0,nan,3963.142,123158,4880926420.0,366023,3967.0,46,3966.0,111,3968.0,859,3965.0,90,3969.0,127,3964.0,43,3970.0,65,3963.0,50,3971.0,91,3962.0,172
1597988299134628096,1597988299417999872,2020-08-21 13:38:19.418000,3967.0,3980.0,3940.0,3940.0,nan,3963.142,123158,4880926420.0,366023,3967.0,46,3966.0,112,3968.0,859,3965.0,90,3969.0,127,3964.0,43,3970.0,65,3963.0,50,3971.0,91,3962.0,172
1597988299646115072,1597988299933000192,2020-08-21 13:38:19.933000,3967.0,3980.0,3940.0,3940.0,nan,3963.142,123163,4881124770.0,366028,3967.0,41,3966.0,112,3968.0,859,3965.0,90,3969.0,127,3964.0,43,3970.0,65,3963.0,50,3971.0,91,3962.0,172
1597988300141433088,1597988300418999808,2020-08-21 13:38:20.419000,3967.0,3980.0,3940.0,3940.0,nan,3963.142,123163,4881124770.0,366028,3967.0,39,3966.0,111,3968.0,859,3965.0,90,3969.0,127,3964.0,43,3970.0,65,3963.0,50,3971.0,91,3962.0,172
1597988301535589120,1597988301433000192,2020-08-21 13:38:21.433000,3967.0,3980.0,3940.0,3940.0,nan,3963.142,123163,4881124770.0,366028,3967.0,40,3966.0,111,3968.0,859,3965.0,90,3969.0,127,3964.0,43,3970.0,65,3963.0,50,3971.0,91,3962.0,172
1597988302147162112,1597988302412000000,2020-08-21 13:38:22.412000,3967.0,3980.0,3940.0,3940.0,nan,3963.142,123170,4881402460.0,366028,3967.0,33,3966.0,111,3968.0,859,3965.0,90,3969.0,127,3964.0,43,3970.0,65,3963.0,50,3971.0,91,3962.0,172
1597988303816113920,1597988303917999872,2020-08-21 13:38:23.918000,3967.0,3980.0,3940.0,3940.0,nan,3963.143,123178,4881719780.0,366032,3967.0,29,3966.0,107,3968.0,859,3965.0,90,3969.0,127,3964.0,43,3970.0,65,3963.0,50,3971.0,91,3962.0,172
1597988304142124032,1597988304435000064,2020-08-21 13:38:24.435000,3967.0,3980.0,3940.0,3940.0,nan,3963.143,123185,4881997420.0,366032,3967.0,27,3966.0,102,3968.0,859,3965.0,90,3969.0,127,3964.0,43,3970.0,65,3963.0,50,3971.0,91,3962.0,172
1597988304642487040,1597988304928999936,2020-08-21 13:38:24.929000,3967.0,3980.0,3940.0,3940.0,nan,3963.143,123185,4881997420.0,366032,3967.0,27,3966.0,103,3968.0,859,3965.0,89,3969.0,127,3964.0,43,3970.0,65,3963.0,50,3971.0,91,3962.0,172
1597988305124180992,1597988305433000192,2020-08-21 13:38:25.433000,3967.0,3980.0,3940.0,3940.0,nan,3963.143,123185,4881997420.0,366032,3967.0,27,3966.0,103,3968.0,459,3965.0,89,3969.0,127,3964.0,43,3970.0,65,3963.0,50,3971.0,91,3962.0,172
1597988305629586944,1597988305936999936,2020-08-21 13:38:25.937000,3967.0,3980.0,3940.0,3940.0,nan,3963.145,123260,4884972670.0,366008,3968.0,459,3966.0,103,3969.0,127,3965.0,89,3970.0,65,3964.0,43,3971.0,91,3963.0,50,3972.0,132,3962.0,172
1597988306123291904,1597988306417999872,2020-08-21 13:38:26.418000,3967.0,3980.0,3940.0,3940.0,nan,3963.145,123261,4885012340.0,366008,3968.0,469,3967.0,8,3969.0,127,3966.0,123,3970.0,65,3965.0,89,3971.0,91,3964.0,43,3972.0,132,3963.0,50
1597988306625762048,1597988306932000000,2020-08-21 13:38:26.932000,3967.0,3980.0,3940.0,3940.0,nan,3963.145,123261,4885012340.0,366008,3968.0,453,3967.0,18,3969.0,127,3966.0,119,3970.0,65,3965.0,89,3971.0,87,3964.0,43,3972.0,132,3963.0,50
1597988307115083008,1597988307413000192,2020-08-21 13:38:27.413000,3967.0,3980.0,3940.0,3940.0,nan,3963.145,123261,4885012340.0,366008,3968.0,453,3967.0,47,3969.0,127,3966.0,122,3970.0,65,3965.0,89,3971.0,87,3964.0,43,3972.0,132,3963.0,50
1597988307621539072,1597988307923000064,2020-08-21 13:38:27.923000,3967.0,3980.0,3940.0,3940.0,nan,3963.145,123261,4885012340.0,366008,3968.0,7,3967.0,77,3969.0,123,3966.0,122,3970.0,65,3965.0,89,3971.0,87,3964.0,43,3972.0,132,3963.0,50
1597988308139834880,1597988308432000000,2020-08-21 13:38:28.432000,3968.0,3980.0,3940.0,3940.0,nan,3963.145,123269,4885329780.0,366004,3969.0,123,3968.0,121,3970.0,65,3967.0,85,3971.0,87,3966.0,127,3972.0,132,3965.0,89,3973.0,70,3964.0,43
1597988308635409920,1597988308936999936,2020-08-21 13:38:28.937000,3968.0,3980.0,3940.0,3940.0,nan,3963.146,123271,4885409140.0,366004,3969.0,79,3968.0,124,3970.0,61,3967.0,89,3971.0,87,3966.0,124,3972.0,136,3965.0,89,3973.0,70,3964.0,43
1597988309130648064,1597988309437999872,2020-08-21 13:38:29.438000,3968.0,3980.0,3940.0,3940.0,nan,3963.146,123273,4885488500.0,366003,3969.0,79,3968.0,137,3970.0,61,3967.0,92,3971.0,86,3966.0,112,3972.0,136,3965.0,89,3973.0,70,3964.0,43
1597988309914021888,1597988309937999872,2020-08-21 13:38:29.938000,3968.0,3980.0,3940.0,3940.0,nan,3963.146,123273,4885488500.0,366003,3969.0,79,3968.0,137,3970.0,61,3967.0,92,3971.0,86,3966.0,106,3972.0,136,3965.0,89,3973.0,70,3964.0,43
1597988310223377920,1597988310433000192,2020-08-21 13:38:30.433000,3968.0,3980.0,3940.0,3940.0,nan,3963.146,123274,4885528180.0,366003,3969.0,79,3968.0,136,3970.0,61,3967.0,92,3971.0,86,3966.0,106,3972.0,136,3965.0,89,3973.0,70,3964.0,43
1597988310627569920,1597988310916000000,2020-08-21 13:38:30.916000,3968.0,3980.0,3940.0,3940.0,nan,3963.146,123274,4885528180.0,366003,3969.0,79,3968.0,139,3970.0,61,3967.0,92,3971.0,86,3966.0,106,3972.0,136,3965.0,89,3973.0,70,3964.0,43
1597988311126598912,1597988311407000064,2020-08-21 13:38:31.407000,3968.0,3980.0,3940.0,3940.0,nan,3963.146,123274,4885528180.0,366003,3969.0,79,3968.0,142,3970.0,61,3967.0,92,3971.0,86,3966.0,106,3972.0,136,3965.0,89,3973.0,70,3964.0,43
1597988311618266880,1597988311936000000,2020-08-21 13:38:31.936000,3968.0,3980.0,3940.0,3940.0,nan,3963.146,123274,4885528180.0,366003,3969.0,79,3968.0,148,3970.0,65,3967.0,92,3971.0,86,3966.0,106,3972.0,136,3965.0,89,3973.0,70,3964.0,43
1597988312121601024,1597988312436999936,2020-08-21 13:38:32.437000,3968.0,3980.0,3940.0,3940.0,nan,3963.146,123274,4885528180.0,366003,3969.0,79,3968.0,166,3970.0,65,3967.0,92,3971.0,86,3966.0,106,3972.0,136,3965.0,89,3973.0,70,3964.0,43
1597988312638626048,1597988312916999936,2020-08-21 13:38:32.917000,3968.0,3980.0,3940.0,3940.0,nan,3963.146,123274,4885528180.0,366003,3969.0,79,3968.0,169,3970.0,65,3967.0,92,3971.0,86,3966.0,106,3972.0,136,3965.0,89,3973.0,70,3964.0,43
1597988314141756928,1597988314420999936,2020-08-21 13:38:34.421000,3968.0,3980.0,3940.0,3940.0,nan,3963.146,123274,4885528180.0,366003,3969.0,79,3968.0,172,3970.0,66,3967.0,92,3971.0,86,3966.0,106,3972.0,136,3965.0,89,3973.0,70,3964.0,43
1597988315112440064,1597988315403000064,2020-08-21 13:38:35.403000,3968.0,3980.0,3940.0,3940.0,nan,3963.146,123274,4885528180.0,366003,3969.0,81,3968.0,173,3970.0,66,3967.0,92,3971.0,86,3966.0,106,3972.0,136,3965.0,89,3973.0,70,3964.0,43
1597988315694241024,1597988315878000128,2020-08-21 13:38:35.878000,3968.0,3980.0,3940.0,3940.0,nan,3963.146,123274,4885528180.0,366003,3969.0,80,3968.0,173,3970.0,66,3967.0,92,3971.0,87,3966.0,106,3972.0,136,3965.0,89,3973.0,70,3964.0,43
1597988316130403072,1597988316420000000,2020-08-21 13:38:36.420000,3968.0,3980.0,3940.0,3940.0,nan,3963.146,123274,4885528180.0,366003,3969.0,80,3968.0,173,3970.0,66,3967.0,92,3971.0,87,3966.0,100,3972.0,136,3965.0,89,3973.0,70,3964.0,43
1597988316634216960,1597988316920999936,2020-08-21 13:38:36.921000,3968.0,3980.0,3940.0,3940.0,nan,3963.146,123274,4885528180.0,366003,3969.0,80,3968.0,173,3970.0,66,3967.0,86,3971.0,87,3966.0,100,3972.0,136,3965.0,89,3973.0,70,3964.0,43
1597988317129582080,1597988317431000064,2020-08-21 13:38:37.431000,3968.0,3980.0,3940.0,3940.0,nan,3963.146,123274,4885528180.0,366003,3969.0,81,3968.0,191,3970.0,66,3967.0,86,3971.0,87,3966.0,100,3972.0,136,3965.0,89,3973.0,70,3964.0,43
1597988317617050112,1597988317900999936,2020-08-21 13:38:37.901000,3969.0,3980.0,3940.0,3940.0,nan,3963.146,123275,4885567870.0,366003,3969.0,80,3968.0,191,3970.0,68,3967.0,82,3971.0,87,3966.0,100,3972.0,136,3965.0,89,3973.0,70,3964.0,43
1597988318167085056,1597988318714999808,2020-08-21 13:38:38.715000,3969.0,3980.0,3940.0,3940.0,nan,3963.148,123323,4887472520.0,366017,3969.0,79,3968.0,150,3970.0,68,3967.0,82,3971.0,87,3966.0,100,3972.0,136,3965.0,89,3973.0,70,3964.0,43
1597988318605602048,1597988318931000064,2020-08-21 13:38:38.931000,3969.0,3980.0,3940.0,3940.0,nan,3963.148,123323,4887472520.0,366017,3969.0,79,3968.0,150,3970.0,66,3967.0,82,3971.0,87,3966.0,100,3972.0,136,3965.0,89,3973.0,70,3964.0,43
1597988319630283008,1597988319927000064,2020-08-21 13:38:39.927000,3968.0,3980.0,3940.0,3940.0,nan,3963.148,123328,4887670920.0,366012,3969.0,79,3968.0,145,3970.0,66,3967.0,82,3971.0,87,3966.0,100,3972.0,136,3965.0,89,3973.0,70,3964.0,43
1597988320140221952,1597988320428999936,2020-08-21 13:38:40.429000,3969.0,3980.0,3940.0,3940.0,nan,3963.148,123331,4887789990.0,366015,3969.0,76,3968.0,145,3970.0,66,3967.0,82,3971.0,87,3966.0,100,3972.0,136,3965.0,89,3973.0,70,3964.0,43
1597988321141283072,1597988321436999936,2020-08-21 13:38:41.437000,3968.0,3980.0,3940.0,3940.0,nan,3963.149,123347,4888424870.0,366001,3969.0,76,3968.0,129,3970.0,66,3967.0,82,3971.0,87,3966.0,100,3972.0,136,3965.0,89,3973.0,70,3964.0,43
1597988321626255872,1597988321938999808,2020-08-21 13:38:41.939000,3969.0,3980.0,3940.0,3940.0,nan,3963.149,123349,4888504240.0,366002,3969.0,75,3968.0,128,3970.0,66,3967.0,82,3971.0,87,3966.0,100,3972.0,136,3965.0,89,3973.0,70,3964.0,43
1597988322636484096,1597988322928999936,2020-08-21 13:38:42.929000,3969.0,3980.0,3940.0,3940.0,nan,3963.149,123349,4888504240.0,366002,3969.0,78,3968.0,128,3970.0,66,3967.0,82,3971.0,87,3966.0,100,3972.0,136,3965.0,89,3973.0,70,3964.0,43
1597988323131761920,1597988323428999936,2020-08-21 13:38:43.429000,3968.0,3980.0,3940.0,3940.0,nan,3963.149,123350,4888543920.0,366002,3969.0,78,3968.0,127,3970.0,66,3967.0,82,3971.0,87,3966.0,99,3972.0,136,3965.0,89,3973.0,70,3964.0,43
1597988323627500032,1597988323924999936,2020-08-21 13:38:43.925000,3968.0,3980.0,3940.0,3940.0,nan,3963.149,123354,4888702640.0,366002,3969.0,78,3968.0,123,3970.0,66,3967.0,83,3971.0,87,3966.0,99,3972.0,136,3965.0,89,3973.0,70,3964.0,43
1597988324109305088,1597988324424999936,2020-08-21 13:38:44.425000,3968.0,3980.0,3940.0,3940.0,nan,3963.149,123355,4888742320.0,366002,3969.0,78,3968.0,122,3970.0,66,3967.0,83,3971.0,87,3966.0,99,3972.0,136,3965.0,89,3973.0,70,3964.0,43
1597988325137530880,1597988325424000000,2020-08-21 13:38:45.424000,3968.0,3980.0,3940.0,3940.0,nan,3963.149,123355,4888742320.0,366002,3969.0,78,3968.0,125,3970.0,66,3967.0,83,3971.0,87,3966.0,99,3972.0,136,3965.0,89,3973.0,70,3964.0,43
1597988325678454016,1597988325935000064,2020-08-21 13:38:45.935000,3968.0,3980.0,3940.0,3940.0,nan,3963.149,123356,4888782000.0,366002,3969.0,78,3968.0,124,3970.0,66,3967.0,83,3971.0,87,3966.0,99,3972.0,136,3965.0,89,3973.0,70,3964.0,43
1597988326700665088,1597988326921999872,2020-08-21 13:38:46.922000,3968.0,3980.0,3940.0,3940.0,nan,3963.149,123356,4888782000.0,366002,3969.0,78,3968.0,124,3970.0,66,3967.0,83,3971.0,87,3966.0,99,3972.0,136,3965.0,90,3973.0,70,3964.0,43
1597988327123889920,1597988327434000128,2020-08-21 13:38:47.434000,3968.0,3980.0,3940.0,3940.0,nan,3963.149,123357,4888821680.0,366002,3969.0,78,3968.0,123,3970.0,66,3967.0,83,3971.0,87,3966.0,101,3972.0,136,3965.0,90,3973.0,70,3964.0,43
1597988327634388992,1597988327936999936,2020-08-21 13:38:47.937000,3968.0,3980.0,3940.0,3940.0,nan,3963.149,123357,4888821680.0,366002,3969.0,78,3968.0,123,3970.0,66,3967.0,84,3971.0,87,3966.0,101,3972.0,136,3965.0,90,3973.0,70,3964.0,43
1597988328643602944,1597988328881999872,2020-08-21 13:38:48.882000,3969.0,3980.0,3940.0,3940.0,nan,3963.149,123364,4889099490.0,366004,3969.0,73,3968.0,121,3970.0,65,3967.0,84,3971.0,87,3966.0,101,3972.0,136,3965.0,90,3973.0,70,3964.0,43
1597988329263375872,1597988329400000000,2020-08-21 13:38:49.400000,3968.0,3980.0,3940.0,3940.0,nan,3963.15,123375,4889536020.0,366005,3969.0,68,3968.0,115,3970.0,65,3967.0,84,3971.0,87,3966.0,101,3972.0,136,3965.0,90,3973.0,70,3964.0,43
1597988329628225024,1597988329930000128,2020-08-21 13:38:49.930000,3968.0,3980.0,3940.0,3940.0,nan,3963.15,123375,4889536020.0,366005,3969.0,68,3968.0,116,3970.0,64,3967.0,84,3971.0,87,3966.0,101,3972.0,137,3965.0,90,3973.0,70,3964.0,43
1597988330652838912,1597988330931000064,2020-08-21 13:38:50.931000,3969.0,3980.0,3940.0,3940.0,nan,3963.15,123380,4889734470.0,366005,3969.0,69,3968.0,116,3970.0,64,3967.0,84,3971.0,87,3966.0,101,3972.0,137,3965.0,90,3973.0,70,3964.0,43
1597988331135645952,1597988331408000000,2020-08-21 13:38:51.408000,3968.0,3980.0,3940.0,3940.0,nan,3963.15,123386,4889972550.0,366005,3969.0,69,3968.0,110,3970.0,64,3967.0,84,3971.0,87,3966.0,101,3972.0,137,3965.0,90,3973.0,70,3964.0,43
1597988331618788096,1597988331923000064,2020-08-21 13:38:51.923000,3968.0,3980.0,3940.0,3940.0,nan,3963.15,123391,4890170950.0,366005,3969.0,71,3968.0,105,3970.0,64,3967.0,83,3971.0,87,3966.0,102,3972.0,137,3965.0,90,3973.0,70,3964.0,43
1597988332184978944,1597988332427000064,2020-08-21 13:38:52.427000,3968.0,3980.0,3940.0,3940.0,nan,3963.15,123391,4890170950.0,366005,3969.0,71,3968.0,106,3970.0,64,3967.0,83,3971.0,87,3966.0,102,3972.0,137,3965.0,90,3973.0,70,3964.0,43
1597988332698035968,1597988332932000000,2020-08-21 13:38:52.932000,3969.0,3980.0,3940.0,3940.0,nan,3963.151,123397,4890409080.0,366005,3969.0,68,3968.0,105,3970.0,64,3967.0,83,3971.0,87,3966.0,102,3972.0,137,3965.0,90,3973.0,70,3964.0,43
1597988333146574080,1597988333436000000,2020-08-21 13:38:53.436000,3969.0,3980.0,3940.0,3940.0,nan,3963.151,123402,4890607530.0,366005,3969.0,63,3968.0,105,3970.0,64,3967.0,83,3971.0,87,3966.0,102,3972.0,137,3965.0,90,3973.0,70,3964.0,43
1597988334654622976,1597988334927000064,2020-08-21 13:38:54.927000,3968.0,3980.0,3940.0,3940.0,nan,3963.151,123407,4890805940.0,366004,3969.0,62,3968.0,101,3970.0,64,3967.0,83,3971.0,87,3966.0,102,3972.0,137,3965.0,90,3973.0,70,3964.0,43
1597988335155970048,1597988335376000000,2020-08-21 13:38:55.376000,3968.0,3980.0,3940.0,3940.0,nan,3963.155,123507,4894773940.0,366042,3969.0,95,3968.0,1,3970.0,64,3967.0,83,3971.0,87,3966.0,102,3972.0,137,3965.0,90,3973.0,70,3964.0,43
1597988335672037888,1597988335924999936,2020-08-21 13:38:55.925000,3968.0,3980.0,3940.0,3940.0,nan,3963.155,123510,4894892980.0,366040,3968.0,5,3967.0,83,3969.0,96,3966.0,102,3970.0,64,3965.0,90,3971.0,87,3964.0,43,3972.0,137,3963.0,44
1597988336178606080,1597988336403000064,2020-08-21 13:38:56.403000,3968.0,3980.0,3940.0,3940.0,nan,3963.155,123510,4894892980.0,366040,3968.0,1,3967.0,73,3969.0,95,3966.0,96,3970.0,64,3965.0,90,3971.0,87,3964.0,43,3972.0,137,3963.0,44
1597988336615833088,1597988336936999936,2020-08-21 13:38:56.937000,3968.0,3980.0,3940.0,3940.0,nan,3963.155,123510,4894892980.0,366040,3968.0,5,3967.0,73,3969.0,95,3966.0,102,3970.0,66,3965.0,90,3971.0,87,3964.0,43,3972.0,137,3963.0,44
1597988337142176000,1597988337416999936,2020-08-21 13:38:57.417000,3968.0,3980.0,3940.0,3940.0,nan,3963.155,123515,4895091380.0,366040,3969.0,95,3967.0,73,3970.0,66,3966.0,102,3971.0,87,3965.0,90,3972.0,137,3964.0,43,3973.0,70,3963.0,44
1597988337642139904,1597988337934000128,2020-08-21 13:38:57.934000,3968.0,3980.0,3940.0,3940.0,nan,3963.155,123515,4895091380.0,366040,3968.0,1,3967.0,83,3969.0,104,3966.0,102,3970.0,66,3965.0,90,3971.0,87,3964.0,43,3972.0,137,3963.0,44
1597988338139078912,1597988338428000000,2020-08-21 13:38:58.428000,3968.0,3980.0,3940.0,3940.0,nan,3963.155,123515,4895091380.0,366040,3968.0,1,3967.0,73,3969.0,105,3966.0,102,3970.0,66,3965.0,90,3971.0,87,3964.0,43,3972.0,137,3963.0,44
1597988338632241920,1597988338928999936,2020-08-21 13:38:58.929000,3968.0,3980.0,3940.0,3940.0,nan,3963.155,123515,4895091380.0,366040,3968.0,1,3967.0,73,3969.0,106,3966.0,102,3970.0,66,3965.0,90,3971.0,87,3964.0,43,3972.0,137,3963.0,44
1597988339637291008,1597988339934000128,2020-08-21 13:38:59.934000,3968.0,3980.0,3940.0,3940.0,nan,3963.155,123515,4895091380.0,366040,3968.0,4,3967.0,73,3969.0,106,3966.0,102,3970.0,66,3965.0,90,3971.0,87,3964.0,43,3972.0,137,3963.0,44
1597988340139287040,1597988340432000000,2020-08-21 13:39:00.432000,3968.0,3980.0,3940.0,3940.0,nan,3963.155,123515,4895091380.0,366040,3968.0,4,3967.0,73,3969.0,110,3966.0,102,3970.0,66,3965.0,90,3971.0,87,3964.0,43,3972.0,137,3963.0,44
1597988340668173056,1597988340924000000,2020-08-21 13:39:00.924000,3968.0,3980.0,3940.0,3940.0,nan,3963.155,123515,4895091380.0,366040,3968.0,8,3967.0,73,3969.0,110,3966.0,102,3970.0,66,3965.0,90,3971.0,87,3964.0,43,3972.0,137,3963.0,44
1597988341141370880,1597988341415000064,2020-08-21 13:39:01.415000,3968.0,3980.0,3940.0,3940.0,nan,3963.155,123515,4895091380.0,366040,3968.0,8,3967.0,73,3969.0,109,3966.0,102,3970.0,66,3965.0,90,3971.0,87,3964.0,43,3972.0,137,3963.0,44
1597988341660146944,1597988341936999936,2020-08-21 13:39:01.937000,3968.0,3980.0,3940.0,3940.0,nan,3963.155,123515,4895091380.0,366040,3968.0,8,3967.0,73,3969.0,108,3966.0,102,3970.0,65,3965.0,90,3971.0,88,3964.0,43,3972.0,137,3963.0,44
1597988342167650048,1597988342410000128,2020-08-21 13:39:02.410000,3968.0,3980.0,3940.0,3940.0,nan,3963.155,123515,4895091380.0,366040,3968.0,9,3967.0,73,3969.0,108,3966.0,102,3970.0,65,3965.0,90,3971.0,88,3964.0,43,3972.0,137,3963.0,44
1597988343140323072,1597988343435000064,2020-08-21 13:39:03.435000,3968.0,3980.0,3940.0,3940.0,nan,3963.155,123515,4895091380.0,366040,3968.0,14,3967.0,73,3969.0,108,3966.0,102,3970.0,65,3965.0,90,3971.0,88,3964.0,43,3972.0,137,3963.0,44
1597988345642923008,1597988345923000064,2020-08-21 13:39:05.923000,3968.0,3980.0,3940.0,3940.0,nan,3963.155,123515,4895091380.0,366040,3968.0,14,3967.0,83,3969.0,108,3966.0,102,3970.0,65,3965.0,90,3971.0,88,3964.0,43,3972.0,137,3963.0,44
1597988346650157056,1597988346920000000,2020-08-21 13:39:06.920000,3967.0,3980.0,3940.0,3940.0,nan,3963.155,123516,4895131050.0,366039,3968.0,14,3967.0,82,3969.0,108,3966.0,102,3970.0,64,3965.0,90,3971.0,88,3964.0,41,3972.0,137,3963.0,44
1597988347379310080,1597988347420999936,2020-08-21 13:39:07.421000,3968.0,3980.0,3940.0,3940.0,nan,3963.156,123523,4895408810.0,366037,3968.0,7,3967.0,82,3969.0,108,3966.0,102,3970.0,64,3965.0,90,3971.0,88,3964.0,41,3972.0,137,3963.0,44
1597988347649558016,1597988347923000064,2020-08-21 13:39:07.923000,3967.0,3980.0,3940.0,3940.0,nan,3963.156,123528,4895607160.0,366032,3968.0,7,3967.0,77,3969.0,108,3966.0,102,3970.0,59,3965.0,90,3971.0,88,3964.0,41,3972.0,137,3963.0,44
1597988348144440064,1597988348430000128,2020-08-21 13:39:08.430000,3967.0,3980.0,3940.0,3940.0,nan,3963.156,123533,4895805510.0,366027,3968.0,14,3967.0,72,3969.0,108,3966.0,102,3970.0,59,3965.0,90,3971.0,88,3964.0,41,3972.0,137,3963.0,44
1597988348640664064,1597988348932000000,2020-08-21 13:39:08.932000,3967.0,3980.0,3940.0,3940.0,nan,3963.156,123533,4895805510.0,366027,3968.0,19,3967.0,72,3969.0,108,3966.0,102,3970.0,59,3965.0,90,3971.0,88,3964.0,41,3972.0,137,3963.0,44
1597988349195386880,1597988349437999872,2020-08-21 13:39:09.438000,3967.0,3980.0,3940.0,3940.0,nan,3963.156,123533,4895805510.0,366027,3968.0,17,3967.0,72,3969.0,108,3966.0,102,3970.0,59,3965.0,90,3971.0,88,3964.0,41,3972.0,137,3963.0,44
1597988349608219904,1597988349898000128,2020-08-21 13:39:09.898000,3967.0,3980.0,3940.0,3940.0,nan,3963.156,123533,4895805510.0,366027,3968.0,17,3967.0,80,3969.0,108,3966.0,102,3970.0,59,3965.0,90,3971.0,88,3964.0,41,3972.0,137,3963.0,44
1597988350660486912,1597988350888000000,2020-08-21 13:39:10.888000,3967.0,3980.0,3940.0,3940.0,nan,3963.156,123533,4895805510.0,366027,3968.0,17,3967.0,80,3969.0,107,3966.0,102,3970.0,59,3965.0,90,3971.0,88,3964.0,41,3972.0,137,3963.0,44
1597988351145704960,1597988351423000064,2020-08-21 13:39:11.423000,3967.0,3980.0,3940.0,3940.0,nan,3963.156,123533,4895805510.0,366027,3968.0,17,3967.0,70,3969.0,107,3966.0,102,3970.0,59,3965.0,90,3971.0,88,3964.0,41,3972.0,137,3963.0,44
1597988351767703040,1597988351935000064,2020-08-21 13:39:11.935000,3967.0,3980.0,3940.0,3940.0,nan,3963.156,123533,4895805510.0,366027,3968.0,17,3967.0,72,3969.0,107,3966.0,102,3970.0,59,3965.0,88,3971.0,88,3964.0,41,3972.0,137,3963.0,44
1597988352125574912,1597988352436999936,2020-08-21 13:39:12.437000,3967.0,3980.0,3940.0,3940.0,nan,3963.156,123533,4895805510.0,366027,3968.0,18,3967.0,72,3969.0,107,3966.0,102,3970.0,59,3965.0,88,3971.0,88,3964.0,41,3972.0,137,3963.0,44
1597988352688069120,1597988352927000064,2020-08-21 13:39:12.927000,3967.0,3980.0,3940.0,3940.0,nan,3963.156,123533,4895805510.0,366027,3968.0,18,3967.0,72,3969.0,82,3966.0,102,3970.0,59,3965.0,88,3971.0,88,3964.0,41,3972.0,137,3963.0,44
1597988353179108096,1597988353404999936,2020-08-21 13:39:13.405000,3967.0,3980.0,3940.0,3940.0,nan,3963.156,123539,4896043530.0,366025,3968.0,18,3967.0,66,3969.0,82,3966.0,102,3970.0,59,3965.0,88,3971.0,88,3964.0,41,3972.0,137,3963.0,44
1597988353633701888,1597988353924999936,2020-08-21 13:39:13.925000,3967.0,3980.0,3940.0,3940.0,nan,3963.156,123544,4896241880.0,366021,3968.0,26,3967.0,55,3969.0,75,3966.0,96,3970.0,59,3965.0,88,3971.0,88,3964.0,41,3972.0,137,3963.0,44
1597988354131753984,1597988354382999808,2020-08-21 13:39:14.383000,3967.0,3980.0,3940.0,3940.0,nan,3963.156,123544,4896241880.0,366021,3968.0,32,3967.0,34,3969.0,75,3966.0,96,3970.0,59,3965.0,90,3971.0,88,3964.0,41,3972.0,137,3963.0,44
1597988354635853056,1597988354903000064,2020-08-21 13:39:14.903000,3967.0,3980.0,3940.0,3940.0,nan,3963.156,123545,4896281550.0,366021,3968.0,42,3967.0,25,3969.0,75,3966.0,96,3970.0,59,3965.0,90,3971.0,88,3964.0,41,3972.0,137,3963.0,44
1597988355123962880,1597988355434000128,2020-08-21 13:39:15.434000,3967.0,3980.0,3940.0,3940.0,nan,3963.156,123545,4896281550.0,366021,3968.0,42,3967.0,17,3969.0,75,3966.0,96,3970.0,59,3965.0,90,3971.0,88,3964.0,41,3972.0,137,3963.0,44
1597988355632155904,1597988355934000128,2020-08-21 13:39:15.934000,3967.0,3980.0,3940.0,3940.0,nan,3963.156,123545,4896281550.0,366021,3968.0,63,3967.0,17,3969.0,75,3966.0,96,3970.0,59,3965.0,90,3971.0,88,3964.0,41,3972.0,137,3963.0,44
1597988356126471936,1597988356436000000,2020-08-21 13:39:16.436000,3967.0,3980.0,3940.0,3940.0,nan,3963.157,123550,4896479900.0,366021,3968.0,63,3967.0,11,3969.0,75,3966.0,96,3970.0,59,3965.0,90,3971.0,88,3964.0,41,3972.0,137,3963.0,44
1597988356630848000,1597988356924999936,2020-08-21 13:39:16.925000,3967.0,3980.0,3940.0,3940.0,nan,3963.157,123555,4896678250.0,366026,3968.0,63,3967.0,8,3969.0,75,3966.0,100,3970.0,59,3965.0,90,3971.0,88,3964.0,41,3972.0,137,3963.0,44
1597988358131618048,1597988358344000000,2020-08-21 13:39:18.344000,3967.0,3980.0,3940.0,3940.0,nan,3963.157,123555,4896678250.0,366026,3968.0,66,3967.0,8,3969.0,75,3966.0,100,3970.0,59,3965.0,90,3971.0,88,3964.0,41,3972.0,137,3963.0,44
1597988358632317952,1597988358920000000,2020-08-21 13:39:18.920000,3968.0,3980.0,3940.0,3940.0,nan,3963.157,123560,4896876650.0,366022,3968.0,61,3967.0,8,3969.0,75,3966.0,100,3970.0,59,3965.0,90,3971.0,88,3964.0,41,3972.0,137,3963.0,44
1597988359126906112,1597988359424999936,2020-08-21 13:39:19.425000,3968.0,3980.0,3940.0,3940.0,nan,3963.157,123565,4897075050.0,366017,3968.0,56,3967.0,8,3969.0,75,3966.0,101,3970.0,59,3965.0,90,3971.0,88,3964.0,41,3972.0,137,3963.0,44
1597988359621001984,1597988359923000064,2020-08-21 13:39:19.923000,3968.0,3980.0,3940.0,3940.0,nan,3963.157,123565,4897075050.0,366017,3968.0,69,3967.0,14,3969.0,75,3966.0,101,3970.0,59,3965.0,90,3971.0,88,3964.0,41,3972.0,137,3963.0,44
1597988360620156928,1597988360845999872,2020-08-21 13:39:20.846000,3968.0,3980.0,3940.0,3940.0,nan,3963.157,123565,4897075050.0,366017,3968.0,94,3967.0,14,3969.0,75,3966.0,101,3970.0,59,3965.0,90,3971.0,88,3964.0,41,3972.0,137,3963.0,44
1597988361130050048,1597988361430000128,2020-08-21 13:39:21.430000,3968.0,3980.0,3940.0,3940.0,nan,3963.157,123565,4897075050.0,366017,3968.0,94,3967.0,14,3969.0,78,3966.0,101,3970.0,59,3965.0,100,3971.0,88,3964.0,41,3972.0,137,3963.0,44
1597988361624387072,1597988361904000000,2020-08-21 13:39:21.904000,3968.0,3980.0,3940.0,3940.0,nan,3963.157,123565,4897075050.0,366017,3968.0,92,3967.0,14,3969.0,78,3966.0,101,3970.0,59,3965.0,100,3971.0,89,3964.0,41,3972.0,137,3963.0,44
1597988363628822016,1597988363923000064,2020-08-21 13:39:23.923000,3968.0,3980.0,3940.0,3940.0,nan,3963.157,123565,4897075050.0,366017,3968.0,93,3967.0,14,3969.0,78,3966.0,101,3970.0,59,3965.0,100,3971.0,89,3964.0,41,3972.0,137,3963.0,44
1597988364116948992,1597988364416000000,2020-08-21 13:39:24.416000,3968.0,3980.0,3940.0,3940.0,nan,3963.157,123566,4897114730.0,366017,3968.0,92,3967.0,14,3969.0,78,3966.0,101,3970.0,59,3965.0,100,3971.0,89,3964.0,41,3972.0,137,3963.0,44
1597988364618407936,1597988364924999936,2020-08-21 13:39:24.925000,3967.0,3980.0,3940.0,3940.0,nan,3963.158,123580,4897670110.0,366016,3967.0,86,3966.0,101,3968.0,96,3965.0,100,3969.0,78,3964.0,41,3970.0,59,3963.0,44,3971.0,89,3962.0,172
1597988365133782016,1597988365427000064,2020-08-21 13:39:25.427000,3967.0,3980.0,3940.0,3940.0,nan,3963.158,123580,4897670110.0,366016,3967.0,87,3966.0,89,3968.0,97,3965.0,94,3969.0,78,3964.0,41,3970.0,59,3963.0,44,3971.0,89,3962.0,172
1597988365611945984,1597988365927000064,2020-08-21 13:39:25.927000,3967.0,3980.0,3940.0,3940.0,nan,3963.158,123580,4897670110.0,366016,3967.0,91,3966.0,89,3968.0,97,3965.0,98,3969.0,78,3964.0,41,3970.0,59,3963.0,50,3971.0,89,3962.0,172
1597988367667543040,1597988367901999872,2020-08-21 13:39:27.902000,3967.0,3980.0,3940.0,3940.0,nan,3963.158,123580,4897670110.0,366016,3967.0,92,3966.0,89,3968.0,97,3965.0,98,3969.0,78,3964.0,41,3970.0,59,3963.0,50,3971.0,89,3962.0,172
1597988368128011008,1597988368420999936,2020-08-21 13:39:28.421000,3967.0,3980.0,3940.0,3940.0,nan,3963.158,123580,4897670110.0,366016,3967.0,92,3966.0,89,3968.0,97,3965.0,97,3969.0,78,3964.0,41,3970.0,59,3963.0,50,3971.0,89,3962.0,172
1597988369119013120,1597988369394000128,2020-08-21 13:39:29.394000,3967.0,3980.0,3940.0,3940.0,nan,3963.158,123580,4897670110.0,366016,3967.0,93,3966.0,89,3968.0,97,3965.0,97,3969.0,78,3964.0,41,3970.0,59,3963.0,50,3971.0,89,3962.0,172
1597988369609655040,1597988369829999872,2020-08-21 13:39:29.830000,3967.0,3980.0,3940.0,3940.0,nan,3963.158,123580,4897670110.0,366016,3967.0,93,3966.0,89,3968.0,101,3965.0,97,3969.0,78,3964.0,41,3970.0,59,3963.0,50,3971.0,89,3962.0,172
1597988370139131904,1597988370428999936,2020-08-21 13:39:30.429000,3967.0,3980.0,3940.0,3940.0,nan,3963.158,123580,4897670110.0,366016,3967.0,93,3966.0,89,3968.0,102,3965.0,97,3969.0,78,3964.0,41,3970.0,59,3963.0,50,3971.0,89,3962.0,172
1597988370649384960,1597988370926000128,2020-08-21 13:39:30.926000,3967.0,3980.0,3940.0,3940.0,nan,3963.158,123580,4897670110.0,366016,3967.0,93,3966.0,89,3968.0,107,3965.0,97,3969.0,78,3964.0,41,3970.0,59,3963.0,50,3971.0,89,3962.0,172
1597988371131440896,1597988371364000000,2020-08-21 13:39:31.364000,3967.0,3980.0,3940.0,3940.0,nan,3963.158,123580,4897670110.0,366016,3967.0,93,3966.0,89,3968.0,107,3965.0,97,3969.0,80,3964.0,41,3970.0,59,3963.0,50,3971.0,89,3962.0,172
1597988371637566976,1597988371914000128,2020-08-21 13:39:31.914000,3967.0,3980.0,3940.0,3940.0,nan,3963.158,123590,4898066810.0,366016,3967.0,83,3966.0,95,3968.0,107,3965.0,97,3969.0,80,3964.0,41,3970.0,59,3963.0,50,3971.0,89,3962.0,172
1597988372635479040,1597988372927000064,2020-08-21 13:39:32.927000,3967.0,3980.0,3940.0,3940.0,nan,3963.158,123590,4898066810.0,366016,3967.0,83,3966.0,95,3968.0,107,3965.0,97,3969.0,80,3964.0,41,3970.0,59,3963.0,50,3971.0,88,3962.0,172
1597988373134385920,1597988373426000128,2020-08-21 13:39:33.426000,3967.0,3980.0,3940.0,3940.0,nan,3963.158,123590,4898066810.0,366016,3967.0,93,3966.0,95,3968.0,107,3965.0,97,3969.0,86,3964.0,41,3970.0,59,3963.0,50,3971.0,88,3962.0,172
1597988373630309120,1597988373934000128,2020-08-21 13:39:33.934000,3967.0,3980.0,3940.0,3940.0,nan,3963.158,123590,4898066810.0,366016,3967.0,93,3966.0,92,3968.0,107,3965.0,97,3969.0,86,3964.0,41,3970.0,59,3963.0,50,3971.0,88,3962.0,172
1597988374120022016,1597988374433000192,2020-08-21 13:39:34.433000,3967.0,3980.0,3940.0,3940.0,nan,3963.158,123590,4898066810.0,366016,3967.0,93,3966.0,90,3968.0,107,3965.0,97,3969.0,86,3964.0,41,3970.0,59,3963.0,50,3971.0,88,3962.0,172
1597988374693046016,1597988374936999936,2020-08-21 13:39:34.937000,3967.0,3980.0,3940.0,3940.0,nan,3963.158,123590,4898066810.0,366016,3967.0,93,3966.0,90,3968.0,107,3965.0,97,3969.0,89,3964.0,41,3970.0,59,3963.0,50,3971.0,88,3962.0,172
1597988375131777024,1597988375430000128,2020-08-21 13:39:35.430000,3966.0,3980.0,3940.0,3940.0,nan,3963.16,123681,4901675870.0,365998,3967.0,95,3966.0,2,3968.0,107,3965.0,97,3969.0,92,3964.0,41,3970.0,59,3963.0,50,3971.0,88,3962.0,172
1597988375648455936,1597988375897000192,2020-08-21 13:39:35.897000,3966.0,3980.0,3940.0,3940.0,nan,3963.16,123685,4901834510.0,365998,3966.0,7,3965.0,93,3967.0,95,3964.0,41,3968.0,110,3963.0,50,3969.0,89,3962.0,172,3970.0,59,3961.0,273
1597988376127015936,1597988376411000064,2020-08-21 13:39:36.411000,3966.0,3980.0,3940.0,3940.0,nan,3963.16,123697,4902310430.0,365987,3966.0,2,3965.0,83,3967.0,95,3964.0,35,3968.0,113,3963.0,50,3969.0,89,3962.0,178,3970.0,59,3961.0,36
1597988376644374016,1597988376935000064,2020-08-21 13:39:36.935000,3966.0,3980.0,3940.0,3940.0,nan,3963.16,123697,4902310430.0,365987,3966.0,3,3965.0,83,3967.0,95,3964.0,35,3968.0,113,3963.0,50,3969.0,89,3962.0,180,3970.0,59,3961.0,36
1597988377133382912,1597988377420999936,2020-08-21 13:39:37.421000,3966.0,3980.0,3940.0,3940.0,nan,3963.16,123697,4902310430.0,365987,3966.0,3,3965.0,84,3967.0,95,3964.0,35,3968.0,118,3963.0,50,3969.0,89,3962.0,180,3970.0,59,3961.0,36
1597988377643981056,1597988377936000000,2020-08-21 13:39:37.936000,3966.0,3980.0,3940.0,3940.0,nan,3963.16,123697,4902310430.0,365987,3966.0,3,3965.0,85,3967.0,95,3964.0,35,3968.0,118,3963.0,50,3969.0,86,3962.0,180,3970.0,59,3961.0,36
1597988378142397952,1597988378437999872,2020-08-21 13:39:38.438000,3966.0,3980.0,3940.0,3940.0,nan,3963.16,123697,4902310430.0,365987,3966.0,3,3965.0,85,3967.0,95,3964.0,39,3968.0,118,3963.0,50,3969.0,88,3962.0,180,3970.0,59,3961.0,36
1597988378620838912,1597988378920999936,2020-08-21 13:39:38.921000,3966.0,3980.0,3940.0,3940.0,nan,3963.16,123697,4902310430.0,365987,3966.0,3,3965.0,85,3967.0,99,3964.0,39,3968.0,118,3963.0,50,3969.0,88,3962.0,180,3970.0,59,3961.0,36
1597988379117273088,1597988379394000128,2020-08-21 13:39:39.394000,3966.0,3980.0,3940.0,3940.0,nan,3963.16,123697,4902310430.0,365987,3966.0,3,3965.0,86,3967.0,99,3964.0,39,3968.0,118,3963.0,50,3969.0,88,3962.0,180,3970.0,59,3961.0,36
1597988379620463104,1597988379928000000,2020-08-21 13:39:39.928000,3966.0,3980.0,3940.0,3940.0,nan,3963.16,123697,4902310430.0,365987,3966.0,3,3965.0,86,3967.0,95,3964.0,39,3968.0,118,3963.0,50,3969.0,88,3962.0,180,3970.0,59,3961.0,36
1597988380130071040,1597988380382999808,2020-08-21 13:39:40.383000,3966.0,3980.0,3940.0,3940.0,nan,3963.16,123699,4902389750.0,365987,3966.0,1,3965.0,86,3967.0,95,3964.0,39,3968.0,118,3963.0,50,3969.0,88,3962.0,180,3970.0,59,3961.0,36
1597988380662341120,1597988380934000128,2020-08-21 13:39:40.934000,3966.0,3980.0,3940.0,3940.0,nan,3963.16,123699,4902389750.0,365987,3966.0,1,3965.0,86,3967.0,99,3964.0,39,3968.0,118,3963.0,50,3969.0,88,3962.0,180,3970.0,59,3961.0,36
1597988381621989120,1597988381904999936,2020-08-21 13:39:41.905000,3965.0,3980.0,3940.0,3940.0,nan,3963.16,123700,4902429400.0,365987,3966.0,1,3965.0,85,3967.0,99,3964.0,39,3968.0,118,3963.0,50,3969.0,88,3962.0,180,3970.0,60,3961.0,36
1597988382125011968,1597988382435000064,2020-08-21 13:39:42.435000,3965.0,3980.0,3940.0,3940.0,nan,3963.16,123701,4902469050.0,365987,3966.0,1,3965.0,84,3967.0,102,3964.0,39,3968.0,115,3963.0,50,3969.0,88,3962.0,180,3970.0,60,3961.0,36
1597988382625172992,1597988382921999872,2020-08-21 13:39:42.922000,3965.0,3980.0,3940.0,3940.0,nan,3963.16,123701,4902469050.0,365987,3966.0,1,3965.0,84,3967.0,103,3964.0,39,3968.0,115,3963.0,50,3969.0,81,3962.0,180,3970.0,60,3961.0,36
1597988384129464064,1597988384434000128,2020-08-21 13:39:44.434000,3965.0,3980.0,3940.0,3940.0,nan,3963.16,123701,4902469050.0,365987,3966.0,2,3965.0,84,3967.0,103,3964.0,39,3968.0,115,3963.0,50,3969.0,81,3962.0,180,3970.0,60,3961.0,36
1597988384619649024,1597988384924000000,2020-08-21 13:39:44.924000,3965.0,3980.0,3940.0,3940.0,nan,3963.16,123701,4902469050.0,365987,3966.0,2,3965.0,84,3967.0,103,3964.0,39,3968.0,115,3963.0,51,3969.0,81,3962.0,180,3970.0,60,3961.0,36
1597988385138515968,1597988385400999936,2020-08-21 13:39:45.401000,3965.0,3980.0,3940.0,3940.0,nan,3963.16,123701,4902469050.0,365987,3966.0,2,3965.0,86,3967.0,103,3964.0,39,3968.0,115,3963.0,51,3969.0,81,3962.0,180,3970.0,60,3961.0,36
1597988386130778880,1597988386428999936,2020-08-21 13:39:46.429000,3966.0,3980.0,3940.0,3940.0,nan,3963.16,123703,4902548370.0,365989,3967.0,103,3966.0,3,3968.0,115,3965.0,86,3969.0,81,3964.0,39,3970.0,60,3963.0,51,3971.0,84,3962.0,180
1597988386626059008,1597988386927000064,2020-08-21 13:39:46.927000,3966.0,3980.0,3940.0,3940.0,nan,3963.16,123703,4902548370.0,365989,3967.0,96,3966.0,10,3968.0,115,3965.0,86,3969.0,78,3964.0,39,3970.0,60,3963.0,51,3971.0,83,3962.0,180
1597988387140748032,1597988387426000128,2020-08-21 13:39:47.426000,3966.0,3980.0,3940.0,3940.0,nan,3963.16,123703,4902548370.0,365989,3967.0,96,3966.0,15,3968.0,115,3965.0,86,3969.0,78,3964.0,39,3970.0,60,3963.0,51,3971.0,83,3962.0,180
1597988388125431040,1597988388436999936,2020-08-21 13:39:48.437000,3967.0,3980.0,3940.0,3940.0,nan,3963.161,123708,4902746720.0,365989,3967.0,91,3966.0,15,3968.0,115,3965.0,86,3969.0,78,3964.0,39,3970.0,60,3963.0,51,3971.0,83,3962.0,180
1597988388632406016,1597988388936000000,2020-08-21 13:39:48.936000,3967.0,3980.0,3940.0,3940.0,nan,3963.161,123708,4902746720.0,365989,3967.0,94,3966.0,15,3968.0,115,3965.0,86,3969.0,77,3964.0,39,3970.0,60,3963.0,51,3971.0,83,3962.0,180
1597988389136570112,1597988389374000128,2020-08-21 13:39:49.374000,3966.0,3980.0,3940.0,3940.0,nan,3963.161,123709,4902786380.0,365990,3967.0,94,3966.0,39,3968.0,115,3965.0,86,3969.0,77,3964.0,39,3970.0,60,3963.0,51,3971.0,83,3962.0,180
1597988389615597056,1597988389934000128,2020-08-21 13:39:49.934000,3966.0,3980.0,3940.0,3940.0,nan,3963.161,123709,4902786380.0,365990,3967.0,95,3966.0,44,3968.0,115,3965.0,86,3969.0,77,3964.0,39,3970.0,60,3963.0,51,3971.0,83,3962.0,180
1597988390161509120,1597988390432000000,2020-08-21 13:39:50.432000,3967.0,3980.0,3940.0,3940.0,nan,3963.161,123714,4902984730.0,365990,3967.0,90,3966.0,44,3968.0,115,3965.0,90,3969.0,77,3964.0,39,3970.0,60,3963.0,51,3971.0,83,3962.0,180
1597988390634364928,1597988390937999872,2020-08-21 13:39:50.938000,3967.0,3980.0,3940.0,3940.0,nan,3963.161,123714,4902984730.0,365990,3967.0,90,3966.0,68,3968.0,115,3965.0,90,3969.0,77,3964.0,39,3970.0,60,3963.0,51,3971.0,83,3962.0,180
1597988392119825920,1597988392435000064,2020-08-21 13:39:52.435000,3967.0,3980.0,3940.0,3940.0,nan,3963.161,123719,4903183080.0,365990,3967.0,85,3966.0,68,3968.0,115,3965.0,90,3969.0,77,3964.0,39,3970.0,60,3963.0,51,3971.0,82,3962.0,180
1597988392629293056,1597988392937999872,2020-08-21 13:39:52.938000,3966.0,3980.0,3940.0,3940.0,nan,3963.161,123720,4903222740.0,365990,3967.0,85,3966.0,67,3968.0,115,3965.0,90,3969.0,74,3964.0,39,3970.0,60,3963.0,51,3971.0,82,3962.0,180
1597988393165310976,1597988393432000000,2020-08-21 13:39:53.432000,3966.0,3980.0,3940.0,3940.0,nan,3963.161,123722,4903302060.0,365989,3967.0,88,3966.0,41,3968.0,115,3965.0,90,3969.0,74,3964.0,40,3970.0,60,3963.0,51,3971.0,82,3962.0,180
1597988393622407936,1597988393904999936,2020-08-21 13:39:53.905000,3966.0,3980.0,3940.0,3940.0,nan,3963.161,123722,4903302060.0,365989,3967.0,88,3966.0,23,3968.0,115,3965.0,90,3969.0,74,3964.0,40,3970.0,60,3963.0,51,3971.0,82,3962.0,180
1597988394118301952,1597988394424999936,2020-08-21 13:39:54.425000,3966.0,3980.0,3940.0,3940.0,nan,3963.161,123722,4903302060.0,365989,3967.0,89,3966.0,12,3968.0,115,3965.0,90,3969.0,74,3964.0,40,3970.0,60,3963.0,51,3971.0,82,3962.0,180
1597988394651269120,1597988394903000064,2020-08-21 13:39:54.903000,3967.0,3980.0,3940.0,3940.0,nan,3963.161,123727,4903500410.0,365989,3967.0,84,3966.0,12,3968.0,115,3965.0,90,3969.0,74,3964.0,40,3970.0,60,3963.0,51,3971.0,82,3962.0,180
1597988395618191872,1597988395937999872,2020-08-21 13:39:55.938000,3967.0,3980.0,3940.0,3940.0,nan,3963.161,123727,4903500410.0,365989,3967.0,85,3966.0,19,3968.0,108,3965.0,90,3969.0,74,3964.0,40,3970.0,60,3963.0,51,3971.0,82,3962.0,180
1597988396137732096,1597988396436000000,2020-08-21 13:39:56.436000,3967.0,3980.0,3940.0,3940.0,nan,3963.161,123727,4903500410.0,365989,3967.0,85,3966.0,19,3968.0,108,3965.0,83,3969.0,74,3964.0,40,3970.0,60,3963.0,51,3971.0,82,3962.0,180
1597988397117613056,1597988397437999872,2020-08-21 13:39:57.438000,3967.0,3980.0,3940.0,3940.0,nan,3963.161,123727,4903500410.0,365989,3967.0,84,3966.0,19,3968.0,108,3965.0,83,3969.0,74,3964.0,40,3970.0,60,3963.0,51,3971.0,82,3962.0,180
1597988397625498112,1597988397901999872,2020-08-21 13:39:57.902000,3967.0,3980.0,3940.0,3940.0,nan,3963.161,123727,4903500410.0,365989,3967.0,84,3966.0,19,3968.0,108,3965.0,81,3969.0,74,3964.0,40,3970.0,60,3963.0,51,3971.0,82,3962.0,180
1597988400142115072,1597988400420999936,2020-08-21 13:40:00.421000,3967.0,3980.0,3940.0,3940.0,nan,3963.161,123728,4903540080.0,365989,3967.0,83,3966.0,19,3968.0,108,3965.0,81,3969.0,74,3964.0,40,3970.0,60,3963.0,51,3971.0,82,3962.0,180
1597988400645334016,1597988400937999872,2020-08-21 13:40:00.938000,3967.0,3980.0,3940.0,3940.0,nan,3963.161,123731,4903659090.0,365989,3967.0,86,3966.0,19,3968.0,108,3965.0,81,3969.0,74,3964.0,40,3970.0,60,3963.0,51,3971.0,82,3962.0,180
1597988401120275968,1597988401428999936,2020-08-21 13:40:01.429000,3967.0,3980.0,3940.0,3940.0,nan,3963.161,123731,4903659090.0,365989,3967.0,86,3966.0,32,3968.0,108,3965.0,81,3969.0,74,3964.0,40,3970.0,60,3963.0,51,3971.0,83,3962.0,180
1597988401633347072,1597988401930000128,2020-08-21 13:40:01.930000,3967.0,3980.0,3940.0,3940.0,nan,3963.161,123731,4903659090.0,365989,3967.0,82,3966.0,60,3968.0,108,3965.0,81,3969.0,74,3964.0,40,3970.0,61,3963.0,51,3971.0,82,3962.0,180
1597988402153189888,1597988402413000192,2020-08-21 13:40:02.413000,3967.0,3980.0,3940.0,3940.0,nan,3963.161,123731,4903659090.0,365989,3967.0,82,3966.0,70,3968.0,108,3965.0,81,3969.0,74,3964.0,40,3970.0,61,3963.0,51,3971.0,82,3962.0,180
1597988402628357120,1597988402918999808,2020-08-21 13:40:02.919000,3967.0,3980.0,3940.0,3940.0,nan,3963.161,123731,4903659090.0,365989,3967.0,82,3966.0,76,3968.0,109,3965.0,81,3969.0,74,3964.0,40,3970.0,61,3963.0,51,3971.0,82,3962.0,180
1597988403632901888,1597988403924000000,2020-08-21 13:40:03.924000,3966.0,3980.0,3940.0,3940.0,nan,3963.162,123756,4904650590.0,365972,3967.0,82,3966.0,51,3968.0,109,3965.0,81,3969.0,74,3964.0,40,3970.0,61,3963.0,51,3971.0,82,3962.0,180
1597988404167586048,1597988404411000064,2020-08-21 13:40:04.411000,3966.0,3980.0,3940.0,3940.0,nan,3963.162,123762,4904888550.0,365966,3967.0,82,3966.0,24,3968.0,109,3965.0,81,3969.0,74,3964.0,40,3970.0,61,3963.0,51,3971.0,82,3962.0,180
1597988404655833088,1597988404903000064,2020-08-21 13:40:04.903000,3966.0,3980.0,3940.0,3940.0,nan,3963.162,123762,4904888550.0,365966,3967.0,83,3966.0,9,3968.0,109,3965.0,81,3969.0,74,3964.0,40,3970.0,61,3963.0,51,3971.0,82,3962.0,180
1597988405139961088,1597988405420000000,2020-08-21 13:40:05.420000,3966.0,3980.0,3940.0,3940.0,nan,3963.162,123762,4904888550.0,365966,3967.0,83,3966.0,15,3968.0,109,3965.0,81,3969.0,74,3964.0,40,3970.0,61,3963.0,51,3971.0,82,3962.0,180
1597988405633506048,1597988405897000192,2020-08-21 13:40:05.897000,3966.0,3980.0,3940.0,3940.0,nan,3963.162,123762,4904888550.0,365966,3967.0,83,3966.0,21,3968.0,109,3965.0,81,3969.0,74,3964.0,40,3970.0,60,3963.0,51,3971.0,82,3962.0,180
1597988406151287040,1597988406427000064,2020-08-21 13:40:06.427000,3966.0,3980.0,3940.0,3940.0,nan,3963.162,123762,4904888550.0,365966,3967.0,104,3966.0,21,3968.0,109,3965.0,81,3969.0,74,3964.0,40,3970.0,60,3963.0,51,3971.0,82,3962.0,180
1597988406632813056,1597988406927000064,2020-08-21 13:40:06.927000,3966.0,3980.0,3940.0,3940.0,nan,3963.162,123762,4904888550.0,365966,3967.0,104,3966.0,16,3968.0,109,3965.0,81,3969.0,74,3964.0,40,3970.0,60,3963.0,51,3971.0,82,3962.0,180
1597988407637264896,1597988407897000192,2020-08-21 13:40:07.897000,3966.0,3980.0,3940.0,3940.0,nan,3963.162,123765,4905007530.0,365965,3967.0,104,3966.0,13,3968.0,109,3965.0,81,3969.0,74,3964.0,40,3970.0,60,3963.0,51,3971.0,82,3962.0,180
1597988408155095040,1597988408431000064,2020-08-21 13:40:08.431000,3966.0,3980.0,3940.0,3940.0,nan,3963.162,123765,4905007530.0,365965,3967.0,104,3966.0,13,3968.0,109,3965.0,81,3969.0,72,3964.0,40,3970.0,59,3963.0,51,3971.0,82,3962.0,180
1597988408630104064,1597988408918999808,2020-08-21 13:40:08.919000,3966.0,3980.0,3940.0,3940.0,nan,3963.162,123765,4905007530.0,365965,3967.0,104,3966.0,13,3968.0,109,3965.0,81,3969.0,72,3964.0,40,3970.0,59,3963.0,51,3971.0,77,3962.0,180
1597988409132268032,1597988409415000064,2020-08-21 13:40:09.415000,3966.0,3980.0,3940.0,3940.0,nan,3963.162,123766,4905047190.0,365964,3967.0,104,3966.0,12,3968.0,109,3965.0,81,3969.0,72,3964.0,40,3970.0,59,3963.0,51,3971.0,77,3962.0,180
1597988409630633984,1597988409904999936,2020-08-21 13:40:09.905000,3966.0,3980.0,3940.0,3940.0,nan,3963.162,123766,4905047190.0,365964,3967.0,106,3966.0,12,3968.0,109,3965.0,81,3969.0,72,3964.0,40,3970.0,59,3963.0,51,3971.0,77,3962.0,180
1597988410636474112,1597988410931000064,2020-08-21 13:40:10.931000,3966.0,3980.0,3940.0,3940.0,nan,3963.162,123771,4905245490.0,365960,3967.0,113,3966.0,7,3968.0,110,3965.0,81,3969.0,72,3964.0,40,3970.0,59,3963.0,51,3971.0,77,3962.0,180
1597988411124692992,1597988411436000000,2020-08-21 13:40:11.436000,3966.0,3980.0,3940.0,3940.0,nan,3963.162,123780,4905602430.0,365960,3966.0,3,3965.0,81,3967.0,113,3964.0,40,3968.0,113,3963.0,51,3969.0,72,3962.0,180,3970.0,59,3961.0,36
1597988411641207040,1597988411924999936,2020-08-21 13:40:11.925000,3965.0,3980.0,3940.0,3940.0,nan,3963.162,123781,4905642080.0,365960,3966.0,21,3965.0,83,3967.0,92,3964.0,36,3968.0,113,3963.0,51,3969.0,72,3962.0,180,3970.0,59,3961.0,36
1597988412119062016,1597988412411000064,2020-08-21 13:40:12.411000,3965.0,3980.0,3940.0,3940.0,nan,3963.162,123782,4905681730.0,365960,3966.0,21,3965.0,82,3967.0,97,3964.0,41,3968.0,116,3963.0,51,3969.0,72,3962.0,180,3970.0,59,3961.0,36
1597988413135303936,1597988413426000128,2020-08-21 13:40:13.426000,3965.0,3980.0,3940.0,3940.0,nan,3963.162,123782,4905681730.0,365960,3966.0,37,3965.0,63,3967.0,101,3964.0,41,3968.0,116,3963.0,50,3969.0,72,3962.0,180,3970.0,59,3961.0,36
1597988413674318080,1597988413916000000,2020-08-21 13:40:13.916000,3965.0,3980.0,3940.0,3940.0,nan,3963.162,123782,4905681730.0,365960,3966.0,58,3965.0,64,3967.0,101,3964.0,45,3968.0,116,3963.0,50,3969.0,72,3962.0,180,3970.0,59,3961.0,36
1597988414146838016,1597988414356000000,2020-08-21 13:40:14.356000,3965.0,3980.0,3940.0,3940.0,nan,3963.163,123787,4905879980.0,365957,3966.0,58,3965.0,61,3967.0,101,3964.0,45,3968.0,116,3963.0,50,3969.0,72,3962.0,180,3970.0,59,3961.0,36
1597988414634178048,1597988414920999936,2020-08-21 13:40:14.921000,3965.0,3980.0,3940.0,3940.0,nan,3963.163,123787,4905879980.0,365957,3966.0,61,3965.0,61,3967.0,101,3964.0,45,3968.0,116,3963.0,50,3969.0,72,3962.0,180,3970.0,59,3961.0,36
1597988415713347072,1597988415935000064,2020-08-21 13:40:15.935000,3965.0,3980.0,3940.0,3940.0,nan,3963.163,123787,4905879980.0,365957,3966.0,61,3965.0,61,3967.0,101,3964.0,55,3968.0,116,3963.0,50,3969.0,72,3962.0,180,3970.0,59,3961.0,36
1597988416139972096,1597988416325999872,2020-08-21 13:40:16.326000,3966.0,3980.0,3940.0,3940.0,nan,3963.163,123790,4905998960.0,365954,3966.0,58,3965.0,61,3967.0,101,3964.0,55,3968.0,116,3963.0,50,3969.0,73,3962.0,180,3970.0,59,3961.0,36
1597988416610256896,1597988416935000064,2020-08-21 13:40:16.935000,3966.0,3980.0,3940.0,3940.0,nan,3963.163,123790,4905998960.0,365954,3966.0,53,3965.0,61,3967.0,101,3964.0,55,3968.0,116,3963.0,51,3969.0,73,3962.0,180,3970.0,59,3961.0,36
1597988419139661056,1597988419430000128,2020-08-21 13:40:19.430000,3966.0,3980.0,3940.0,3940.0,nan,3963.163,123790,4905998960.0,365954,3966.0,54,3965.0,61,3967.0,101,3964.0,55,3968.0,116,3963.0,51,3969.0,73,3962.0,180,3970.0,59,3961.0,36
1597988420117452032,1597988420433000192,2020-08-21 13:40:20.433000,3966.0,3980.0,3940.0,3940.0,nan,3963.163,123790,4905998960.0,365954,3966.0,55,3965.0,61,3967.0,101,3964.0,55,3968.0,115,3963.0,51,3969.0,73,3962.0,180,3970.0,59,3961.0,36
1597988421118849024,1597988421390000128,2020-08-21 13:40:21.390000,3966.0,3980.0,3940.0,3940.0,nan,3963.163,123790,4905998960.0,365954,3966.0,53,3965.0,61,3967.0,101,3964.0,55,3968.0,115,3963.0,51,3969.0,73,3962.0,180,3970.0,59,3961.0,36
1597988421635023104,1597988421928000000,2020-08-21 13:40:21.928000,3966.0,3980.0,3940.0,3940.0,nan,3963.163,123790,4905998960.0,365954,3966.0,44,3965.0,61,3967.0,101,3964.0,45,3968.0,115,3963.0,51,3969.0,73,3962.0,180,3970.0,59,3961.0,36
1597988422120169984,1597988422401999872,2020-08-21 13:40:22.402000,3966.0,3980.0,3940.0,3940.0,nan,3963.163,123790,4905998960.0,365954,3966.0,39,3965.0,61,3967.0,101,3964.0,45,3968.0,115,3963.0,51,3969.0,73,3962.0,180,3970.0,59,3961.0,36
1597988422655410944,1597988422921999872,2020-08-21 13:40:22.922000,3965.0,3980.0,3940.0,3940.0,nan,3963.163,123791,4906038610.0,365953,3966.0,39,3965.0,61,3967.0,101,3964.0,45,3968.0,115,3963.0,51,3969.0,73,3962.0,180,3970.0,59,3961.0,36
1597988423126707968,1597988423430000128,2020-08-21 13:40:23.430000,3965.0,3980.0,3940.0,3940.0,nan,3963.163,123791,4906038610.0,365953,3966.0,39,3965.0,67,3967.0,101,3964.0,45,3968.0,115,3963.0,51,3969.0,73,3962.0,180,3970.0,59,3961.0,36
1597988423629319936,1597988423857000192,2020-08-21 13:40:23.857000,3965.0,3980.0,3940.0,3940.0,nan,3963.163,123791,4906038610.0,365953,3966.0,27,3965.0,67,3967.0,98,3964.0,45,3968.0,115,3963.0,51,3969.0,73,3962.0,180,3970.0,59,3961.0,36
1597988424168303104,1597988424434000128,2020-08-21 13:40:24.434000,3965.0,3980.0,3940.0,3940.0,nan,3963.163,123796,4906236860.0,365953,3966.0,30,3965.0,62,3967.0,98,3964.0,45,3968.0,115,3963.0,51,3969.0,73,3962.0,180,3970.0,59,3961.0,36
1597988425626681088,1597988425930000128,2020-08-21 13:40:25.930000,3966.0,3980.0,3940.0,3940.0,nan,3963.163,123801,4906435160.0,365953,3966.0,25,3965.0,62,3967.0,98,3964.0,45,3968.0,115,3963.0,51,3969.0,73,3962.0,180,3970.0,59,3961.0,36
1597988426151074048,1597988426431000064,2020-08-21 13:40:26.431000,3966.0,3980.0,3940.0,3940.0,nan,3963.163,123802,4906474820.0,365953,3966.0,24,3965.0,63,3967.0,98,3964.0,45,3968.0,115,3963.0,51,3969.0,73,3962.0,180,3970.0,59,3961.0,36
1597988426850156032,1597988426934000128,2020-08-21 13:40:26.934000,3966.0,3980.0,3940.0,3940.0,nan,3963.163,123802,4906474820.0,365953,3966.0,24,3965.0,65,3967.0,98,3964.0,45,3968.0,115,3963.0,51,3969.0,73,3962.0,180,3970.0,59,3961.0,36
1597988427624229120,1597988427918999808,2020-08-21 13:40:27.919000,3966.0,3980.0,3940.0,3940.0,nan,3963.163,123807,4906673120.0,365953,3966.0,19,3965.0,65,3967.0,98,3964.0,45,3968.0,115,3963.0,51,3969.0,73,3962.0,180,3970.0,59,3961.0,36
1597988428139582976,1597988428412000000,2020-08-21 13:40:28.412000,3966.0,3980.0,3940.0,3940.0,nan,3963.163,123807,4906673120.0,365953,3966.0,13,3965.0,66,3967.0,98,3964.0,45,3968.0,115,3963.0,51,3969.0,73,3962.0,180,3970.0,59,3961.0,36
1597988429127934976,1597988429424999936,2020-08-21 13:40:29.425000,3966.0,3980.0,3940.0,3940.0,nan,3963.163,123807,4906673120.0,365953,3966.0,16,3965.0,66,3967.0,98,3964.0,45,3968.0,114,3963.0,51,3969.0,73,3962.0,180,3970.0,59,3961.0,36
1597988429609873920,1597988429936999936,2020-08-21 13:40:29.937000,3966.0,3980.0,3940.0,3940.0,nan,3963.163,123807,4906673120.0,365953,3966.0,16,3965.0,67,3967.0,98,3964.0,45,3968.0,114,3963.0,51,3969.0,73,3962.0,180,3970.0,59,3961.0,36
1597988430143289088,1597988430434000128,2020-08-21 13:40:30.434000,3966.0,3980.0,3940.0,3940.0,nan,3963.163,123807,4906673120.0,365953,3966.0,16,3965.0,67,3967.0,98,3964.0,45,3968.0,114,3963.0,51,3969.0,73,3962.0,181,3970.0,89,3961.0,36
1597988430635548928,1597988430927000064,2020-08-21 13:40:30.927000,3966.0,3980.0,3940.0,3940.0,nan,3963.163,123807,4906673120.0,365953,3966.0,17,3965.0,73,3967.0,98,3964.0,45,3968.0,114,3963.0,51,3969.0,73,3962.0,181,3970.0,89,3961.0,36
1597988431637104896,1597988431912000000,2020-08-21 13:40:31.912000,3966.0,3980.0,3940.0,3940.0,nan,3963.163,123809,4906752430.0,365952,3966.0,16,3965.0,72,3967.0,98,3964.0,45,3968.0,114,3963.0,51,3969.0,73,3962.0,181,3970.0,89,3961.0,36
1597988433801961984,1597988433934000128,2020-08-21 13:40:33.934000,3966.0,3980.0,3940.0,3940.0,nan,3963.163,123814,4906950730.0,365952,3966.0,11,3965.0,72,3967.0,98,3964.0,45,3968.0,114,3963.0,51,3969.0,73,3962.0,181,3970.0,89,3961.0,36
1597988434120553984,1597988434405999872,2020-08-21 13:40:34.406000,3965.0,3980.0,3940.0,3940.0,nan,3963.163,123819,4907148980.0,365949,3966.0,11,3965.0,67,3967.0,98,3964.0,45,3968.0,114,3963.0,51,3969.0,73,3962.0,181,3970.0,89,3961.0,36
1597988434638544896,1597988434923000064,2020-08-21 13:40:34.923000,3965.0,3980.0,3940.0,3940.0,nan,3963.163,123819,4907148980.0,365949,3966.0,11,3965.0,67,3967.0,94,3964.0,45,3968.0,114,3963.0,51,3969.0,73,3962.0,181,3970.0,89,3961.0,36
1597988435625441024,1597988435910000128,2020-08-21 13:40:35.910000,3965.0,3980.0,3940.0,3940.0,nan,3963.163,123829,4907545480.0,365956,3966.0,11,3965.0,57,3967.0,94,3964.0,45,3968.0,114,3963.0,51,3969.0,73,3962.0,181,3970.0,89,3961.0,36
1597988436153965056,1597988436435000064,2020-08-21 13:40:36.435000,3965.0,3980.0,3940.0,3940.0,nan,3963.163,123829,4907545480.0,365956,3966.0,11,3965.0,91,3967.0,94,3964.0,45,3968.0,114,3963.0,51,3969.0,73,3962.0,181,3970.0,89,3961.0,36
1597988437114615040,1597988437357000192,2020-08-21 13:40:37.357000,3965.0,3980.0,3940.0,3940.0,nan,3963.164,123845,4908180000.0,365945,3967.0,94,3965.0,97,3968.0,114,3964.0,45,3969.0,73,3963.0,51,3970.0,89,3962.0,181,3971.0,77,3961.0,36
1597988437621024000,1597988437937999872,2020-08-21 13:40:37.938000,3966.0,3980.0,3940.0,3940.0,nan,3963.164,123850,4908378300.0,365940,3967.0,99,3966.0,16,3968.0,119,3965.0,100,3969.0,73,3964.0,45,3970.0,89,3963.0,52,3971.0,77,3962.0,181
1597988438127907072,1597988438430000128,2020-08-21 13:40:38.430000,3966.0,3980.0,3940.0,3940.0,nan,3963.164,123855,4908576600.0,365935,3967.0,89,3966.0,31,3968.0,115,3965.0,110,3969.0,73,3964.0,45,3970.0,89,3963.0,52,3971.0,77,3962.0,181
1597988438623769088,1597988438938999808,2020-08-21 13:40:38.939000,3966.0,3980.0,3940.0,3940.0,nan,3963.164,123855,4908576600.0,365935,3967.0,89,3966.0,33,3968.0,115,3965.0,110,3969.0,73,3964.0,45,3970.0,89,3963.0,52,3971.0,77,3962.0,181
1597988439122097920,1597988439433000192,2020-08-21 13:40:39.433000,3967.0,3980.0,3940.0,3940.0,nan,3963.164,123856,4908616270.0,365935,3967.0,88,3966.0,37,3968.0,115,3965.0,110,3969.0,73,3964.0,45,3970.0,89,3963.0,52,3971.0,77,3962.0,181
1597988439641288960,1597988439926000128,2020-08-21 13:40:39.926000,3967.0,3980.0,3940.0,3940.0,nan,3963.164,123857,4908655940.0,365934,3967.0,87,3966.0,45,3968.0,119,3965.0,104,3969.0,73,3964.0,45,3970.0,89,3963.0,52,3971.0,77,3962.0,181
1597988440131614976,1597988440408000000,2020-08-21 13:40:40.408000,3967.0,3980.0,3940.0,3940.0,nan,3963.164,123857,4908655940.0,365934,3967.0,87,3966.0,45,3968.0,124,3965.0,104,3969.0,73,3964.0,45,3970.0,89,3963.0,52,3971.0,77,3962.0,181
1597988440643159040,1597988440938999808,2020-08-21 13:40:40.939000,3967.0,3980.0,3940.0,3940.0,nan,3963.164,123858,4908695610.0,365934,3967.0,86,3966.0,45,3968.0,124,3965.0,104,3969.0,73,3964.0,45,3970.0,89,3963.0,52,3971.0,77,3962.0,181
1597988442635341056,1597988442924000000,2020-08-21 13:40:42.924000,3967.0,3980.0,3940.0,3940.0,nan,3963.164,123858,4908695610.0,365934,3967.0,86,3966.0,51,3968.0,124,3965.0,104,3969.0,74,3964.0,45,3970.0,89,3963.0,52,3971.0,77,3962.0,181
1597988443120481024,1597988443434000128,2020-08-21 13:40:43.434000,3967.0,3980.0,3940.0,3940.0,nan,3963.164,123858,4908695610.0,365934,3967.0,85,3966.0,42,3968.0,124,3965.0,104,3969.0,74,3964.0,45,3970.0,89,3963.0,52,3971.0,77,3962.0,181
1597988443631803904,1597988443938999808,2020-08-21 13:40:43.939000,3967.0,3980.0,3940.0,3940.0,nan,3963.164,123858,4908695610.0,365934,3967.0,85,3966.0,39,3968.0,124,3965.0,104,3969.0,74,3964.0,45,3970.0,89,3963.0,52,3971.0,77,3962.0,181
1597988444124553984,1597988444435000064,2020-08-21 13:40:44.435000,3966.0,3980.0,3940.0,3940.0,nan,3963.164,123863,4908893910.0,365929,3967.0,85,3966.0,34,3968.0,124,3965.0,104,3969.0,74,3964.0,45,3970.0,89,3963.0,52,3971.0,77,3962.0,181
1597988444672654080,1597988444905999872,2020-08-21 13:40:44.906000,3966.0,3980.0,3940.0,3940.0,nan,3963.164,123863,4908893910.0,365929,3967.0,85,3966.0,21,3968.0,124,3965.0,104,3969.0,74,3964.0,45,3970.0,89,3963.0,52,3971.0,77,3962.0,181
1597988449119727104,1597988449431000064,2020-08-21 13:40:49.431000,3966.0,3980.0,3940.0,3940.0,nan,3963.164,123864,4908933570.0,365929,3967.0,85,3966.0,20,3968.0,124,3965.0,104,3969.0,74,3964.0,45,3970.0,89,3963.0,52,3971.0,77,3962.0,181
1597988449631461120,1597988449894000128,2020-08-21 13:40:49.894000,3966.0,3980.0,3940.0,3940.0,nan,3963.164,123864,4908933570.0,365929,3967.0,85,3966.0,21,3968.0,124,3965.0,104,3969.0,74,3964.0,45,3970.0,89,3963.0,52,3971.0,77,3962.0,181
1597988451616674048,1597988451933000192,2020-08-21 13:40:51.933000,3966.0,3980.0,3940.0,3940.0,nan,3963.164,123864,4908933570.0,365929,3967.0,84,3966.0,21,3968.0,124,3965.0,104,3969.0,74,3964.0,45,3970.0,89,3963.0,52,3971.0,77,3962.0,181
1597988452128274944,1597988452424999936,2020-08-21 13:40:52.425000,3966.0,3980.0,3940.0,3940.0,nan,3963.164,123864,4908933570.0,365929,3967.0,84,3966.0,18,3968.0,124,3965.0,104,3969.0,74,3964.0,45,3970.0,89,3963.0,52,3971.0,77,3962.0,181
1597988453641594880,1597988453932000000,2020-08-21 13:40:53.932000,3967.0,3980.0,3940.0,3940.0,nan,3963.164,123871,4909211240.0,365928,3967.0,79,3966.0,16,3968.0,124,3965.0,104,3969.0,74,3964.0,45,3970.0,89,3963.0,52,3971.0,77,3962.0,181
1597988454116283904,1597988454428000000,2020-08-21 13:40:54.428000,3966.0,3980.0,3940.0,3940.0,nan,3963.164,123876,4909409540.0,365928,3967.0,79,3966.0,14,3968.0,124,3965.0,104,3969.0,74,3964.0,45,3970.0,89,3963.0,52,3971.0,77,3962.0,181
1597988455619347968,1597988455936999936,2020-08-21 13:40:55.937000,3966.0,3980.0,3940.0,3940.0,nan,3963.164,123876,4909409540.0,365928,3967.0,72,3966.0,14,3968.0,124,3965.0,104,3969.0,74,3964.0,45,3970.0,89,3963.0,52,3971.0,77,3962.0,181
1597988456119627008,1597988456432000000,2020-08-21 13:40:56.432000,3967.0,3980.0,3940.0,3940.0,nan,3963.165,123886,4909806190.0,365923,3967.0,67,3966.0,9,3968.0,124,3965.0,104,3969.0,74,3964.0,45,3970.0,89,3963.0,52,3971.0,77,3962.0,181
1597988456623800064,1597988456905999872,2020-08-21 13:40:56.906000,3966.0,3980.0,3940.0,3940.0,nan,3963.165,123891,4910004490.0,365921,3967.0,67,3966.0,4,3968.0,124,3965.0,104,3969.0,74,3964.0,45,3970.0,89,3963.0,52,3971.0,77,3962.0,181
1597988457117225984,1597988457434000128,2020-08-21 13:40:57.434000,3966.0,3980.0,3940.0,3940.0,nan,3963.165,123895,4910163130.0,365920,3966.0,1,3965.0,104,3967.0,67,3964.0,45,3968.0,124,3963.0,52,3969.0,74,3962.0,181,3970.0,89,3961.0,36
1597988457604873984,1597988457931000064,2020-08-21 13:40:57.931000,3966.0,3980.0,3940.0,3940.0,nan,3963.165,123895,4910163130.0,365920,3967.0,67,3965.0,94,3968.0,124,3964.0,41,3969.0,74,3963.0,52,3970.0,89,3962.0,181,3971.0,77,3961.0,36
1597988458117452032,1597988458434000128,2020-08-21 13:40:58.434000,3967.0,3980.0,3940.0,3940.0,nan,3963.165,123900,4910361480.0,365920,3967.0,72,3965.0,108,3968.0,124,3964.0,41,3969.0,74,3963.0,52,3970.0,89,3962.0,181,3971.0,77,3961.0,36
1597988459627648000,1597988459904000000,2020-08-21 13:40:59.904000,3967.0,3980.0,3940.0,3940.0,nan,3963.165,123900,4910361480.0,365920,3967.0,72,3965.0,104,3968.0,124,3964.0,41,3969.0,74,3963.0,52,3970.0,89,3962.0,181,3971.0,77,3961.0,36
1597988460141377024,1597988460424999936,2020-08-21 13:41:00.425000,3967.0,3980.0,3940.0,3940.0,nan,3963.165,123900,4910361480.0,365920,3967.0,77,3966.0,1,3968.0,126,3965.0,104,3969.0,74,3964.0,45,3970.0,89,3963.0,52,3971.0,77,3962.0,181
1597988460622564096,1597988460937999872,2020-08-21 13:41:00.938000,3966.0,3980.0,3940.0,3940.0,nan,3963.165,123911,4910797800.0,365915,3966.0,2,3965.0,104,3967.0,61,3964.0,45,3968.0,126,3963.0,52,3969.0,74,3962.0,181,3970.0,89,3961.0,36
1597988461305929984,1597988461427000064,2020-08-21 13:41:01.427000,3966.0,3980.0,3940.0,3940.0,nan,3963.165,123911,4910797800.0,365915,3966.0,2,3965.0,94,3967.0,61,3964.0,45,3968.0,126,3963.0,52,3969.0,74,3962.0,181,3970.0,89,3961.0,36
1597988461626852096,1597988461891000064,2020-08-21 13:41:01.891000,3966.0,3980.0,3940.0,3940.0,nan,3963.165,123911,4910797800.0,365915,3966.0,2,3965.0,94,3967.0,61,3964.0,45,3968.0,126,3963.0,52,3969.0,74,3962.0,181,3970.0,88,3961.0,36
1597988462144197120,1597988462420999936,2020-08-21 13:41:02.421000,3966.0,3980.0,3940.0,3940.0,nan,3963.165,123911,4910797800.0,365915,3966.0,2,3965.0,94,3967.0,61,3964.0,45,3968.0,126,3963.0,52,3969.0,75,3962.0,181,3970.0,88,3961.0,36
1597988462633481984,1597988462911000064,2020-08-21 13:41:02.911000,3966.0,3980.0,3940.0,3940.0,nan,3963.165,123911,4910797800.0,365915,3966.0,2,3965.0,97,3967.0,61,3964.0,45,3968.0,126,3963.0,52,3969.0,75,3962.0,181,3970.0,88,3961.0,36
1597988463126275072,1597988463430000128,2020-08-21 13:41:03.430000,3966.0,3980.0,3940.0,3940.0,nan,3963.165,123912,4910837460.0,365914,3966.0,1,3965.0,97,3967.0,61,3964.0,45,3968.0,126,3963.0,52,3969.0,75,3962.0,181,3970.0,88,3961.0,36
1597988463614187008,1597988463935000064,2020-08-21 13:41:03.935000,3966.0,3980.0,3940.0,3940.0,nan,3963.165,123912,4910837460.0,365914,3966.0,1,3965.0,97,3967.0,67,3964.0,45,3968.0,126,3963.0,52,3969.0,75,3962.0,181,3970.0,88,3961.0,36
1597988464151095040,1597988464432000000,2020-08-21 13:41:04.432000,3965.0,3980.0,3940.0,3940.0,nan,3963.165,123917,4911035710.0,365913,3966.0,1,3965.0,99,3967.0,67,3964.0,45,3968.0,126,3963.0,52,3969.0,74,3962.0,181,3970.0,88,3961.0,36
1597988464632591872,1597988464926000128,2020-08-21 13:41:04.926000,3965.0,3980.0,3940.0,3940.0,nan,3963.165,123917,4911035710.0,365913,3966.0,1,3965.0,95,3967.0,67,3964.0,45,3968.0,126,3963.0,52,3969.0,75,3962.0,181,3970.0,88,3961.0,36
1597988465143416064,1597988465426000128,2020-08-21 13:41:05.426000,3965.0,3980.0,3940.0,3940.0,nan,3963.165,123917,4911035710.0,365913,3966.0,3,3965.0,95,3967.0,67,3964.0,45,3968.0,126,3963.0,52,3969.0,75,3962.0,181,3970.0,88,3961.0,36
1597988465617777920,1597988465921999872,2020-08-21 13:41:05.922000,3965.0,3980.0,3940.0,3940.0,nan,3963.165,123917,4911035710.0,365913,3966.0,3,3965.0,96,3967.0,67,3964.0,45,3968.0,126,3963.0,52,3969.0,75,3962.0,181,3970.0,88,3961.0,36
1597988466632064000,1597988466938999808,2020-08-21 13:41:06.939000,3965.0,3980.0,3940.0,3940.0,nan,3963.165,123917,4911035710.0,365913,3966.0,3,3965.0,96,3967.0,68,3964.0,45,3968.0,126,3963.0,52,3969.0,75,3962.0,181,3970.0,88,3961.0,36
1597988467114695936,1597988467434000128,2020-08-21 13:41:07.434000,3965.0,3980.0,3940.0,3940.0,nan,3963.165,123917,4911035710.0,365913,3966.0,3,3965.0,96,3967.0,68,3964.0,45,3968.0,126,3963.0,56,3969.0,75,3962.0,181,3970.0,88,3961.0,36
1597988468131752960,1597988468428000000,2020-08-21 13:41:08.428000,3965.0,3980.0,3940.0,3940.0,nan,3963.165,123917,4911035710.0,365913,3966.0,3,3965.0,96,3967.0,68,3964.0,45,3968.0,121,3963.0,56,3969.0,75,3962.0,181,3970.0,88,3961.0,36
1597988468626936064,1597988468913000192,2020-08-21 13:41:08.913000,3965.0,3980.0,3940.0,3940.0,nan,3963.165,123918,4911075360.0,365914,3966.0,3,3965.0,95,3967.0,68,3964.0,45,3968.0,121,3963.0,56,3969.0,75,3962.0,181,3970.0,88,3961.0,36
1597988469129254912,1597988469435000064,2020-08-21 13:41:09.435000,3965.0,3980.0,3940.0,3940.0,nan,3963.165,123918,4911075360.0,365914,3966.0,8,3965.0,95,3967.0,68,3964.0,45,3968.0,121,3963.0,56,3969.0,75,3962.0,181,3970.0,88,3961.0,36
1597988469638292992,1597988469934000128,2020-08-21 13:41:09.934000,3965.0,3980.0,3940.0,3940.0,nan,3963.165,123918,4911075360.0,365914,3966.0,7,3965.0,95,3967.0,73,3964.0,45,3968.0,121,3963.0,56,3969.0,75,3962.0,181,3970.0,88,3961.0,36
1597988470666697984,1597988470926000128,2020-08-21 13:41:10.926000,3965.0,3980.0,3940.0,3940.0,nan,3963.165,123918,4911075360.0,365914,3966.0,13,3965.0,105,3967.0,73,3964.0,45,3968.0,121,3963.0,57,3969.0,75,3962.0,181,3970.0,88,3961.0,36
1597988471622844928,1597988471927000064,2020-08-21 13:41:11.927000,3965.0,3980.0,3940.0,3940.0,nan,3963.165,123920,4911154660.0,365914,3966.0,13,3965.0,103,3967.0,73,3964.0,45,3968.0,121,3963.0,57,3969.0,75,3962.0,181,3970.0,88,3961.0,36
1597988472116176896,1597988472436999936,2020-08-21 13:41:12.437000,3965.0,3980.0,3940.0,3940.0,nan,3963.165,123920,4911154660.0,365914,3966.0,18,3965.0,100,3967.0,73,3964.0,41,3968.0,121,3963.0,57,3969.0,75,3962.0,181,3970.0,88,3961.0,36
1597988472617927936,1597988472932000000,2020-08-21 13:41:12.932000,3965.0,3980.0,3940.0,3940.0,nan,3963.165,123920,4911154660.0,365914,3966.0,18,3965.0,66,3967.0,73,3964.0,41,3968.0,121,3963.0,57,3969.0,75,3962.0,181,3970.0,88,3961.0,36
1597988473124709120,1597988473436000000,2020-08-21 13:41:13.436000,3965.0,3980.0,3940.0,3940.0,nan,3963.165,123920,4911154660.0,365914,3966.0,24,3965.0,65,3967.0,73,3964.0,41,3968.0,121,3963.0,57,3969.0,75,3962.0,181,3970.0,88,3961.0,36
1597988473623769088,1597988473928999936,2020-08-21 13:41:13.929000,3965.0,3980.0,3940.0,3940.0,nan,3963.165,123920,4911154660.0,365914,3966.0,24,3965.0,63,3967.0,73,3964.0,45,3968.0,121,3963.0,57,3969.0,75,3962.0,181,3970.0,88,3961.0,36
1597988474127329024,1597988474404000000,2020-08-21 13:41:14.404000,3965.0,3980.0,3940.0,3940.0,nan,3963.166,123927,4911432210.0,365915,3966.0,45,3965.0,56,3967.0,73,3964.0,45,3968.0,121,3963.0,57,3969.0,75,3962.0,181,3970.0,88,3961.0,36
1597988474688966912,1597988474933000192,2020-08-21 13:41:14.933000,3965.0,3980.0,3940.0,3940.0,nan,3963.166,123927,4911432210.0,365915,3966.0,58,3965.0,42,3967.0,73,3964.0,45,3968.0,121,3963.0,57,3969.0,75,3962.0,181,3970.0,88,3961.0,36
1597988475127055104,1597988475437999872,2020-08-21 13:41:15.438000,3966.0,3980.0,3940.0,3940.0,nan,3963.166,123928,4911471870.0,365915,3966.0,57,3965.0,42,3967.0,73,3964.0,45,3968.0,121,3963.0,57,3969.0,75,3962.0,181,3970.0,88,3961.0,36
1597988478168869888,1597988478742000128,2020-08-21 13:41:18.742000,3966.0,3980.0,3940.0,3940.0,nan,3963.166,123928,4911471870.0,365915,3966.0,44,3965.0,42,3967.0,73,3964.0,45,3968.0,121,3963.0,57,3969.0,75,3962.0,181,3970.0,88,3961.0,36
1597988478652950016,1597988478927000064,2020-08-21 13:41:18.927000,3966.0,3980.0,3940.0,3940.0,nan,3963.166,123928,4911471870.0,365915,3966.0,35,3965.0,55,3967.0,73,3964.0,45,3968.0,121,3963.0,57,3969.0,75,3962.0,181,3970.0,88,3961.0,36
1597988479629937920,1597988479936000000,2020-08-21 13:41:19.936000,3966.0,3980.0,3940.0,3940.0,nan,3963.166,123928,4911471870.0,365915,3966.0,37,3965.0,55,3967.0,71,3964.0,45,3968.0,121,3963.0,57,3969.0,75,3962.0,182,3970.0,88,3961.0,36
1597988480121402880,1597988480416999936,2020-08-21 13:41:20.417000,3966.0,3980.0,3940.0,3940.0,nan,3963.166,123929,4911511530.0,365915,3966.0,36,3965.0,55,3967.0,71,3964.0,45,3968.0,121,3963.0,57,3969.0,75,3962.0,182,3970.0,88,3961.0,36
1597988480630199040,1597988480903000064,2020-08-21 13:41:20.903000,3966.0,3980.0,3940.0,3940.0,nan,3963.166,123929,4911511530.0,365915,3966.0,39,3965.0,55,3967.0,71,3964.0,45,3968.0,121,3963.0,57,3969.0,75,3962.0,182,3970.0,88,3961.0,36
1597988481650690048,1597988481937999872,2020-08-21 13:41:21.938000,3966.0,3980.0,3940.0,3940.0,nan,3963.166,123929,4911511530.0,365915,3966.0,39,3965.0,56,3967.0,71,3964.0,45,3968.0,121,3963.0,57,3969.0,75,3962.0,182,3970.0,88,3961.0,36
1597988482639098880,1597988482936000000,2020-08-21 13:41:22.936000,3966.0,3980.0,3940.0,3940.0,nan,3963.166,123929,4911511530.0,365915,3966.0,39,3965.0,56,3967.0,72,3964.0,45,3968.0,121,3963.0,57,3969.0,75,3962.0,182,3970.0,88,3961.0,36
1597988483130964992,1597988483434000128,2020-08-21 13:41:23.434000,3966.0,3980.0,3940.0,3940.0,nan,3963.166,123930,4911551190.0,365914,3966.0,38,3965.0,56,3967.0,72,3964.0,45,3968.0,121,3963.0,57,3969.0,75,3962.0,182,3970.0,88,3961.0,36
1597988484133071872,1597988484434000128,2020-08-21 13:41:24.434000,3965.0,3980.0,3940.0,3940.0,nan,3963.166,123936,4911789090.0,365915,3966.0,38,3965.0,51,3967.0,72,3964.0,45,3968.0,121,3963.0,57,3969.0,75,3962.0,182,3970.0,88,3961.0,36
1597988484617702912,1597988484915000064,2020-08-21 13:41:24.915000,3965.0,3980.0,3940.0,3940.0,nan,3963.166,123936,4911789090.0,365915,3966.0,47,3965.0,51,3967.0,72,3964.0,45,3968.0,121,3963.0,57,3969.0,75,3962.0,182,3970.0,88,3961.0,36
1597988485141721088,1597988485431000064,2020-08-21 13:41:25.431000,3965.0,3980.0,3940.0,3940.0,nan,3963.166,123936,4911789090.0,365915,3966.0,47,3965.0,38,3967.0,72,3964.0,41,3968.0,121,3963.0,57,3969.0,75,3962.0,182,3970.0,88,3961.0,42
1597988485659340032,1597988486210000128,2020-08-21 13:41:26.210000,3965.0,3980.0,3940.0,3940.0,nan,3963.166,123936,4911789090.0,365915,3966.0,47,3965.0,38,3967.0,72,3964.0,41,3968.0,121,3963.0,57,3969.0,75,3962.0,182,3970.0,88,3961.0,45
1597988487133083904,1597988487435000064,2020-08-21 13:41:27.435000,3966.0,3980.0,3940.0,3940.0,nan,3963.166,123941,4911987390.0,365919,3966.0,42,3965.0,38,3967.0,72,3964.0,41,3968.0,121,3963.0,57,3969.0,75,3962.0,182,3970.0,88,3961.0,45
1597988488124617984,1597988488431000064,2020-08-21 13:41:28.431000,3966.0,3980.0,3940.0,3940.0,nan,3963.166,123941,4911987390.0,365919,3966.0,42,3965.0,51,3967.0,72,3964.0,41,3968.0,121,3963.0,57,3969.0,75,3962.0,182,3970.0,88,3961.0,45
1597988488676786944,1597988488936999936,2020-08-21 13:41:28.937000,3966.0,3980.0,3940.0,3940.0,nan,3963.166,123941,4911987390.0,365919,3966.0,33,3965.0,51,3967.0,72,3964.0,41,3968.0,121,3963.0,57,3969.0,75,3962.0,182,3970.0,88,3961.0,45
1597988489149934080,1597988489436000000,2020-08-21 13:41:29.436000,3966.0,3980.0,3940.0,3940.0,nan,3963.166,123941,4911987390.0,365919,3966.0,21,3965.0,51,3967.0,72,3964.0,41,3968.0,121,3963.0,57,3969.0,75,3962.0,182,3970.0,88,3961.0,45
1597988489627906048,1597988489936999936,2020-08-21 13:41:29.937000,3966.0,3980.0,3940.0,3940.0,nan,3963.166,123941,4911987390.0,365919,3966.0,21,3965.0,51,3967.0,72,3964.0,45,3968.0,121,3963.0,57,3969.0,75,3962.0,182,3970.0,88,3961.0,45
1597988490128826880,1597988490401999872,2020-08-21 13:41:30.402000,3966.0,3980.0,3940.0,3940.0,nan,3963.166,123942,4912027050.0,365919,3966.0,20,3965.0,51,3967.0,72,3964.0,45,3968.0,121,3963.0,57,3969.0,75,3962.0,182,3970.0,88,3961.0,45
1597988491127932928,1597988491427000064,2020-08-21 13:41:31.427000,3965.0,3980.0,3940.0,3940.0,nan,3963.166,123943,4912066700.0,365920,3966.0,20,3965.0,50,3967.0,72,3964.0,45,3968.0,121,3963.0,57,3969.0,75,3962.0,182,3970.0,88,3961.0,45
1597988491641490944,1597988491914000128,2020-08-21 13:41:31.914000,3965.0,3980.0,3940.0,3940.0,nan,3963.166,123943,4912066700.0,365920,3966.0,20,3965.0,50,3967.0,72,3964.0,45,3968.0,118,3963.0,57,3969.0,75,3962.0,182,3970.0,88,3961.0,45
1597988492133272064,1597988492431000064,2020-08-21 13:41:32.431000,3966.0,3980.0,3940.0,3940.0,nan,3963.166,123948,4912265000.0,365920,3966.0,15,3965.0,50,3967.0,72,3964.0,45,3968.0,118,3963.0,57,3969.0,75,3962.0,182,3970.0,88,3961.0,45
1597988492634971904,1597988492917999872,2020-08-21 13:41:32.918000,3966.0,3980.0,3940.0,3940.0,nan,3963.166,123948,4912265000.0,365920,3966.0,12,3965.0,73,3967.0,72,3964.0,45,3968.0,118,3963.0,57,3969.0,75,3962.0,182,3970.0,88,3961.0,45
1597988493645016064,1597988493933000192,2020-08-21 13:41:33.933000,3966.0,3980.0,3940.0,3940.0,nan,3963.166,123949,4912304660.0,365920,3966.0,11,3965.0,75,3967.0,72,3964.0,45,3968.0,118,3963.0,57,3969.0,75,3962.0,182,3970.0,88,3961.0,45
1597988494124806912,1597988494396000000,2020-08-21 13:41:34.396000,3965.0,3980.0,3940.0,3940.0,nan,3963.166,123954,4912502910.0,365918,3966.0,11,3965.0,70,3967.0,72,3964.0,45,3968.0,118,3963.0,57,3969.0,75,3962.0,182,3970.0,88,3961.0,45
1597988496141957888,1597988496431000064,2020-08-21 13:41:36.431000,3965.0,3980.0,3940.0,3940.0,nan,3963.166,123954,4912502910.0,365918,3966.0,11,3965.0,70,3967.0,72,3964.0,45,3968.0,118,3963.0,57,3969.0,75,3962.0,182,3970.0,98,3961.0,45
1597988497618660096,1597988497903000064,2020-08-21 13:41:37.903000,3965.0,3980.0,3940.0,3940.0,nan,3963.166,123954,4912502910.0,365918,3966.0,11,3965.0,70,3967.0,72,3964.0,45,3968.0,117,3963.0,57,3969.0,75,3962.0,182,3970.0,98,3961.0,45
1597988499145964032,1597988499424000000,2020-08-21 13:41:39.424000,3965.0,3980.0,3940.0,3940.0,nan,3963.166,123954,4912502910.0,365918,3966.0,11,3965.0,70,3967.0,68,3964.0,46,3968.0,117,3963.0,57,3969.0,75,3962.0,182,3970.0,98,3961.0,45
1597988500149713920,1597988500435000064,2020-08-21 13:41:40.435000,3965.0,3980.0,3940.0,3940.0,nan,3963.166,123955,4912542560.0,365918,3966.0,11,3965.0,69,3967.0,68,3964.0,46,3968.0,117,3963.0,57,3969.0,75,3962.0,182,3970.0,98,3961.0,45
1597988500617387008,1597988500921999872,2020-08-21 13:41:40.922000,3965.0,3980.0,3940.0,3940.0,nan,3963.166,123955,4912542560.0,365918,3966.0,11,3965.0,69,3967.0,68,3964.0,46,3968.0,110,3963.0,57,3969.0,75,3962.0,182,3970.0,98,3961.0,45
1597988501611130880,1597988501934000128,2020-08-21 13:41:41.934000,3966.0,3980.0,3940.0,3940.0,nan,3963.166,123956,4912582220.0,365918,3966.0,10,3965.0,69,3967.0,68,3964.0,46,3968.0,110,3963.0,60,3969.0,75,3962.0,182,3970.0,98,3961.0,45
1597988502153757952,1597988502584999936,2020-08-21 13:41:42.585000,3966.0,3980.0,3940.0,3940.0,nan,3963.166,123956,4912582220.0,365918,3966.0,17,3965.0,69,3967.0,68,3964.0,46,3968.0,110,3963.0,60,3969.0,75,3962.0,182,3970.0,98,3961.0,45
1597988502634471936,1597988502908999936,2020-08-21 13:41:42.909000,3966.0,3980.0,3940.0,3940.0,nan,3963.166,123956,4912582220.0,365918,3966.0,17,3965.0,69,3967.0,72,3964.0,46,3968.0,110,3963.0,60,3969.0,75,3962.0,182,3970.0,98,3961.0,45
1597988504120440064,1597988504430000128,2020-08-21 13:41:44.430000,3965.0,3980.0,3940.0,3940.0,nan,3963.166,123961,4912780470.0,365916,3966.0,17,3965.0,64,3967.0,72,3964.0,46,3968.0,110,3963.0,60,3969.0,75,3962.0,182,3970.0,98,3961.0,45
1597988504632929024,1597988504926000128,2020-08-21 13:41:44.926000,3965.0,3980.0,3940.0,3940.0,nan,3963.166,123961,4912780470.0,365916,3966.0,17,3965.0,65,3967.0,72,3964.0,46,3968.0,110,3963.0,60,3969.0,75,3962.0,182,3970.0,98,3961.0,45
1597988505123621888,1597988505408999936,2020-08-21 13:41:45.409000,3965.0,3980.0,3940.0,3940.0,nan,3963.166,123962,4912820120.0,365916,3966.0,18,3965.0,67,3967.0,72,3964.0,46,3968.0,110,3963.0,60,3969.0,75,3962.0,182,3970.0,98,3961.0,45
1597988505624013056,1597988505936999936,2020-08-21 13:41:45.937000,3965.0,3980.0,3940.0,3940.0,nan,3963.166,123962,4912820120.0,365916,3966.0,23,3965.0,67,3967.0,72,3964.0,46,3968.0,110,3963.0,60,3969.0,75,3962.0,182,3970.0,98,3961.0,45
1597988506615379968,1597988506926000128,2020-08-21 13:41:46.926000,3965.0,3980.0,3940.0,3940.0,nan,3963.166,123962,4912820120.0,365916,3966.0,23,3965.0,67,3967.0,77,3964.0,46,3968.0,110,3963.0,60,3969.0,75,3962.0,182,3970.0,98,3961.0,45
1597988507110944000,1597988507423000064,2020-08-21 13:41:47.423000,3965.0,3980.0,3940.0,3940.0,nan,3963.166,123962,4912820120.0,365916,3966.0,28,3965.0,64,3967.0,77,3964.0,46,3968.0,110,3963.0,60,3969.0,75,3962.0,182,3970.0,98,3961.0,45
1597988507620182016,1597988507912000000,2020-08-21 13:41:47.912000,3965.0,3980.0,3940.0,3940.0,nan,3963.166,123962,4912820120.0,365916,3966.0,33,3965.0,43,3967.0,77,3964.0,46,3968.0,110,3963.0,60,3969.0,75,3962.0,182,3970.0,98,3961.0,45
1597988508118110976,1597988508430000128,2020-08-21 13:41:48.430000,3965.0,3980.0,3940.0,3940.0,nan,3963.166,123963,4912859770.0,365916,3966.0,33,3965.0,41,3967.0,77,3964.0,46,3968.0,110,3963.0,60,3969.0,75,3962.0,182,3970.0,98,3961.0,45
1597988508634374912,1597988508938999808,2020-08-21 13:41:48.939000,3965.0,3980.0,3940.0,3940.0,nan,3963.166,123963,4912859770.0,365916,3966.0,54,3965.0,28,3967.0,77,3964.0,46,3968.0,110,3963.0,60,3969.0,75,3962.0,182,3970.0,98,3961.0,45
1597988509115927040,1597988509432000000,2020-08-21 13:41:49.432000,3965.0,3980.0,3940.0,3940.0,nan,3963.166,123963,4912859770.0,365916,3966.0,54,3965.0,27,3967.0,77,3964.0,46,3968.0,110,3963.0,60,3969.0,75,3962.0,182,3970.0,98,3961.0,45
1597988509610880000,1597988509934000128,2020-08-21 13:41:49.934000,3966.0,3980.0,3940.0,3940.0,nan,3963.166,123964,4912899430.0,365915,3966.0,53,3965.0,27,3967.0,77,3964.0,46,3968.0,110,3963.0,60,3969.0,75,3962.0,182,3970.0,98,3961.0,45
1597988510124183040,1597988510437999872,2020-08-21 13:41:50.438000,3966.0,3980.0,3940.0,3940.0,nan,3963.166,123964,4912899430.0,365915,3966.0,53,3965.0,27,3967.0,77,3964.0,46,3968.0,106,3963.0,60,3969.0,75,3962.0,182,3970.0,98,3961.0,45
1597988511148427008,1597988511416999936,2020-08-21 13:41:51.417000,3966.0,3980.0,3940.0,3940.0,nan,3963.166,123965,4912939090.0,365915,3966.0,52,3965.0,40,3967.0,77,3964.0,46,3968.0,106,3963.0,60,3969.0,75,3962.0,182,3970.0,98,3961.0,45
1597988511626077952,1597988511924999936,2020-08-21 13:41:51.925000,3966.0,3980.0,3940.0,3940.0,nan,3963.166,123965,4912939090.0,365915,3966.0,47,3965.0,40,3967.0,77,3964.0,46,3968.0,106,3963.0,60,3969.0,75,3962.0,182,3970.0,98,3961.0,45
1597988512132100096,1597988512430000128,2020-08-21 13:41:52.430000,3966.0,3980.0,3940.0,3940.0,nan,3963.166,123966,4912978750.0,365914,3966.0,46,3965.0,40,3967.0,77,3964.0,46,3968.0,106,3963.0,60,3969.0,75,3962.0,182,3970.0,98,3961.0,45
1597988512642231040,1597988512914000128,2020-08-21 13:41:52.914000,3966.0,3980.0,3940.0,3940.0,nan,3963.166,123966,4912978750.0,365914,3966.0,34,3965.0,40,3967.0,77,3964.0,46,3968.0,106,3963.0,60,3969.0,75,3962.0,182,3970.0,98,3961.0,45
1597988513114216960,1597988513436999936,2020-08-21 13:41:53.437000,3966.0,3980.0,3940.0,3940.0,nan,3963.166,123966,4912978750.0,365914,3966.0,34,3965.0,40,3967.0,72,3964.0,46,3968.0,106,3963.0,60,3969.0,75,3962.0,182,3970.0,98,3961.0,45
1597988514128752896,1597988514434000128,2020-08-21 13:41:54.434000,3965.0,3980.0,3940.0,3940.0,nan,3963.166,123971,4913177000.0,365909,3966.0,34,3965.0,35,3967.0,72,3964.0,46,3968.0,106,3963.0,60,3969.0,75,3962.0,182,3970.0,98,3961.0,45
1597988514621771008,1597988514895000064,2020-08-21 13:41:54.895000,3965.0,3980.0,3940.0,3940.0,nan,3963.166,123972,4913216650.0,365910,3966.0,29,3965.0,37,3967.0,72,3964.0,46,3968.0,106,3963.0,60,3969.0,75,3962.0,182,3970.0,98,3961.0,45
1597988515121014016,1597988515438999808,2020-08-21 13:41:55.439000,3965.0,3980.0,3940.0,3940.0,nan,3963.166,123972,4913216650.0,365910,3966.0,30,3965.0,37,3967.0,72,3964.0,46,3968.0,106,3963.0,60,3969.0,75,3962.0,182,3970.0,98,3961.0,45
1597988515626497024,1597988515927000064,2020-08-21 13:41:55.927000,3965.0,3980.0,3940.0,3940.0,nan,3963.166,123972,4913216650.0,365910,3966.0,34,3965.0,37,3967.0,72,3964.0,46,3968.0,106,3963.0,60,3969.0,75,3962.0,182,3970.0,98,3961.0,45
1597988518742576128,1597988518930000128,2020-08-21 13:41:58.930000,3965.0,3980.0,3940.0,3940.0,nan,3963.166,123972,4913216650.0,365910,3966.0,34,3965.0,37,3967.0,72,3964.0,46,3968.0,106,3963.0,60,3969.0,75,3962.0,181,3970.0,98,3961.0,45
1597988519147653120,1597988519436000000,2020-08-21 13:41:59.436000,3965.0,3980.0,3940.0,3940.0,nan,3963.166,123972,4913216650.0,365910,3966.0,34,3965.0,34,3967.0,72,3964.0,46,3968.0,106,3963.0,60,3969.0,75,3962.0,181,3970.0,98,3961.0,45
1597988519644358912,1597988519936999936,2020-08-21 13:41:59.937000,3965.0,3980.0,3940.0,3940.0,nan,3963.166,123972,4913216650.0,365910,3966.0,34,3965.0,37,3967.0,72,3964.0,46,3968.0,106,3963.0,60,3969.0,75,3962.0,181,3970.0,98,3961.0,45
1597988520116663040,1597988520426000128,2020-08-21 13:42:00.426000,3965.0,3980.0,3940.0,3940.0,nan,3963.166,123972,4913216650.0,365910,3966.0,34,3965.0,38,3967.0,72,3964.0,46,3968.0,106,3963.0,60,3969.0,75,3962.0,181,3970.0,98,3961.0,45
1597988520639627008,1597988520937999872,2020-08-21 13:42:00.938000,3965.0,3980.0,3940.0,3940.0,nan,3963.166,123972,4913216650.0,365910,3966.0,34,3965.0,38,3967.0,72,3964.0,46,3968.0,106,3963.0,61,3969.0,75,3962.0,181,3970.0,98,3961.0,45
1597988522145570048,1597988522665999872,2020-08-21 13:42:02.666000,3965.0,3980.0,3940.0,3940.0,nan,3963.166,123973,4913256300.0,365910,3966.0,34,3965.0,37,3967.0,72,3964.0,46,3968.0,106,3963.0,61,3969.0,74,3962.0,181,3970.0,98,3961.0,45
1597988522663525120,1597988522936000000,2020-08-21 13:42:02.936000,3965.0,3980.0,3940.0,3940.0,nan,3963.166,123973,4913256300.0,365910,3966.0,36,3965.0,37,3967.0,72,3964.0,46,3968.0,106,3963.0,61,3969.0,74,3962.0,181,3970.0,98,3961.0,45
1597988523619798016,1597988523927000064,2020-08-21 13:42:03.927000,3965.0,3980.0,3940.0,3940.0,nan,3963.166,123973,4913256300.0,365910,3966.0,36,3965.0,37,3967.0,73,3964.0,46,3968.0,106,3963.0,61,3969.0,74,3962.0,181,3970.0,98,3961.0,45
