local_nano_time,quote_nano_time,datetime,last_price,highest,lowest,open,close,average,volume,amount,open_interest,ask_price1,ask_volume1,bid_price1,bid_volume1,ask_price2,ask_volume2,bid_price2,bid_volume2,ask_price3,ask_volume3,bid_price3,bid_volume3,ask_price4,ask_volume4,bid_price4,bid_volume4,ask_price5,ask_volume5,bid_price5,bid_volume5
1597988231040477952,1597988231436999936,2020-08-21 13:37:11.437000,3279.2,3300.0,3265.6,3282.0,nan,3281.3,27047,26625085380.0,43180,3279.8,1,3279.2,2,nan,0,nan,0,nan,0,nan,0,nan,0,nan,0,nan,0,nan,0
1597988231534597120,1597988231910000128,2020-08-21 13:37:11.910000,3279.2,3300.0,3265.6,3282.0,nan,3281.3,27047,26625085380.0,43180,3279.8,1,3279.4,1,nan,0,nan,0,nan,0,nan,0,nan,0,nan,0,nan,0,nan,0
1597988232533051904,1597988232932000000,2020-08-21 13:37:12.932000,3279.2,3300.0,3265.6,3282.0,nan,3281.3,27047,26625085380.0,43180,3279.8,1,3279.4,1,nan,0,nan,0,nan,0,nan,0,nan,0,nan,0,nan,0,nan,0
1597988233032901120,1597988233405999872,2020-08-21 13:37:13.406000,3279.2,3300.0,3265.6,3282.0,nan,3281.3,27047,26625085380.0,43180,3279.8,1,3279.4,1,nan,0,nan,0,nan,0,nan,0,nan,0,nan,0,nan,0,nan,0
1597988233532983040,1597988233912000000,2020-08-21 13:37:13.912000,3279.2,3300.0,3265.6,3282.0,nan,3281.3,27047,26625085380.0,43180,3279.8,1,3279.4,2,nan,0,nan,0,nan,0,nan,0,nan,0,nan,0,nan,0,nan,0
1597988234034365952,1597988234427000064,2020-08-21 13:37:14.427000,3279.8,3300.0,3265.6,3282.0,nan,3281.3,27048,26626069320.0,43181,3280.0,21,3279.4,2,nan,0,nan,0,nan,0,nan,0,nan,0,nan,0,nan,0,nan,0
1597988234537257984,1597988234937999872,2020-08-21 13:37:14.938000,3279.8,3300.0,3265.6,3282.0,nan,3281.3,27049,26627053260.0,43182,3280.0,17,3279.4,2,nan,0,nan,0,nan,0,nan,0,nan,0,nan,0,nan,0,nan,0
1597988235030320896,1597988235413000192,2020-08-21 13:37:15.413000,3279.8,3300.0,3265.6,3282.0,nan,3281.3,27049,26627053260.0,43182,3280.0,17,3279.4,2,nan,0,nan,0,nan,0,nan,0,nan,0,nan,0,nan,0,nan,0
1597988235532421120,1597988235905999872,2020-08-21 13:37:15.906000,3279.8,3300.0,3265.6,3282.0,nan,3281.3,27049,26627053260.0,43182,3279.8,1,3279.4,2,nan,0,nan,0,nan,0,nan,0,nan,0,nan,0,nan,0,nan,0
1597988236035228928,1597988236432000000,2020-08-21 13:37:16.432000,3279.4,3300.0,3265.6,3282.0,nan,3281.3,27050,26628037080.0,43181,3279.8,1,3279.4,1,nan,0,nan,0,nan,0,nan,0,nan,0,nan,0,nan,0,nan,0
1597988236553988096,1597988236918999808,2020-08-21 13:37:16.919000,3279.4,3300.0,3265.6,3282.0,nan,3281.3,27051,26629020900.0,43181,3279.8,1,3279.2,5,nan,0,nan,0,nan,0,nan,0,nan,0,nan,0,nan,0,nan,0
1597988237040837888,1597988237435000064,2020-08-21 13:37:17.435000,3279.4,3300.0,3265.6,3282.0,nan,3281.3,27051,26629020900.0,43181,3279.8,1,3279.2,4,nan,0,nan,0,nan,0,nan,0,nan,0,nan,0,nan,0,nan,0
1597988237544164096,1597988237934000128,2020-08-21 13:37:17.934000,3279.2,3300.0,3265.6,3282.0,nan,3281.3,27055,26632955940.0,43184,3279.2,6,3279.0,3,nan,0,nan,0,nan,0,nan,0,nan,0,nan,0,nan,0,nan,0
1597988238042720000,1597988238430000128,2020-08-21 13:37:18.430000,3279.0,3300.0,3265.6,3282.0,nan,3281.3,27057,26634923340.0,43182,3279.2,1,3279.0,1,nan,0,nan,0,nan,0,nan,0,nan,0,nan,0,nan,0,nan,0
1597988238540092928,1597988238932000000,2020-08-21 13:37:18.932000,3279.2,3300.0,3265.6,3282.0,nan,3281.3,27059,26636890800.0,43184,3279.6,4,3278.4,1,nan,0,nan,0,nan,0,nan,0,nan,0,nan,0,nan,0,nan,0
1597988239039832064,1597988239420999936,2020-08-21 13:37:19.421000,3279.2,3300.0,3265.6,3282.0,nan,3281.3,27059,26636890800.0,43184,3279.4,2,3278.6,2,nan,0,nan,0,nan,0,nan,0,nan,0,nan,0,nan,0,nan,0
1597988239551778048,1597988239932000000,2020-08-21 13:37:19.932000,3278.6,3300.0,3265.6,3282.0,nan,3281.3,27060,26637874380.0,43185,3279.4,3,3278.6,1,nan,0,nan,0,nan,0,nan,0,nan,0,nan,0,nan,0,nan,0
1597988240041916928,1597988240416999936,2020-08-21 13:37:20.417000,3278.6,3300.0,3265.6,3282.0,nan,3281.3,27060,26637874380.0,43185,3279.2,3,3278.6,1,nan,0,nan,0,nan,0,nan,0,nan,0,nan,0,nan,0,nan,0
1597988240541452032,1597988240916000000,2020-08-21 13:37:20.916000,3278.6,3300.0,3265.6,3282.0,nan,3281.3,27061,26638857960.0,43185,3279.2,4,3278.4,1,nan,0,nan,0,nan,0,nan,0,nan,0,nan,0,nan,0,nan,0
1597988241078155008,1597988241423000064,2020-08-21 13:37:21.423000,3278.4,3300.0,3265.6,3282.0,nan,3281.3,27062,26639841480.0,43186,3278.4,1,3278.2,2,nan,0,nan,0,nan,0,nan,0,nan,0,nan,0,nan,0,nan,0
1597988241551354112,1597988241936000000,2020-08-21 13:37:21.936000,3278.2,3300.0,3265.6,3282.0,nan,3281.3,27067,26644758960.0,43190,3278.2,2,3278.0,4,nan,0,nan,0,nan,0,nan,0,nan,0,nan,0,nan,0,nan,0
1597988242053693952,1597988242423000064,2020-08-21 13:37:22.423000,3278.0,3300.0,3265.6,3282.0,nan,3281.3,27071,26648692560.0,43192,3278.0,1,3277.6,2,nan,0,nan,0,nan,0,nan,0,nan,0,nan,0,nan,0,nan,0
1597988242556698112,1597988242935000064,2020-08-21 13:37:22.935000,3277.6,3300.0,3265.6,3282.0,nan,3281.3,27074,26651642520.0,43193,3277.6,1,3277.2,4,nan,0,nan,0,nan,0,nan,0,nan,0,nan,0,nan,0,nan,0
1597988243083076096,1597988243432000000,2020-08-21 13:37:23.432000,3277.2,3300.0,3265.6,3282.0,nan,3281.3,27077,26654592240.0,43194,3278.2,3,3278.0,1,nan,0,nan,0,nan,0,nan,0,nan,0,nan,0,nan,0,nan,0
1597988243550941952,1597988243917999872,2020-08-21 13:37:23.918000,3278.0,3300.0,3265.6,3282.0,nan,3281.3,27078,26655575640.0,43194,3277.8,3,3277.2,3,nan,0,nan,0,nan,0,nan,0,nan,0,nan,0,nan,0,nan,0
1597988244077881088,1597988244433000192,2020-08-21 13:37:24.433000,3278.0,3300.0,3265.6,3282.0,nan,3281.3,27078,26655575640.0,43194,3277.8,1,3277.2,3,nan,0,nan,0,nan,0,nan,0,nan,0,nan,0,nan,0,nan,0
1597988244543655936,1597988244932000000,2020-08-21 13:37:24.932000,3277.2,3300.0,3265.6,3282.0,nan,3281.3,27079,26656558800.0,43194,3277.8,1,3277.2,2,nan,0,nan,0,nan,0,nan,0,nan,0,nan,0,nan,0,nan,0
1597988245052933120,1597988245427000064,2020-08-21 13:37:25.427000,3277.2,3300.0,3265.6,3282.0,nan,3281.3,27079,26656558800.0,43194,3277.8,1,3277.2,2,nan,0,nan,0,nan,0,nan,0,nan,0,nan,0,nan,0,nan,0
1597988245542507008,1597988245882999808,2020-08-21 13:37:25.883000,3277.2,3300.0,3265.6,3282.0,nan,3281.3,27080,26657541960.0,43194,3277.8,1,3277.2,1,nan,0,nan,0,nan,0,nan,0,nan,0,nan,0,nan,0,nan,0
1597988246075714048,1597988246423000064,2020-08-21 13:37:26.423000,3277.2,3300.0,3265.6,3282.0,nan,3281.3,27080,26657541960.0,43194,3277.8,1,3277.2,1,nan,0,nan,0,nan,0,nan,0,nan,0,nan,0,nan,0,nan,0
1597988246560605952,1597988246932000000,2020-08-21 13:37:26.932000,3277.8,3300.0,3265.6,3282.0,nan,3281.3,27081,26658525300.0,43195,3277.8,1,3277.2,1,nan,0,nan,0,nan,0,nan,0,nan,0,nan,0,nan,0,nan,0
1597988247545083904,1597988247912000000,2020-08-21 13:37:27.912000,3277.8,3300.0,3265.6,3282.0,nan,3281.3,27081,26658525300.0,43195,3277.8,1,3277.4,1,nan,0,nan,0,nan,0,nan,0,nan,0,nan,0,nan,0,nan,0
1597988248053789952,1597988248420999936,2020-08-21 13:37:28.421000,3277.8,3300.0,3265.6,3282.0,nan,3281.3,27082,26659508640.0,43196,3278.0,1,3277.4,2,nan,0,nan,0,nan,0,nan,0,nan,0,nan,0,nan,0,nan,0
1597988248558541056,1597988248938999808,2020-08-21 13:37:28.939000,3277.6,3300.0,3265.6,3282.0,nan,3281.3,27083,26660491920.0,43197,3278.2,2,3277.6,1,nan,0,nan,0,nan,0,nan,0,nan,0,nan,0,nan,0,nan,0
1597988249043878912,1597988249420000000,2020-08-21 13:37:29.420000,3277.6,3300.0,3265.6,3282.0,nan,3281.3,27083,26660491920.0,43197,3278.2,2,3277.6,2,nan,0,nan,0,nan,0,nan,0,nan,0,nan,0,nan,0,nan,0
1597988249544905984,1597988249930000128,2020-08-21 13:37:29.930000,3277.6,3300.0,3265.6,3282.0,nan,3281.3,27084,26661475200.0,43197,3278.2,2,3277.8,4,nan,0,nan,0,nan,0,nan,0,nan,0,nan,0,nan,0,nan,0
1597988250053851904,1597988250435000064,2020-08-21 13:37:30.435000,3277.8,3300.0,3265.6,3282.0,nan,3281.3,27088,26665408560.0,43201,3278.2,2,3277.6,1,nan,0,nan,0,nan,0,nan,0,nan,0,nan,0,nan,0,nan,0
1597988250563378944,1597988250933000192,2020-08-21 13:37:30.933000,3277.8,3300.0,3265.6,3282.0,nan,3281.3,27088,26665408560.0,43201,3278.0,1,3277.6,1,nan,0,nan,0,nan,0,nan,0,nan,0,nan,0,nan,0,nan,0
1597988251051083008,1597988251436000000,2020-08-21 13:37:31.436000,3278.2,3300.0,3265.6,3282.0,nan,3281.3,27091,26668358880.0,43204,3279.0,1,3278.2,1,nan,0,nan,0,nan,0,nan,0,nan,0,nan,0,nan,0,nan,0
1597988251546117120,1597988251914000128,2020-08-21 13:37:31.914000,3278.2,3300.0,3265.6,3282.0,nan,3281.3,27092,26669342340.0,43205,3278.0,5,3277.6,1,nan,0,nan,0,nan,0,nan,0,nan,0,nan,0,nan,0,nan,0
1597988252043924992,1597988252421999872,2020-08-21 13:37:32.422000,3277.6,3300.0,3265.6,3282.0,nan,3281.3,27093,26670325620.0,43206,3278.0,1,3277.6,1,nan,0,nan,0,nan,0,nan,0,nan,0,nan,0,nan,0,nan,0
1597988252555997952,1597988252933000192,2020-08-21 13:37:32.933000,3277.6,3300.0,3265.6,3282.0,nan,3281.3,27093,26670325620.0,43206,3278.2,1,3277.4,6,nan,0,nan,0,nan,0,nan,0,nan,0,nan,0,nan,0,nan,0
1597988253554097920,1597988253898999808,2020-08-21 13:37:33.899000,3277.6,3300.0,3265.6,3282.0,nan,3281.3,27093,26670325620.0,43206,3278.2,1,3277.4,6,nan,0,nan,0,nan,0,nan,0,nan,0,nan,0,nan,0,nan,0
1597988254056468992,1597988254438999808,2020-08-21 13:37:34.439000,3277.6,3300.0,3265.6,3282.0,nan,3281.3,27094,26671308900.0,43207,3278.2,1,3277.4,6,nan,0,nan,0,nan,0,nan,0,nan,0,nan,0,nan,0,nan,0
1597988255080088064,1597988255433000192,2020-08-21 13:37:35.433000,3277.6,3300.0,3265.6,3282.0,nan,3281.3,27094,26671308900.0,43207,3278.2,1,3277.4,6,nan,0,nan,0,nan,0,nan,0,nan,0,nan,0,nan,0,nan,0
1597988255564350976,1597988255931000064,2020-08-21 13:37:35.931000,3277.6,3300.0,3265.6,3282.0,nan,3281.3,27094,26671308900.0,43207,3278.2,1,3277.4,7,nan,0,nan,0,nan,0,nan,0,nan,0,nan,0,nan,0,nan,0
1597988256080410112,1597988256426000128,2020-08-21 13:37:36.426000,3277.6,3300.0,3265.6,3282.0,nan,3281.3,27094,26671308900.0,43207,3278.2,1,3277.6,1,nan,0,nan,0,nan,0,nan,0,nan,0,nan,0,nan,0,nan,0
1597988256561659904,1597988256924999936,2020-08-21 13:37:36.925000,3277.6,3300.0,3265.6,3282.0,nan,3281.3,27096,26673275460.0,43207,3278.2,1,3277.8,1,nan,0,nan,0,nan,0,nan,0,nan,0,nan,0,nan,0,nan,0
1597988257059842048,1597988257427000064,2020-08-21 13:37:37.427000,3278.2,3300.0,3265.6,3282.0,nan,3281.3,27097,26674258920.0,43208,3278.6,1,3277.8,1,nan,0,nan,0,nan,0,nan,0,nan,0,nan,0,nan,0,nan,0
1597988257555515904,1597988257933000192,2020-08-21 13:37:37.933000,3278.0,3300.0,3265.6,3282.0,nan,3281.3,27098,26675242320.0,43209,3278.6,1,3277.8,1,nan,0,nan,0,nan,0,nan,0,nan,0,nan,0,nan,0,nan,0
1597988258078778112,1597988258416999936,2020-08-21 13:37:38.417000,3278.0,3300.0,3265.6,3282.0,nan,3281.3,27099,26676225720.0,43210,3278.6,1,3278.0,1,nan,0,nan,0,nan,0,nan,0,nan,0,nan,0,nan,0,nan,0
1597988258558266112,1597988258935000064,2020-08-21 13:37:38.935000,3278.0,3300.0,3265.6,3282.0,nan,3281.3,27099,26676225720.0,43210,3278.6,2,3278.0,1,nan,0,nan,0,nan,0,nan,0,nan,0,nan,0,nan,0,nan,0
1597988259072768000,1597988259405999872,2020-08-21 13:37:39.406000,3278.0,3300.0,3265.6,3282.0,nan,3281.3,27099,26676225720.0,43210,3278.4,1,3277.4,7,nan,0,nan,0,nan,0,nan,0,nan,0,nan,0,nan,0,nan,0
1597988259563177984,1597988259921999872,2020-08-21 13:37:39.922000,3278.0,3300.0,3265.6,3282.0,nan,3281.3,27099,26676225720.0,43210,3278.2,1,3277.4,7,nan,0,nan,0,nan,0,nan,0,nan,0,nan,0,nan,0,nan,0
1597988260063403008,1597988260427000064,2020-08-21 13:37:40.427000,3278.0,3300.0,3265.6,3282.0,nan,3281.3,27100,26677209120.0,43210,3278.2,1,3277.4,7,nan,0,nan,0,nan,0,nan,0,nan,0,nan,0,nan,0,nan,0
1597988260558692096,1597988260932000000,2020-08-21 13:37:40.932000,3277.4,3300.0,3265.6,3282.0,nan,3281.3,27103,26680158780.0,43212,3277.8,1,3277.4,4,nan,0,nan,0,nan,0,nan,0,nan,0,nan,0,nan,0,nan,0
1597988261077201920,1597988261436000000,2020-08-21 13:37:41.436000,3277.4,3300.0,3265.6,3282.0,nan,3281.3,27106,26683108440.0,43214,3277.8,1,3277.4,2,nan,0,nan,0,nan,0,nan,0,nan,0,nan,0,nan,0,nan,0
1597988261554654976,1597988261931000064,2020-08-21 13:37:41.931000,3277.4,3300.0,3265.6,3282.0,nan,3281.3,27107,26684091660.0,43215,3277.8,1,3277.4,1,nan,0,nan,0,nan,0,nan,0,nan,0,nan,0,nan,0,nan,0
1597988262075589120,1597988262435000064,2020-08-21 13:37:42.435000,3277.8,3300.0,3265.6,3282.0,nan,3281.3,27108,26685075000.0,43216,3278.0,1,3277.4,1,nan,0,nan,0,nan,0,nan,0,nan,0,nan,0,nan,0,nan,0
1597988262555015936,1597988262910000128,2020-08-21 13:37:42.910000,3277.8,3300.0,3265.6,3282.0,nan,3281.3,27108,26685075000.0,43216,3278.0,2,3277.6,1,nan,0,nan,0,nan,0,nan,0,nan,0,nan,0,nan,0,nan,0
1597988263049864960,1597988263379000064,2020-08-21 13:37:43.379000,3277.8,3300.0,3265.6,3282.0,nan,3281.3,27108,26685075000.0,43216,3278.0,2,3277.4,1,nan,0,nan,0,nan,0,nan,0,nan,0,nan,0,nan,0,nan,0
1597988263552947968,1597988263930000128,2020-08-21 13:37:43.930000,3277.8,3300.0,3265.6,3282.0,nan,3281.3,27108,26685075000.0,43216,3278.0,2,3277.6,1,nan,0,nan,0,nan,0,nan,0,nan,0,nan,0,nan,0,nan,0
1597988264093541888,1597988264433000192,2020-08-21 13:37:44.433000,3277.8,3300.0,3265.6,3282.0,nan,3281.3,27108,26685075000.0,43216,3278.0,2,3277.6,1,nan,0,nan,0,nan,0,nan,0,nan,0,nan,0,nan,0,nan,0
1597988265050673920,1597988265413000192,2020-08-21 13:37:45.413000,3277.8,3300.0,3265.6,3282.0,nan,3281.3,27108,26685075000.0,43216,3278.0,2,3277.6,1,nan,0,nan,0,nan,0,nan,0,nan,0,nan,0,nan,0,nan,0
1597988265550180096,1597988265935000064,2020-08-21 13:37:45.935000,3277.6,3300.0,3265.6,3282.0,nan,3281.3,27109,26686058280.0,43217,3278.0,2,3277.4,2,nan,0,nan,0,nan,0,nan,0,nan,0,nan,0,nan,0,nan,0
1597988266053040128,1597988266424999936,2020-08-21 13:37:46.425000,3277.6,3300.0,3265.6,3282.0,nan,3281.3,27109,26686058280.0,43217,3278.0,2,3277.6,3,nan,0,nan,0,nan,0,nan,0,nan,0,nan,0,nan,0,nan,0
1597988266551280896,1597988266924000000,2020-08-21 13:37:46.924000,3278.0,3300.0,3265.6,3282.0,nan,3281.3,27111,26688025080.0,43217,3278.6,2,3278.2,3,nan,0,nan,0,nan,0,nan,0,nan,0,nan,0,nan,0,nan,0
1597988267104282112,1597988267416999936,2020-08-21 13:37:47.417000,3278.2,3300.0,3265.6,3282.0,nan,3281.3,27121,26697860460.0,43215,3279.0,1,3278.0,3,nan,0,nan,0,nan,0,nan,0,nan,0,nan,0,nan,0,nan,0
1597988267560660992,1597988267938999808,2020-08-21 13:37:47.939000,3278.2,3300.0,3265.6,3282.0,nan,3281.3,27122,26698843920.0,43216,3278.8,2,3278.0,3,nan,0,nan,0,nan,0,nan,0,nan,0,nan,0,nan,0,nan,0
1597988268084559872,1597988268428999936,2020-08-21 13:37:48.429000,3278.2,3300.0,3265.6,3282.0,nan,3281.3,27123,26699827380.0,43217,3279.0,1,3278.2,1,nan,0,nan,0,nan,0,nan,0,nan,0,nan,0,nan,0,nan,0
1597988269070019072,1597988269407000064,2020-08-21 13:37:49.407000,3278.2,3300.0,3265.6,3282.0,nan,3281.3,27123,26699827380.0,43217,3278.8,1,3278.0,4,nan,0,nan,0,nan,0,nan,0,nan,0,nan,0,nan,0,nan,0
1597988269565978112,1597988269923000064,2020-08-21 13:37:49.923000,3278.2,3300.0,3265.6,3282.0,nan,3281.3,27125,26701794300.0,43217,3278.8,1,3278.0,4,nan,0,nan,0,nan,0,nan,0,nan,0,nan,0,nan,0,nan,0
1597988270081082880,1597988270424000000,2020-08-21 13:37:50.424000,3278.2,3300.0,3265.6,3282.0,nan,3281.3,27125,26701794300.0,43217,3278.6,2,3278.2,2,nan,0,nan,0,nan,0,nan,0,nan,0,nan,0,nan,0,nan,0
1597988270556908032,1597988270935000064,2020-08-21 13:37:50.935000,3278.2,3300.0,3265.6,3282.0,nan,3281.3,27125,26701794300.0,43217,3278.6,2,3278.2,2,nan,0,nan,0,nan,0,nan,0,nan,0,nan,0,nan,0,nan,0
1597988273561748992,1597988273932000000,2020-08-21 13:37:53.932000,3278.2,3300.0,3265.6,3282.0,nan,3281.3,27125,26701794300.0,43217,3278.6,2,3278.2,2,nan,0,nan,0,nan,0,nan,0,nan,0,nan,0,nan,0,nan,0
1597988274076773120,1597988274432000000,2020-08-21 13:37:54.432000,3278.2,3300.0,3265.6,3282.0,nan,3281.3,27126,26702777760.0,43218,3278.6,2,3278.2,1,nan,0,nan,0,nan,0,nan,0,nan,0,nan,0,nan,0,nan,0
1597988274559823872,1597988274931000064,2020-08-21 13:37:54.931000,3278.4,3300.0,3265.6,3282.0,nan,3281.3,27128,26704744740.0,43219,3278.6,2,3278.4,1,nan,0,nan,0,nan,0,nan,0,nan,0,nan,0,nan,0,nan,0
1597988275053593088,1597988275411000064,2020-08-21 13:37:55.411000,3278.4,3300.0,3265.6,3282.0,nan,3281.3,27129,26705728260.0,43219,3278.6,2,3278.0,1,nan,0,nan,0,nan,0,nan,0,nan,0,nan,0,nan,0,nan,0
1597988275566644992,1597988275917999872,2020-08-21 13:37:55.918000,3278.4,3300.0,3265.6,3282.0,nan,3281.3,27129,26705728260.0,43219,3278.6,2,3278.2,1,nan,0,nan,0,nan,0,nan,0,nan,0,nan,0,nan,0,nan,0
1597988276088408064,1597988276423000064,2020-08-21 13:37:56.423000,3278.2,3300.0,3265.6,3282.0,nan,3281.3,27130,26706711720.0,43220,3278.8,1,3278.0,1,nan,0,nan,0,nan,0,nan,0,nan,0,nan,0,nan,0,nan,0
1597988277229057024,1597988277428999936,2020-08-21 13:37:57.429000,3278.2,3300.0,3265.6,3282.0,nan,3281.3,27130,26706711720.0,43220,3278.2,1,3278.0,1,nan,0,nan,0,nan,0,nan,0,nan,0,nan,0,nan,0,nan,0
1597988277562816000,1597988277920000000,2020-08-21 13:37:57.920000,3278.8,3300.0,3265.6,3282.0,nan,3281.3,27132,26708678820.0,43220,3279.0,1,3278.4,2,nan,0,nan,0,nan,0,nan,0,nan,0,nan,0,nan,0,nan,0
1597988278061456896,1597988278436000000,2020-08-21 13:37:58.436000,3278.8,3300.0,3265.6,3282.0,nan,3281.3,27132,26708678820.0,43220,3279.0,1,3278.4,2,nan,0,nan,0,nan,0,nan,0,nan,0,nan,0,nan,0,nan,0
1597988278556504064,1597988278937999872,2020-08-21 13:37:58.938000,3278.8,3300.0,3265.6,3282.0,nan,3281.3,27132,26708678820.0,43220,3279.0,1,3278.4,1,nan,0,nan,0,nan,0,nan,0,nan,0,nan,0,nan,0,nan,0
1597988279078298880,1597988279436000000,2020-08-21 13:37:59.436000,3278.8,3300.0,3265.6,3282.0,nan,3281.3,27132,26708678820.0,43220,3279.0,1,3278.4,1,nan,0,nan,0,nan,0,nan,0,nan,0,nan,0,nan,0,nan,0
1597988279559590912,1597988279936999936,2020-08-21 13:37:59.937000,3278.8,3300.0,3265.6,3282.0,nan,3281.3,27132,26708678820.0,43220,3279.0,1,3278.4,1,nan,0,nan,0,nan,0,nan,0,nan,0,nan,0,nan,0,nan,0
1597988280059407872,1597988280436000000,2020-08-21 13:38:00.436000,3278.8,3300.0,3265.6,3282.0,nan,3281.3,27132,26708678820.0,43220,3279.0,1,3278.4,1,nan,0,nan,0,nan,0,nan,0,nan,0,nan,0,nan,0,nan,0
1597988280560580096,1597988280933000192,2020-08-21 13:38:00.933000,3278.8,3300.0,3265.6,3282.0,nan,3281.3,27132,26708678820.0,43220,3279.0,1,3278.4,1,nan,0,nan,0,nan,0,nan,0,nan,0,nan,0,nan,0,nan,0
1597988281560120064,1597988281924999936,2020-08-21 13:38:01.925000,3278.8,3300.0,3265.6,3282.0,nan,3281.3,27132,26708678820.0,43220,3279.0,1,3278.4,1,nan,0,nan,0,nan,0,nan,0,nan,0,nan,0,nan,0,nan,0
1597988282079222016,1597988282423000064,2020-08-21 13:38:02.423000,3278.8,3300.0,3265.6,3282.0,nan,3281.3,27132,26708678820.0,43220,3279.0,1,3278.4,1,nan,0,nan,0,nan,0,nan,0,nan,0,nan,0,nan,0,nan,0
1597988282558127104,1597988282935000064,2020-08-21 13:38:02.935000,3278.8,3300.0,3265.6,3282.0,nan,3281.3,27132,26708678820.0,43220,3279.0,1,3278.6,1,nan,0,nan,0,nan,0,nan,0,nan,0,nan,0,nan,0,nan,0
1597988283063460096,1597988283430000128,2020-08-21 13:38:03.430000,3278.8,3300.0,3265.6,3282.0,nan,3281.3,27132,26708678820.0,43220,3279.0,1,3278.6,1,nan,0,nan,0,nan,0,nan,0,nan,0,nan,0,nan,0,nan,0
1597988283559090944,1597988283913000192,2020-08-21 13:38:03.913000,3278.8,3300.0,3265.6,3282.0,nan,3281.3,27132,26708678820.0,43220,3279.0,1,3278.6,1,nan,0,nan,0,nan,0,nan,0,nan,0,nan,0,nan,0,nan,0
1597988284561718016,1597988284932000000,2020-08-21 13:38:04.932000,3278.8,3300.0,3265.6,3282.0,nan,3281.3,27132,26708678820.0,43220,3279.0,1,3278.6,1,nan,0,nan,0,nan,0,nan,0,nan,0,nan,0,nan,0,nan,0
1597988285078081024,1597988285413000192,2020-08-21 13:38:05.413000,3278.6,3300.0,3265.6,3282.0,nan,3281.3,27133,26709662400.0,43220,3278.8,1,3278.4,1,nan,0,nan,0,nan,0,nan,0,nan,0,nan,0,nan,0,nan,0
1597988285567380992,1597988285937999872,2020-08-21 13:38:05.938000,3278.4,3300.0,3265.6,3282.0,nan,3281.3,27135,26711629500.0,43222,3278.4,1,3278.2,3,nan,0,nan,0,nan,0,nan,0,nan,0,nan,0,nan,0,nan,0
1597988286081960960,1597988286428000000,2020-08-21 13:38:06.428000,3278.4,3300.0,3265.6,3282.0,nan,3281.3,27135,26711629500.0,43222,3278.4,2,3278.2,3,nan,0,nan,0,nan,0,nan,0,nan,0,nan,0,nan,0,nan,0
1597988286571026944,1597988286936000000,2020-08-21 13:38:06.936000,3278.2,3300.0,3265.6,3282.0,nan,3281.3,27138,26714579880.0,43225,3278.2,7,3278.0,2,nan,0,nan,0,nan,0,nan,0,nan,0,nan,0,nan,0,nan,0
1597988287079625984,1597988287435000064,2020-08-21 13:38:07.435000,3278.0,3300.0,3265.6,3282.0,nan,3281.3,27140,26716546680.0,43227,3277.8,6,3277.6,1,nan,0,nan,0,nan,0,nan,0,nan,0,nan,0,nan,0,nan,0
1597988287576940032,1597988287937999872,2020-08-21 13:38:07.938000,3277.6,3300.0,3265.6,3282.0,nan,3281.3,27141,26717529960.0,43228,3277.8,1,3277.4,2,nan,0,nan,0,nan,0,nan,0,nan,0,nan,0,nan,0,nan,0
1597988288082630912,1597988288436999936,2020-08-21 13:38:08.437000,3277.4,3300.0,3265.6,3282.0,nan,3281.3,27142,26718513180.0,43228,3278.0,5,3277.4,1,nan,0,nan,0,nan,0,nan,0,nan,0,nan,0,nan,0,nan,0
1597988288566234880,1597988288913000192,2020-08-21 13:38:08.913000,3277.4,3300.0,3265.6,3282.0,nan,3281.3,27142,26718513180.0,43228,3277.6,1,3277.4,1,nan,0,nan,0,nan,0,nan,0,nan,0,nan,0,nan,0,nan,0
1597988289086392064,1597988289432000000,2020-08-21 13:38:09.432000,3277.6,3300.0,3265.6,3282.0,nan,3281.3,27143,26719496460.0,43229,3278.0,2,3277.4,1,nan,0,nan,0,nan,0,nan,0,nan,0,nan,0,nan,0,nan,0
1597988289566744064,1597988289911000064,2020-08-21 13:38:09.911000,3277.4,3300.0,3265.6,3282.0,nan,3281.3,27144,26720479680.0,43230,3278.0,2,3277.4,1,nan,0,nan,0,nan,0,nan,0,nan,0,nan,0,nan,0,nan,0
1597988291081902080,1597988291432000000,2020-08-21 13:38:11.432000,3277.4,3300.0,3265.6,3282.0,nan,3281.3,27145,26721462900.0,43231,3278.0,2,3277.2,1,nan,0,nan,0,nan,0,nan,0,nan,0,nan,0,nan,0,nan,0
1597988291569775104,1597988291936000000,2020-08-21 13:38:11.936000,3277.4,3300.0,3265.6,3282.0,nan,3281.3,27146,26722446120.0,43231,3278.0,2,3277.4,1,nan,0,nan,0,nan,0,nan,0,nan,0,nan,0,nan,0,nan,0
1597988292574693120,1597988292936000000,2020-08-21 13:38:12.936000,3277.4,3300.0,3265.6,3282.0,nan,3281.3,27149,26725395960.0,43233,3278.0,1,3277.2,2,nan,0,nan,0,nan,0,nan,0,nan,0,nan,0,nan,0,nan,0
1597988293069988096,1597988293428000000,2020-08-21 13:38:13.428000,3278.0,3300.0,3265.6,3282.0,nan,3281.3,27151,26727362760.0,43234,3278.2,2,3277.4,4,nan,0,nan,0,nan,0,nan,0,nan,0,nan,0,nan,0,nan,0
1597988293571448064,1597988293931000064,2020-08-21 13:38:13.931000,3278.2,3300.0,3265.6,3282.0,nan,3281.3,27153,26729329680.0,43236,3278.4,1,3277.6,2,nan,0,nan,0,nan,0,nan,0,nan,0,nan,0,nan,0,nan,0
1597988294078553088,1597988294430000128,2020-08-21 13:38:14.430000,3277.8,3300.0,3265.6,3282.0,nan,3281.3,27155,26731296360.0,43238,3278.4,1,3277.6,2,nan,0,nan,0,nan,0,nan,0,nan,0,nan,0,nan,0,nan,0
1597988295100740096,1597988295438999808,2020-08-21 13:38:15.439000,3277.8,3300.0,3265.6,3282.0,nan,3281.3,27155,26731296360.0,43238,3278.2,1,3277.6,2,nan,0,nan,0,nan,0,nan,0,nan,0,nan,0,nan,0,nan,0
1597988295572845056,1597988295937999872,2020-08-21 13:38:15.938000,3278.2,3300.0,3265.6,3282.0,nan,3281.3,27156,26732279820.0,43239,3278.2,1,3277.4,1,nan,0,nan,0,nan,0,nan,0,nan,0,nan,0,nan,0,nan,0
1597988296066413056,1597988296431000064,2020-08-21 13:38:16.431000,3278.2,3300.0,3265.6,3282.0,nan,3281.3,27156,26732279820.0,43239,3278.2,1,3277.4,1,nan,0,nan,0,nan,0,nan,0,nan,0,nan,0,nan,0,nan,0
1597988296580989952,1597988296903000064,2020-08-21 13:38:16.903000,3278.2,3300.0,3265.6,3282.0,nan,3281.3,27157,26733263280.0,43239,3278.2,1,3277.4,1,nan,0,nan,0,nan,0,nan,0,nan,0,nan,0,nan,0,nan,0
1597988297077408000,1597988297424999936,2020-08-21 13:38:17.425000,3277.6,3300.0,3265.6,3282.0,nan,3281.3,27158,26734246560.0,43239,3278.0,1,3277.4,1,nan,0,nan,0,nan,0,nan,0,nan,0,nan,0,nan,0,nan,0
1597988297573713920,1597988297937999872,2020-08-21 13:38:17.938000,3277.6,3300.0,3265.6,3282.0,nan,3281.3,27158,26734246560.0,43239,3278.0,2,3277.6,3,nan,0,nan,0,nan,0,nan,0,nan,0,nan,0,nan,0,nan,0
1597988298076866048,1597988298433000192,2020-08-21 13:38:18.433000,3277.6,3300.0,3265.6,3282.0,nan,3281.3,27158,26734246560.0,43239,3278.2,1,3277.6,3,nan,0,nan,0,nan,0,nan,0,nan,0,nan,0,nan,0,nan,0
1597988298567341056,1597988298876000000,2020-08-21 13:38:18.876000,3277.6,3300.0,3265.6,3282.0,nan,3281.3,27158,26734246560.0,43239,3278.2,1,3277.6,3,nan,0,nan,0,nan,0,nan,0,nan,0,nan,0,nan,0,nan,0
1597988299068220928,1597988299417999872,2020-08-21 13:38:19.418000,3277.6,3300.0,3265.6,3282.0,nan,3281.3,27158,26734246560.0,43239,3278.4,1,3277.6,3,nan,0,nan,0,nan,0,nan,0,nan,0,nan,0,nan,0,nan,0
1597988299565903104,1597988299933000192,2020-08-21 13:38:19.933000,3277.6,3300.0,3265.6,3282.0,nan,3281.3,27158,26734246560.0,43239,3278.4,1,3277.6,3,nan,0,nan,0,nan,0,nan,0,nan,0,nan,0,nan,0,nan,0
1597988300082097920,1597988300418999808,2020-08-21 13:38:20.419000,3277.6,3300.0,3265.6,3282.0,nan,3281.3,27158,26734246560.0,43239,3278.2,1,3277.6,3,nan,0,nan,0,nan,0,nan,0,nan,0,nan,0,nan,0,nan,0
1597988303590503936,1597988303917999872,2020-08-21 13:38:23.918000,3277.6,3300.0,3265.6,3282.0,nan,3281.3,27158,26734246560.0,43239,3278.2,1,3277.6,3,nan,0,nan,0,nan,0,nan,0,nan,0,nan,0,nan,0,nan,0
1597988305586731008,1597988305936999936,2020-08-21 13:38:25.937000,3277.6,3300.0,3265.6,3282.0,nan,3281.3,27159,26735229840.0,43239,3278.2,1,3277.6,2,nan,0,nan,0,nan,0,nan,0,nan,0,nan,0,nan,0,nan,0
1597988306581430016,1597988306932000000,2020-08-21 13:38:26.932000,3278.2,3300.0,3265.6,3282.0,nan,3281.3,27160,26736213300.0,43240,3278.4,1,3278.2,2,nan,0,nan,0,nan,0,nan,0,nan,0,nan,0,nan,0,nan,0
1597988307078821888,1597988307413000192,2020-08-21 13:38:27.413000,3278.2,3300.0,3265.6,3282.0,nan,3281.3,27162,26738180220.0,43242,3278.4,1,3277.6,2,nan,0,nan,0,nan,0,nan,0,nan,0,nan,0,nan,0,nan,0
1597988308576293888,1597988308936999936,2020-08-21 13:38:28.937000,3278.2,3300.0,3265.6,3282.0,nan,3281.3,27162,26738180220.0,43242,3278.4,1,3277.8,1,nan,0,nan,0,nan,0,nan,0,nan,0,nan,0,nan,0,nan,0
1597988309089442048,1597988309437999872,2020-08-21 13:38:29.438000,3278.2,3300.0,3265.6,3282.0,nan,3281.3,27162,26738180220.0,43242,3278.4,1,3277.8,1,nan,0,nan,0,nan,0,nan,0,nan,0,nan,0,nan,0,nan,0
1597988310100467968,1597988310433000192,2020-08-21 13:38:30.433000,3277.8,3300.0,3265.6,3282.0,nan,3281.3,27163,26739163560.0,43242,3278.4,1,3277.6,3,nan,0,nan,0,nan,0,nan,0,nan,0,nan,0,nan,0,nan,0
1597988310575290880,1597988310916000000,2020-08-21 13:38:30.916000,3277.8,3300.0,3265.6,3282.0,nan,3281.3,27163,26739163560.0,43242,3278.4,2,3277.6,3,nan,0,nan,0,nan,0,nan,0,nan,0,nan,0,nan,0,nan,0
1597988311075330048,1597988311407000064,2020-08-21 13:38:31.407000,3277.8,3300.0,3265.6,3282.0,nan,3281.3,27163,26739163560.0,43242,3278.4,1,3277.6,3,nan,0,nan,0,nan,0,nan,0,nan,0,nan,0,nan,0,nan,0
1597988311586791936,1597988311936000000,2020-08-21 13:38:31.936000,3277.8,3300.0,3265.6,3282.0,nan,3281.3,27163,26739163560.0,43242,3278.4,1,3277.8,5,nan,0,nan,0,nan,0,nan,0,nan,0,nan,0,nan,0,nan,0
1597988313585660928,1597988313927000064,2020-08-21 13:38:33.927000,3277.8,3300.0,3265.6,3282.0,nan,3281.3,27163,26739163560.0,43242,3278.4,1,3277.8,4,nan,0,nan,0,nan,0,nan,0,nan,0,nan,0,nan,0,nan,0
1597988314075514880,1597988314420999936,2020-08-21 13:38:34.421000,3277.8,3300.0,3265.6,3282.0,nan,3281.3,27163,26739163560.0,43242,3278.4,1,3277.8,2,nan,0,nan,0,nan,0,nan,0,nan,0,nan,0,nan,0,nan,0
1597988316087046912,1597988316420000000,2020-08-21 13:38:36.420000,3277.8,3300.0,3265.6,3282.0,nan,3281.3,27163,26739163560.0,43242,3278.4,2,3277.8,2,nan,0,nan,0,nan,0,nan,0,nan,0,nan,0,nan,0,nan,0
1597988316579184896,1597988316920999936,2020-08-21 13:38:36.921000,3277.6,3300.0,3265.6,3282.0,nan,3281.3,27166,26742113520.0,43242,3278.4,2,3277.6,2,nan,0,nan,0,nan,0,nan,0,nan,0,nan,0,nan,0,nan,0
1597988317092353024,1597988317431000064,2020-08-21 13:38:37.431000,3277.6,3300.0,3265.6,3282.0,nan,3281.3,27166,26742113520.0,43242,3278.4,2,3277.6,2,nan,0,nan,0,nan,0,nan,0,nan,0,nan,0,nan,0,nan,0
1597988317580412928,1597988317900999936,2020-08-21 13:38:37.901000,3278.4,3300.0,3265.6,3282.0,nan,3281.3,27167,26743097040.0,43242,3278.4,1,3277.6,3,nan,0,nan,0,nan,0,nan,0,nan,0,nan,0,nan,0,nan,0
1597988318089395968,1597988318426000128,2020-08-21 13:38:38.426000,3278.4,3300.0,3265.6,3282.0,nan,3281.3,27167,26743097040.0,43242,3278.4,1,3277.8,1,nan,0,nan,0,nan,0,nan,0,nan,0,nan,0,nan,0,nan,0
1597988318583091968,1597988318931000064,2020-08-21 13:38:38.931000,3277.8,3300.0,3265.6,3282.0,nan,3281.3,27168,26744080380.0,43242,3278.4,1,3277.6,3,nan,0,nan,0,nan,0,nan,0,nan,0,nan,0,nan,0,nan,0
1597988319109213952,1597988319404000000,2020-08-21 13:38:39.404000,3277.8,3300.0,3265.6,3282.0,nan,3281.3,27168,26744080380.0,43242,3278.4,2,3277.6,2,nan,0,nan,0,nan,0,nan,0,nan,0,nan,0,nan,0,nan,0
1597988319588132096,1597988319927000064,2020-08-21 13:38:39.927000,3277.8,3300.0,3265.6,3282.0,nan,3281.3,27168,26744080380.0,43242,3278.4,2,3277.6,3,nan,0,nan,0,nan,0,nan,0,nan,0,nan,0,nan,0,nan,0
1597988322105204992,1597988322426000128,2020-08-21 13:38:42.426000,3277.6,3300.0,3265.6,3282.0,nan,3281.3,27169,26745063660.0,43242,3278.4,2,3277.6,2,nan,0,nan,0,nan,0,nan,0,nan,0,nan,0,nan,0,nan,0
1597988322583152896,1597988322928999936,2020-08-21 13:38:42.929000,3277.6,3300.0,3265.6,3282.0,nan,3281.3,27169,26745063660.0,43242,3278.2,1,3277.8,1,nan,0,nan,0,nan,0,nan,0,nan,0,nan,0,nan,0,nan,0
1597988323083116032,1597988323428999936,2020-08-21 13:38:43.429000,3277.6,3300.0,3265.6,3282.0,nan,3281.3,27169,26745063660.0,43242,3278.2,1,3277.8,1,nan,0,nan,0,nan,0,nan,0,nan,0,nan,0,nan,0,nan,0
1597988323581434112,1597988323924999936,2020-08-21 13:38:43.925000,3277.8,3300.0,3265.6,3282.0,nan,3281.3,27170,26746047000.0,43242,3278.2,3,3277.6,2,nan,0,nan,0,nan,0,nan,0,nan,0,nan,0,nan,0,nan,0
1597988329583655936,1597988329930000128,2020-08-21 13:38:49.930000,3277.8,3300.0,3265.6,3282.0,nan,3281.3,27170,26746047000.0,43242,3278.2,3,3277.6,2,nan,0,nan,0,nan,0,nan,0,nan,0,nan,0,nan,0,nan,0
1597988331581689088,1597988331923000064,2020-08-21 13:38:51.923000,3277.0,3300.0,3265.6,3282.0,nan,3281.3,27177,26752929240.0,43239,3278.2,3,3277.0,3,nan,0,nan,0,nan,0,nan,0,nan,0,nan,0,nan,0,nan,0
1597988332095312896,1597988332427000064,2020-08-21 13:38:52.427000,3277.4,3300.0,3265.6,3282.0,nan,3281.3,27180,26755878840.0,43241,3277.6,1,3277.0,5,nan,0,nan,0,nan,0,nan,0,nan,0,nan,0,nan,0,nan,0
1597988332652347904,1597988332932000000,2020-08-21 13:38:52.932000,3277.4,3300.0,3265.6,3282.0,nan,3281.3,27180,26755878840.0,43241,3277.6,2,3277.0,5,nan,0,nan,0,nan,0,nan,0,nan,0,nan,0,nan,0,nan,0
1597988333119977984,1597988333436000000,2020-08-21 13:38:53.436000,3277.4,3300.0,3265.6,3282.0,nan,3281.3,27180,26755878840.0,43241,3277.6,1,3277.0,3,nan,0,nan,0,nan,0,nan,0,nan,0,nan,0,nan,0,nan,0
1597988333604076032,1597988333913000192,2020-08-21 13:38:53.913000,3277.4,3300.0,3265.6,3282.0,nan,3281.3,27180,26755878840.0,43241,3277.4,1,3277.0,3,nan,0,nan,0,nan,0,nan,0,nan,0,nan,0,nan,0,nan,0
1597988334138267904,1597988334436000000,2020-08-21 13:38:54.436000,3277.6,3300.0,3265.6,3282.0,nan,3281.3,27181,26756862120.0,43240,3278.0,2,3277.0,3,nan,0,nan,0,nan,0,nan,0,nan,0,nan,0,nan,0,nan,0
1597988334587764992,1597988334927000064,2020-08-21 13:38:54.927000,3277.6,3300.0,3265.6,3282.0,nan,3281.3,27181,26756862120.0,43240,3277.8,4,3277.0,3,nan,0,nan,0,nan,0,nan,0,nan,0,nan,0,nan,0,nan,0
1597988335086341120,1597988335376000000,2020-08-21 13:38:55.376000,3277.6,3300.0,3265.6,3282.0,nan,3281.3,27181,26756862120.0,43240,3277.6,2,3277.0,3,nan,0,nan,0,nan,0,nan,0,nan,0,nan,0,nan,0,nan,0
1597988335619997952,1597988335924999936,2020-08-21 13:38:55.925000,3277.0,3300.0,3265.6,3282.0,nan,3281.3,27183,26758828320.0,43240,3277.6,3,3277.0,1,nan,0,nan,0,nan,0,nan,0,nan,0,nan,0,nan,0,nan,0
1597988336121206016,1597988336403000064,2020-08-21 13:38:56.403000,3277.0,3300.0,3265.6,3282.0,nan,3281.3,27183,26758828320.0,43240,3277.4,1,3277.0,1,nan,0,nan,0,nan,0,nan,0,nan,0,nan,0,nan,0,nan,0
1597988336586492928,1597988336936999936,2020-08-21 13:38:56.937000,3277.4,3300.0,3265.6,3282.0,nan,3281.3,27184,26759811540.0,43241,3277.6,3,3277.0,1,nan,0,nan,0,nan,0,nan,0,nan,0,nan,0,nan,0,nan,0
1597988337115609088,1597988337416999936,2020-08-21 13:38:57.417000,3277.4,3300.0,3265.6,3282.0,nan,3281.3,27184,26759811540.0,43241,3277.6,2,3277.0,1,nan,0,nan,0,nan,0,nan,0,nan,0,nan,0,nan,0,nan,0
1597988338598533888,1597988338928999936,2020-08-21 13:38:58.929000,3277.6,3300.0,3265.6,3282.0,nan,3281.3,27186,26761778100.0,43241,3278.0,1,3277.6,2,nan,0,nan,0,nan,0,nan,0,nan,0,nan,0,nan,0,nan,0
1597988339184069888,1597988339424000000,2020-08-21 13:38:59.424000,3277.6,3300.0,3265.6,3282.0,nan,3281.3,27186,26761778100.0,43241,3277.8,1,3277.6,2,nan,0,nan,0,nan,0,nan,0,nan,0,nan,0,nan,0,nan,0
1597988340591959040,1597988340924000000,2020-08-21 13:39:00.924000,3277.6,3300.0,3265.6,3282.0,nan,3281.3,27186,26761778100.0,43241,3277.8,1,3277.6,2,nan,0,nan,0,nan,0,nan,0,nan,0,nan,0,nan,0,nan,0
1597988341096114944,1597988341415000064,2020-08-21 13:39:01.415000,3277.6,3300.0,3265.6,3282.0,nan,3281.3,27186,26761778100.0,43241,3278.0,1,3277.8,1,nan,0,nan,0,nan,0,nan,0,nan,0,nan,0,nan,0,nan,0
1597988341606341120,1597988341936999936,2020-08-21 13:39:01.937000,3277.6,3300.0,3265.6,3282.0,nan,3281.3,27186,26761778100.0,43241,3278.0,2,3277.6,2,nan,0,nan,0,nan,0,nan,0,nan,0,nan,0,nan,0,nan,0
1597988342116615936,1597988342410000128,2020-08-21 13:39:02.410000,3278.0,3300.0,3265.6,3282.0,nan,3281.3,27187,26762761500.0,43241,3278.0,1,3277.8,1,nan,0,nan,0,nan,0,nan,0,nan,0,nan,0,nan,0,nan,0
1597988342592790016,1597988342924999936,2020-08-21 13:39:02.925000,3277.8,3300.0,3265.6,3282.0,nan,3281.3,27189,26764728180.0,43243,3278.0,1,3277.6,3,nan,0,nan,0,nan,0,nan,0,nan,0,nan,0,nan,0,nan,0
1597988343114703872,1597988343435000064,2020-08-21 13:39:03.435000,3277.6,3300.0,3265.6,3282.0,nan,3281.3,27190,26765711460.0,43243,3278.0,2,3277.6,2,nan,0,nan,0,nan,0,nan,0,nan,0,nan,0,nan,0,nan,0
1597988343623514112,1597988343936999936,2020-08-21 13:39:03.937000,3277.6,3300.0,3265.6,3282.0,nan,3281.3,27190,26765711460.0,43243,3278.0,2,3277.6,2,nan,0,nan,0,nan,0,nan,0,nan,0,nan,0,nan,0,nan,0
1597988344090638080,1597988344374000128,2020-08-21 13:39:04.374000,3277.6,3300.0,3265.6,3282.0,nan,3281.3,27192,26767678020.0,43244,3277.6,1,3277.0,1,nan,0,nan,0,nan,0,nan,0,nan,0,nan,0,nan,0,nan,0
1597988344590752000,1597988344918999808,2020-08-21 13:39:04.919000,3277.6,3300.0,3265.6,3282.0,nan,3281.3,27192,26767678020.0,43244,3277.4,1,3277.2,2,nan,0,nan,0,nan,0,nan,0,nan,0,nan,0,nan,0,nan,0
1597988345116110080,1597988345416999936,2020-08-21 13:39:05.417000,3277.4,3300.0,3265.6,3282.0,nan,3281.3,27195,26770627740.0,43246,3277.6,2,3277.4,1,nan,0,nan,0,nan,0,nan,0,nan,0,nan,0,nan,0,nan,0
1597988345603418112,1597988345923000064,2020-08-21 13:39:05.923000,3277.4,3300.0,3265.6,3282.0,nan,3281.3,27196,26771610960.0,43247,3277.6,2,3277.0,1,nan,0,nan,0,nan,0,nan,0,nan,0,nan,0,nan,0,nan,0
1597988346109353984,1597988346420999936,2020-08-21 13:39:06.421000,3277.4,3300.0,3265.6,3282.0,nan,3281.3,27196,26771610960.0,43247,3277.6,2,3277.4,1,nan,0,nan,0,nan,0,nan,0,nan,0,nan,0,nan,0,nan,0
1597988347116847104,1597988347420999936,2020-08-21 13:39:07.421000,3277.4,3300.0,3265.6,3282.0,nan,3281.3,27197,26772594180.0,43248,3277.6,2,3277.0,1,nan,0,nan,0,nan,0,nan,0,nan,0,nan,0,nan,0,nan,0
1597988347603379968,1597988347923000064,2020-08-21 13:39:07.923000,3277.4,3300.0,3265.6,3282.0,nan,3281.3,27197,26772594180.0,43248,3277.6,2,3277.0,1,nan,0,nan,0,nan,0,nan,0,nan,0,nan,0,nan,0,nan,0
1597988348604800000,1597988348932000000,2020-08-21 13:39:08.932000,3277.4,3300.0,3265.6,3282.0,nan,3281.3,27197,26772594180.0,43248,3277.6,2,3277.4,1,nan,0,nan,0,nan,0,nan,0,nan,0,nan,0,nan,0,nan,0
1597988349126370048,1597988349437999872,2020-08-21 13:39:09.438000,3277.2,3300.0,3265.6,3282.0,nan,3281.3,27199,26774560560.0,43247,3277.6,2,3277.0,2,nan,0,nan,0,nan,0,nan,0,nan,0,nan,0,nan,0,nan,0
1597988349600826880,1597988349898000128,2020-08-21 13:39:09.898000,3277.2,3300.0,3265.6,3282.0,nan,3281.3,27199,26774560560.0,43247,3277.6,2,3277.2,1,nan,0,nan,0,nan,0,nan,0,nan,0,nan,0,nan,0,nan,0
1597988350087580928,1597988350412000000,2020-08-21 13:39:10.412000,3277.2,3300.0,3265.6,3282.0,nan,3281.3,27199,26774560560.0,43247,3277.6,2,3277.4,1,nan,0,nan,0,nan,0,nan,0,nan,0,nan,0,nan,0,nan,0
1597988350604700928,1597988350888000000,2020-08-21 13:39:10.888000,3277.2,3300.0,3265.6,3282.0,nan,3281.3,27199,26774560560.0,43247,3277.6,2,3277.4,2,nan,0,nan,0,nan,0,nan,0,nan,0,nan,0,nan,0,nan,0
1597988351130550016,1597988351423000064,2020-08-21 13:39:11.423000,3277.2,3300.0,3265.6,3282.0,nan,3281.3,27199,26774560560.0,43247,3277.6,2,3277.4,2,nan,0,nan,0,nan,0,nan,0,nan,0,nan,0,nan,0,nan,0
1597988351633959936,1597988351935000064,2020-08-21 13:39:11.935000,3277.6,3300.0,3265.6,3282.0,nan,3281.3,27201,26776527120.0,43248,3277.8,2,3277.6,1,nan,0,nan,0,nan,0,nan,0,nan,0,nan,0,nan,0,nan,0
1597988352105135104,1597988352436999936,2020-08-21 13:39:12.437000,3277.6,3300.0,3265.6,3282.0,nan,3281.3,27201,26776527120.0,43248,3277.8,2,3277.6,2,nan,0,nan,0,nan,0,nan,0,nan,0,nan,0,nan,0,nan,0
1597988352601723904,1597988352927000064,2020-08-21 13:39:12.927000,3277.6,3300.0,3265.6,3282.0,nan,3281.3,27202,26777510400.0,43248,3277.8,2,3277.6,2,nan,0,nan,0,nan,0,nan,0,nan,0,nan,0,nan,0,nan,0
1597988354598768896,1597988354903000064,2020-08-21 13:39:14.903000,3277.6,3300.0,3265.6,3282.0,nan,3281.3,27202,26777510400.0,43248,3277.8,2,3277.6,2,nan,0,nan,0,nan,0,nan,0,nan,0,nan,0,nan,0,nan,0
1597988355104151040,1597988355434000128,2020-08-21 13:39:15.434000,3277.6,3300.0,3265.6,3282.0,nan,3281.3,27202,26777510400.0,43248,3277.8,2,3277.6,2,nan,0,nan,0,nan,0,nan,0,nan,0,nan,0,nan,0,nan,0
1597988355596628992,1597988355934000128,2020-08-21 13:39:15.934000,3277.6,3300.0,3265.6,3282.0,nan,3281.3,27202,26777510400.0,43248,3277.8,3,3277.6,2,nan,0,nan,0,nan,0,nan,0,nan,0,nan,0,nan,0,nan,0
1597988356100934912,1597988356436000000,2020-08-21 13:39:16.436000,3277.6,3300.0,3265.6,3282.0,nan,3281.3,27204,26779476960.0,43248,3277.6,3,3277.4,1,nan,0,nan,0,nan,0,nan,0,nan,0,nan,0,nan,0,nan,0
1597988356609923072,1597988356924999936,2020-08-21 13:39:16.925000,3277.6,3300.0,3265.6,3282.0,nan,3281.3,27208,26783410020.0,43249,3277.8,3,3277.6,5,nan,0,nan,0,nan,0,nan,0,nan,0,nan,0,nan,0,nan,0
1597988357109558016,1597988357430000128,2020-08-21 13:39:17.430000,3277.8,3300.0,3265.6,3282.0,nan,3281.3,27211,26786360040.0,43250,3277.8,1,3277.6,5,nan,0,nan,0,nan,0,nan,0,nan,0,nan,0,nan,0,nan,0
1597988358110188032,1597988358344000000,2020-08-21 13:39:18.344000,3277.8,3300.0,3265.6,3282.0,nan,3281.3,27211,26786360040.0,43250,3277.8,1,3277.6,5,nan,0,nan,0,nan,0,nan,0,nan,0,nan,0,nan,0,nan,0
1597988359100878080,1597988359424999936,2020-08-21 13:39:19.425000,3277.8,3300.0,3265.6,3282.0,nan,3281.3,27211,26786360040.0,43250,3277.8,1,3277.6,5,nan,0,nan,0,nan,0,nan,0,nan,0,nan,0,nan,0,nan,0
1597988360608259072,1597988360845999872,2020-08-21 13:39:20.846000,3277.6,3300.0,3265.6,3282.0,nan,3281.3,27213,26788326660.0,43251,3278.0,1,3277.6,4,nan,0,nan,0,nan,0,nan,0,nan,0,nan,0,nan,0,nan,0
1597988361129617920,1597988361430000128,2020-08-21 13:39:21.430000,3277.6,3300.0,3265.6,3282.0,nan,3281.3,27213,26788326660.0,43251,3278.0,1,3277.8,1,nan,0,nan,0,nan,0,nan,0,nan,0,nan,0,nan,0,nan,0
1597988362101765120,1597988362424999936,2020-08-21 13:39:22.425000,3277.6,3300.0,3265.6,3282.0,nan,3281.3,27213,26788326660.0,43251,3278.0,1,3277.8,1,nan,0,nan,0,nan,0,nan,0,nan,0,nan,0,nan,0,nan,0
1597988362604856064,1597988362903000064,2020-08-21 13:39:22.903000,3277.6,3300.0,3265.6,3282.0,nan,3281.3,27213,26788326660.0,43251,3278.0,1,3277.6,5,nan,0,nan,0,nan,0,nan,0,nan,0,nan,0,nan,0,nan,0
1597988364141133056,1597988364416000000,2020-08-21 13:39:24.416000,3277.6,3300.0,3265.6,3282.0,nan,3281.3,27215,26790293220.0,43249,3278.0,2,3277.6,3,nan,0,nan,0,nan,0,nan,0,nan,0,nan,0,nan,0,nan,0
1597988364635269888,1597988364924999936,2020-08-21 13:39:24.925000,3278.0,3300.0,3265.6,3282.0,nan,3281.3,27218,26793243300.0,43250,3278.2,2,3278.0,2,nan,0,nan,0,nan,0,nan,0,nan,0,nan,0,nan,0,nan,0
1597988365103534080,1597988365427000064,2020-08-21 13:39:25.427000,3278.0,3300.0,3265.6,3282.0,nan,3281.3,27220,26795210100.0,43250,3278.2,2,3277.6,5,nan,0,nan,0,nan,0,nan,0,nan,0,nan,0,nan,0,nan,0
1597988365615969024,1597988365927000064,2020-08-21 13:39:25.927000,3277.6,3300.0,3265.6,3282.0,nan,3281.3,27225,26800126500.0,43252,3277.6,1,3277.2,4,nan,0,nan,0,nan,0,nan,0,nan,0,nan,0,nan,0,nan,0
1597988366161073920,1597988366421999872,2020-08-21 13:39:26.422000,3277.6,3300.0,3265.6,3282.0,nan,3281.3,27225,26800126500.0,43252,3277.6,1,3277.4,1,nan,0,nan,0,nan,0,nan,0,nan,0,nan,0,nan,0,nan,0
1597988366607333888,1597988366920000000,2020-08-21 13:39:26.920000,3277.6,3300.0,3265.6,3282.0,nan,3281.3,27226,26801109780.0,43253,3278.2,2,3277.4,1,nan,0,nan,0,nan,0,nan,0,nan,0,nan,0,nan,0,nan,0
1597988367137387008,1597988367416000000,2020-08-21 13:39:27.416000,3277.6,3300.0,3265.6,3282.0,nan,3281.3,27226,26801109780.0,43253,3278.0,1,3277.4,1,nan,0,nan,0,nan,0,nan,0,nan,0,nan,0,nan,0,nan,0
1597988367625477120,1597988367901999872,2020-08-21 13:39:27.902000,3277.6,3300.0,3265.6,3282.0,nan,3281.3,27226,26801109780.0,43253,3278.0,2,3277.2,4,nan,0,nan,0,nan,0,nan,0,nan,0,nan,0,nan,0,nan,0
1597988368100421120,1597988368420999936,2020-08-21 13:39:28.421000,3277.6,3300.0,3265.6,3282.0,nan,3281.3,27226,26801109780.0,43253,3277.8,1,3277.2,4,nan,0,nan,0,nan,0,nan,0,nan,0,nan,0,nan,0,nan,0
1597988368608292096,1597988368928999936,2020-08-21 13:39:28.929000,3277.6,3300.0,3265.6,3282.0,nan,3281.3,27226,26801109780.0,43253,3277.8,1,3277.2,5,nan,0,nan,0,nan,0,nan,0,nan,0,nan,0,nan,0,nan,0
1597988369139204096,1597988369394000128,2020-08-21 13:39:29.394000,3277.2,3300.0,3265.6,3282.0,nan,3281.3,27227,26802092940.0,43253,3277.8,1,3277.2,4,nan,0,nan,0,nan,0,nan,0,nan,0,nan,0,nan,0,nan,0
1597988369622757888,1597988369829999872,2020-08-21 13:39:29.830000,3277.2,3300.0,3265.6,3282.0,nan,3281.3,27227,26802092940.0,43253,3277.8,2,3277.2,4,nan,0,nan,0,nan,0,nan,0,nan,0,nan,0,nan,0,nan,0
1597988370125180928,1597988370428999936,2020-08-21 13:39:30.429000,3277.2,3300.0,3265.6,3282.0,nan,3281.3,27227,26802092940.0,43253,3277.8,2,3277.4,1,nan,0,nan,0,nan,0,nan,0,nan,0,nan,0,nan,0,nan,0
1597988371108549120,1597988371364000000,2020-08-21 13:39:31.364000,3278.0,3300.0,3265.6,3282.0,nan,3281.3,27230,26805043020.0,43255,3278.2,2,3277.6,1,nan,0,nan,0,nan,0,nan,0,nan,0,nan,0,nan,0,nan,0
1597988371632599040,1597988371914000128,2020-08-21 13:39:31.914000,3278.0,3300.0,3265.6,3282.0,nan,3281.3,27230,26805043020.0,43255,3278.0,3,3277.6,1,nan,0,nan,0,nan,0,nan,0,nan,0,nan,0,nan,0,nan,0
1597988372605203968,1597988372927000064,2020-08-21 13:39:32.927000,3278.0,3300.0,3265.6,3282.0,nan,3281.3,27230,26805043020.0,43255,3278.0,3,3277.6,1,nan,0,nan,0,nan,0,nan,0,nan,0,nan,0,nan,0,nan,0
1597988373131088896,1597988373426000128,2020-08-21 13:39:33.426000,3277.6,3300.0,3265.6,3282.0,nan,3281.3,27231,26806026300.0,43254,3278.0,3,3277.4,1,nan,0,nan,0,nan,0,nan,0,nan,0,nan,0,nan,0,nan,0
1597988373626784000,1597988373934000128,2020-08-21 13:39:33.934000,3277.6,3300.0,3265.6,3282.0,nan,3281.3,27231,26806026300.0,43254,3278.0,3,3277.6,1,nan,0,nan,0,nan,0,nan,0,nan,0,nan,0,nan,0,nan,0
1597988374129228032,1597988374433000192,2020-08-21 13:39:34.433000,3278.0,3300.0,3265.6,3282.0,nan,3281.3,27232,26807009700.0,43255,3278.2,2,3277.8,1,nan,0,nan,0,nan,0,nan,0,nan,0,nan,0,nan,0,nan,0
1597988374677084928,1597988374936999936,2020-08-21 13:39:34.937000,3278.0,3300.0,3265.6,3282.0,nan,3281.3,27232,26807009700.0,43255,3278.2,2,3277.8,1,nan,0,nan,0,nan,0,nan,0,nan,0,nan,0,nan,0,nan,0
1597988376128103936,1597988376411000064,2020-08-21 13:39:36.411000,3278.0,3300.0,3265.6,3282.0,nan,3281.3,27232,26807009700.0,43255,3278.2,2,3277.8,1,nan,0,nan,0,nan,0,nan,0,nan,0,nan,0,nan,0,nan,0
1597988376617784064,1597988376935000064,2020-08-21 13:39:36.935000,3277.8,3300.0,3265.6,3282.0,nan,3281.3,27233,26807993040.0,43256,3278.2,2,3277.4,1,nan,0,nan,0,nan,0,nan,0,nan,0,nan,0,nan,0,nan,0
1597988377142585088,1597988377420999936,2020-08-21 13:39:37.421000,3278.0,3300.0,3265.6,3282.0,nan,3281.3,27234,26808976440.0,43256,3278.0,1,3277.4,1,nan,0,nan,0,nan,0,nan,0,nan,0,nan,0,nan,0,nan,0
1597988377620294912,1597988377936000000,2020-08-21 13:39:37.936000,3278.0,3300.0,3265.6,3282.0,nan,3281.3,27234,26808976440.0,43256,3278.0,1,3277.4,2,nan,0,nan,0,nan,0,nan,0,nan,0,nan,0,nan,0,nan,0
1597988378124563968,1597988378437999872,2020-08-21 13:39:38.438000,3278.0,3300.0,3265.6,3282.0,nan,3281.3,27235,26809959840.0,43257,3278.2,2,3277.4,2,nan,0,nan,0,nan,0,nan,0,nan,0,nan,0,nan,0,nan,0
1597988379635298048,1597988379928000000,2020-08-21 13:39:39.928000,3278.0,3300.0,3265.6,3282.0,nan,3281.3,27235,26809959840.0,43257,3278.2,2,3277.4,2,nan,0,nan,0,nan,0,nan,0,nan,0,nan,0,nan,0,nan,0
1597988380144091904,1597988380382999808,2020-08-21 13:39:40.383000,3278.0,3300.0,3265.6,3282.0,nan,3281.3,27235,26809959840.0,43257,3278.2,2,3277.6,1,nan,0,nan,0,nan,0,nan,0,nan,0,nan,0,nan,0,nan,0
1597988380659411968,1597988380934000128,2020-08-21 13:39:40.934000,3278.0,3300.0,3265.6,3282.0,nan,3281.3,27235,26809959840.0,43257,3278.0,2,3277.6,2,nan,0,nan,0,nan,0,nan,0,nan,0,nan,0,nan,0,nan,0
1597988381163122944,1597988381404000000,2020-08-21 13:39:41.404000,3278.0,3300.0,3265.6,3282.0,nan,3281.3,27235,26809959840.0,43257,3278.2,2,3277.6,2,nan,0,nan,0,nan,0,nan,0,nan,0,nan,0,nan,0,nan,0
1597988381644930048,1597988382213999872,2020-08-21 13:39:42.214000,3278.0,3300.0,3265.6,3282.0,nan,3281.3,27235,26809959840.0,43257,3278.2,2,3277.6,2,nan,0,nan,0,nan,0,nan,0,nan,0,nan,0,nan,0,nan,0
1597988382149021952,1597988382435000064,2020-08-21 13:39:42.435000,3278.0,3300.0,3265.6,3282.0,nan,3281.3,27235,26809959840.0,43257,3278.2,2,3277.6,1,nan,0,nan,0,nan,0,nan,0,nan,0,nan,0,nan,0,nan,0
1597988382622929920,1597988382921999872,2020-08-21 13:39:42.922000,3278.0,3300.0,3265.6,3282.0,nan,3281.3,27235,26809959840.0,43257,3278.0,2,3277.6,2,nan,0,nan,0,nan,0,nan,0,nan,0,nan,0,nan,0,nan,0
1597988383123734016,1597988383423000064,2020-08-21 13:39:43.423000,3278.0,3300.0,3265.6,3282.0,nan,3281.3,27235,26809959840.0,43257,3278.0,2,3277.8,1,nan,0,nan,0,nan,0,nan,0,nan,0,nan,0,nan,0,nan,0
1597988383634501120,1597988383916000000,2020-08-21 13:39:43.916000,3278.0,3300.0,3265.6,3282.0,nan,3281.3,27236,26810943240.0,43257,3278.0,1,3277.8,2,nan,0,nan,0,nan,0,nan,0,nan,0,nan,0,nan,0,nan,0
1597988384139904000,1597988384434000128,2020-08-21 13:39:44.434000,3278.0,3300.0,3265.6,3282.0,nan,3281.3,27237,26811926640.0,43258,3278.2,2,3277.8,2,nan,0,nan,0,nan,0,nan,0,nan,0,nan,0,nan,0,nan,0
1597988385136805888,1597988385400999936,2020-08-21 13:39:45.401000,3278.0,3300.0,3265.6,3282.0,nan,3281.3,27237,26811926640.0,43258,3278.0,1,3277.8,3,nan,0,nan,0,nan,0,nan,0,nan,0,nan,0,nan,0,nan,0
1597988385625990912,1597988385924000000,2020-08-21 13:39:45.924000,3277.8,3300.0,3265.6,3282.0,nan,3281.3,27239,26813893320.0,43259,3278.0,1,3277.8,1,nan,0,nan,0,nan,0,nan,0,nan,0,nan,0,nan,0,nan,0
1597988386127983104,1597988386428999936,2020-08-21 13:39:46.429000,3277.8,3300.0,3265.6,3282.0,nan,3281.3,27239,26813893320.0,43259,3278.0,1,3277.8,1,nan,0,nan,0,nan,0,nan,0,nan,0,nan,0,nan,0,nan,0
1597988386629426944,1597988386927000064,2020-08-21 13:39:46.927000,3277.8,3300.0,3265.6,3282.0,nan,3281.3,27239,26813893320.0,43259,3278.0,2,3277.8,1,nan,0,nan,0,nan,0,nan,0,nan,0,nan,0,nan,0,nan,0
1597988387151756032,1597988387426000128,2020-08-21 13:39:47.426000,3277.8,3300.0,3265.6,3282.0,nan,3281.3,27239,26813893320.0,43259,3278.0,2,3277.8,1,nan,0,nan,0,nan,0,nan,0,nan,0,nan,0,nan,0,nan,0
1597988387642415104,1597988388076000000,2020-08-21 13:39:48.076000,3277.8,3300.0,3265.6,3282.0,nan,3281.3,27239,26813893320.0,43259,3278.0,4,3277.8,1,nan,0,nan,0,nan,0,nan,0,nan,0,nan,0,nan,0,nan,0
1597988388152315904,1597988388436999936,2020-08-21 13:39:48.437000,3277.8,3300.0,3265.6,3282.0,nan,3281.3,27239,26813893320.0,43259,3278.0,4,3277.8,1,nan,0,nan,0,nan,0,nan,0,nan,0,nan,0,nan,0,nan,0
1597988389134168064,1597988389374000128,2020-08-21 13:39:49.374000,3277.0,3300.0,3265.6,3282.0,nan,3281.3,27251,26825691420.0,43252,3278.0,4,3277.0,2,nan,0,nan,0,nan,0,nan,0,nan,0,nan,0,nan,0,nan,0
1597988389628558080,1597988389934000128,2020-08-21 13:39:49.934000,3277.0,3300.0,3265.6,3282.0,nan,3281.3,27251,26825691420.0,43252,3278.0,5,3277.2,2,nan,0,nan,0,nan,0,nan,0,nan,0,nan,0,nan,0,nan,0
1597988390174664960,1597988390432000000,2020-08-21 13:39:50.432000,3277.0,3300.0,3265.6,3282.0,nan,3281.3,27251,26825691420.0,43252,3277.8,1,3277.2,2,nan,0,nan,0,nan,0,nan,0,nan,0,nan,0,nan,0,nan,0
1597988390618352896,1597988390937999872,2020-08-21 13:39:50.938000,3277.0,3300.0,3265.6,3282.0,nan,3281.3,27251,26825691420.0,43252,3277.8,1,3277.2,2,nan,0,nan,0,nan,0,nan,0,nan,0,nan,0,nan,0,nan,0
1597988391133082112,1597988391348000000,2020-08-21 13:39:51.348000,3277.0,3300.0,3265.6,3282.0,nan,3281.3,27251,26825691420.0,43252,3277.8,1,3277.4,1,nan,0,nan,0,nan,0,nan,0,nan,0,nan,0,nan,0,nan,0
1597988391630057984,1597988391932000000,2020-08-21 13:39:51.932000,3277.0,3300.0,3265.6,3282.0,nan,3281.3,27251,26825691420.0,43252,3277.8,1,3277.4,1,nan,0,nan,0,nan,0,nan,0,nan,0,nan,0,nan,0,nan,0
1597988392127197952,1597988392435000064,2020-08-21 13:39:52.435000,3277.0,3300.0,3265.6,3282.0,nan,3281.3,27251,26825691420.0,43252,3277.8,1,3277.4,1,nan,0,nan,0,nan,0,nan,0,nan,0,nan,0,nan,0,nan,0
1597988394161957888,1597988394424999936,2020-08-21 13:39:54.425000,3277.4,3300.0,3265.6,3282.0,nan,3281.3,27252,26826674640.0,43252,3277.8,1,3277.2,2,nan,0,nan,0,nan,0,nan,0,nan,0,nan,0,nan,0,nan,0
1597988394647947008,1597988394903000064,2020-08-21 13:39:54.903000,3277.4,3300.0,3265.6,3282.0,nan,3281.3,27252,26826674640.0,43252,3277.8,1,3277.4,1,nan,0,nan,0,nan,0,nan,0,nan,0,nan,0,nan,0,nan,0
1597988395142096896,1597988395416000000,2020-08-21 13:39:55.416000,3277.4,3300.0,3265.6,3282.0,nan,3281.3,27252,26826674640.0,43252,3277.6,1,3277.4,1,nan,0,nan,0,nan,0,nan,0,nan,0,nan,0,nan,0,nan,0
1597988395644656128,1597988395937999872,2020-08-21 13:39:55.938000,3277.4,3300.0,3265.6,3282.0,nan,3281.3,27253,26827657860.0,43251,3277.4,1,3277.2,1,nan,0,nan,0,nan,0,nan,0,nan,0,nan,0,nan,0,nan,0
1597988396160582912,1597988396436000000,2020-08-21 13:39:56.436000,3277.4,3300.0,3265.6,3282.0,nan,3281.3,27253,26827657860.0,43251,3277.4,1,3277.2,1,nan,0,nan,0,nan,0,nan,0,nan,0,nan,0,nan,0,nan,0
1597988396647936000,1597988396937999872,2020-08-21 13:39:56.938000,3277.4,3300.0,3265.6,3282.0,nan,3281.3,27253,26827657860.0,43251,3277.4,1,3277.0,2,nan,0,nan,0,nan,0,nan,0,nan,0,nan,0,nan,0,nan,0
1597988397653044992,1597988397901999872,2020-08-21 13:39:57.902000,3277.4,3300.0,3265.6,3282.0,nan,3281.3,27253,26827657860.0,43251,3277.2,1,3277.0,3,nan,0,nan,0,nan,0,nan,0,nan,0,nan,0,nan,0,nan,0
1597988398148153088,1597988398421999872,2020-08-21 13:39:58.422000,3277.4,3300.0,3265.6,3282.0,nan,3281.3,27253,26827657860.0,43251,3277.2,1,3277.0,3,nan,0,nan,0,nan,0,nan,0,nan,0,nan,0,nan,0,nan,0
1597988398644943872,1597988398860999936,2020-08-21 13:39:58.861000,3277.4,3300.0,3265.6,3282.0,nan,3281.3,27254,26828641080.0,43252,3277.4,1,3277.0,4,nan,0,nan,0,nan,0,nan,0,nan,0,nan,0,nan,0,nan,0
1597988400634865920,1597988400937999872,2020-08-21 13:40:00.938000,3277.0,3300.0,3265.6,3282.0,nan,3281.3,27258,26832573600.0,43255,3277.2,1,3277.0,1,nan,0,nan,0,nan,0,nan,0,nan,0,nan,0,nan,0,nan,0
1597988401122961920,1597988401428999936,2020-08-21 13:40:01.429000,3277.0,3300.0,3265.6,3282.0,nan,3281.3,27259,26833556700.0,43256,3277.2,1,3276.8,1,nan,0,nan,0,nan,0,nan,0,nan,0,nan,0,nan,0,nan,0
1597988401632243968,1597988401930000128,2020-08-21 13:40:01.930000,3275.4,3300.0,3265.6,3282.0,nan,3281.3,27272,26846333640.0,43253,3276.8,1,3276.2,10,nan,0,nan,0,nan,0,nan,0,nan,0,nan,0,nan,0,nan,0
1597988402156122880,1597988402413000192,2020-08-21 13:40:02.413000,3276.2,3300.0,3265.6,3282.0,nan,3281.3,27284,26858128860.0,43255,3277.2,1,3276.2,16,nan,0,nan,0,nan,0,nan,0,nan,0,nan,0,nan,0,nan,0
1597988402639040000,1597988403240999936,2020-08-21 13:40:03.241000,3276.2,3300.0,3265.6,3282.0,nan,3281.3,27287,26861077440.0,43257,3277.0,1,3276.2,10,nan,0,nan,0,nan,0,nan,0,nan,0,nan,0,nan,0,nan,0
1597988403148487936,1597988403432000000,2020-08-21 13:40:03.432000,3276.2,3300.0,3265.6,3282.0,nan,3281.3,27287,26861077440.0,43257,3277.0,3,3276.2,12,nan,0,nan,0,nan,0,nan,0,nan,0,nan,0,nan,0,nan,0
1597988403630868992,1597988403924000000,2020-08-21 13:40:03.924000,3276.2,3300.0,3265.6,3282.0,nan,3281.3,27287,26861077440.0,43257,3277.0,2,3276.2,10,nan,0,nan,0,nan,0,nan,0,nan,0,nan,0,nan,0,nan,0
1597988404026209024,1597988404411000064,2020-08-21 13:40:04.411000,3276.2,3300.0,3265.6,3282.0,nan,3281.3,27288,26862060300.0,43258,3277.0,2,3276.2,13,nan,0,nan,0,nan,0,nan,0,nan,0,nan,0,nan,0,nan,0
1597988404539552000,1597988404903000064,2020-08-21 13:40:04.903000,3276.2,3300.0,3265.6,3282.0,nan,3281.3,27288,26862060300.0,43258,3277.0,4,3276.2,12,nan,0,nan,0,nan,0,nan,0,nan,0,nan,0,nan,0,nan,0
1597988405532605952,1597988405897000192,2020-08-21 13:40:05.897000,3276.2,3300.0,3265.6,3282.0,nan,3281.3,27289,26863043160.0,43258,3277.0,4,3276.2,11,nan,0,nan,0,nan,0,nan,0,nan,0,nan,0,nan,0,nan,0
1597988406025571072,1597988406427000064,2020-08-21 13:40:06.427000,3276.2,3300.0,3265.6,3282.0,nan,3281.3,27290,26864026020.0,43259,3276.8,2,3276.4,1,nan,0,nan,0,nan,0,nan,0,nan,0,nan,0,nan,0,nan,0
1597988406539339008,1597988406927000064,2020-08-21 13:40:06.927000,3276.4,3300.0,3265.6,3282.0,nan,3281.3,27291,26865008940.0,43259,3276.4,2,3276.2,7,nan,0,nan,0,nan,0,nan,0,nan,0,nan,0,nan,0,nan,0
1597988407042437888,1597988407437999872,2020-08-21 13:40:07.438000,3276.0,3300.0,3265.6,3282.0,nan,3281.3,27300,26873854680.0,43262,3276.2,5,3275.8,1,nan,0,nan,0,nan,0,nan,0,nan,0,nan,0,nan,0,nan,0
1597988407551353088,1597988407897000192,2020-08-21 13:40:07.897000,3275.8,3300.0,3265.6,3282.0,nan,3281.3,27301,26874837420.0,43261,3275.8,1,3275.6,1,nan,0,nan,0,nan,0,nan,0,nan,0,nan,0,nan,0,nan,0
1597988408092408064,1597988408431000064,2020-08-21 13:40:08.431000,3275.6,3300.0,3265.6,3282.0,nan,3281.3,27303,26876802840.0,43259,3276.2,5,3275.2,3,nan,0,nan,0,nan,0,nan,0,nan,0,nan,0,nan,0,nan,0
1597988408546749952,1597988408918999808,2020-08-21 13:40:08.919000,3275.6,3300.0,3265.6,3282.0,nan,3281.3,27303,26876802840.0,43259,3275.6,2,3275.2,3,nan,0,nan,0,nan,0,nan,0,nan,0,nan,0,nan,0,nan,0
1597988409080123904,1597988409415000064,2020-08-21 13:40:09.415000,3275.2,3300.0,3265.6,3282.0,nan,3281.3,27304,26877785400.0,43259,3275.6,2,3275.2,2,nan,0,nan,0,nan,0,nan,0,nan,0,nan,0,nan,0,nan,0
1597988409549874944,1597988409904999936,2020-08-21 13:40:09.905000,3275.2,3300.0,3265.6,3282.0,nan,3281.3,27304,26877785400.0,43259,3275.6,2,3275.2,5,nan,0,nan,0,nan,0,nan,0,nan,0,nan,0,nan,0,nan,0
1597988410052939008,1597988410403000064,2020-08-21 13:40:10.403000,3275.2,3300.0,3265.6,3282.0,nan,3281.3,27305,26878767960.0,43259,3275.6,2,3275.2,5,nan,0,nan,0,nan,0,nan,0,nan,0,nan,0,nan,0,nan,0
1597988410549483008,1597988410931000064,2020-08-21 13:40:10.931000,3275.6,3300.0,3265.6,3282.0,nan,3281.3,27306,26879750640.0,43259,3275.6,1,3275.2,5,nan,0,nan,0,nan,0,nan,0,nan,0,nan,0,nan,0,nan,0
1597988411043304960,1597988411436000000,2020-08-21 13:40:11.436000,3275.6,3300.0,3265.6,3282.0,nan,3281.3,27306,26879750640.0,43259,3275.6,1,3275.4,1,nan,0,nan,0,nan,0,nan,0,nan,0,nan,0,nan,0,nan,0
1597988411545336064,1597988411924999936,2020-08-21 13:40:11.925000,3275.2,3300.0,3265.6,3282.0,nan,3281.3,27308,26881715820.0,43261,3275.6,1,3275.2,4,nan,0,nan,0,nan,0,nan,0,nan,0,nan,0,nan,0,nan,0
1597988412047389952,1597988412411000064,2020-08-21 13:40:12.411000,3275.2,3300.0,3265.6,3282.0,nan,3281.3,27308,26881715820.0,43261,3275.6,1,3275.2,4,nan,0,nan,0,nan,0,nan,0,nan,0,nan,0,nan,0,nan,0
1597988412541120000,1597988412930000128,2020-08-21 13:40:12.930000,3275.6,3300.0,3265.6,3282.0,nan,3281.3,27310,26883681180.0,43263,3275.4,2,3275.2,4,nan,0,nan,0,nan,0,nan,0,nan,0,nan,0,nan,0,nan,0
1597988413055806976,1597988413426000128,2020-08-21 13:40:13.426000,3275.4,3300.0,3265.6,3282.0,nan,3281.3,27313,26886629040.0,43266,3276.0,1,3275.6,2,nan,0,nan,0,nan,0,nan,0,nan,0,nan,0,nan,0,nan,0
1597988413545566976,1597988413916000000,2020-08-21 13:40:13.916000,3275.4,3300.0,3265.6,3282.0,nan,3281.3,27315,26888594280.0,43267,3276.0,1,3275.4,3,nan,0,nan,0,nan,0,nan,0,nan,0,nan,0,nan,0,nan,0
1597988414098710016,1597988414356000000,2020-08-21 13:40:14.356000,3275.4,3300.0,3265.6,3282.0,nan,3281.3,27315,26888594280.0,43267,3276.0,2,3275.4,3,nan,0,nan,0,nan,0,nan,0,nan,0,nan,0,nan,0,nan,0
1597988414542584064,1597988414920999936,2020-08-21 13:40:14.921000,3275.4,3300.0,3265.6,3282.0,nan,3281.3,27315,26888594280.0,43267,3276.0,2,3275.4,3,nan,0,nan,0,nan,0,nan,0,nan,0,nan,0,nan,0,nan,0
1597988415043272960,1597988415437999872,2020-08-21 13:40:15.438000,3275.4,3300.0,3265.6,3282.0,nan,3281.3,27317,26890559640.0,43269,3275.8,3,3275.4,2,nan,0,nan,0,nan,0,nan,0,nan,0,nan,0,nan,0,nan,0
1597988415544688128,1597988415935000064,2020-08-21 13:40:15.935000,3275.4,3300.0,3265.6,3282.0,nan,3281.3,27321,26894490060.0,43271,3275.4,1,3275.2,2,nan,0,nan,0,nan,0,nan,0,nan,0,nan,0,nan,0,nan,0
1597988416073611008,1597988416325999872,2020-08-21 13:40:16.326000,3275.2,3300.0,3265.6,3282.0,nan,3281.3,27324,26897437740.0,43273,3275.2,1,3275.0,12,nan,0,nan,0,nan,0,nan,0,nan,0,nan,0,nan,0,nan,0
1597988416563502080,1597988416935000064,2020-08-21 13:40:16.935000,3275.2,3300.0,3265.6,3282.0,nan,3281.3,27333,26906280300.0,43275,3275.2,4,3275.0,6,nan,0,nan,0,nan,0,nan,0,nan,0,nan,0,nan,0,nan,0
1597988417080591872,1597988417420999936,2020-08-21 13:40:17.421000,3274.6,3300.0,3265.6,3282.0,nan,3281.3,27343,26916104940.0,43284,3275.0,3,3274.4,4,nan,0,nan,0,nan,0,nan,0,nan,0,nan,0,nan,0,nan,0
1597988417560728064,1597988417892999936,2020-08-21 13:40:17.893000,3275.2,3300.0,3265.6,3282.0,nan,3281.3,27356,26928876060.0,43284,3275.2,3,3274.6,1,nan,0,nan,0,nan,0,nan,0,nan,0,nan,0,nan,0,nan,0
1597988418078685952,1597988418427000064,2020-08-21 13:40:18.427000,3274.6,3300.0,3265.6,3282.0,nan,3281.3,27357,26929858440.0,43284,3274.8,2,3274.0,7,nan,0,nan,0,nan,0,nan,0,nan,0,nan,0,nan,0,nan,0
1597988418555580928,1597988418917999872,2020-08-21 13:40:18.918000,3274.8,3300.0,3265.6,3282.0,nan,3281.3,27358,26930840880.0,43283,3274.8,1,3274.6,2,nan,0,nan,0,nan,0,nan,0,nan,0,nan,0,nan,0,nan,0
1597988419052528896,1597988419430000128,2020-08-21 13:40:19.430000,3274.6,3300.0,3265.6,3282.0,nan,3281.3,27359,26931823260.0,43284,3274.6,4,3274.0,8,nan,0,nan,0,nan,0,nan,0,nan,0,nan,0,nan,0,nan,0
1597988419550756096,1597988419924999936,2020-08-21 13:40:19.925000,3274.2,3300.0,3265.6,3282.0,nan,3281.3,27360,26932805520.0,43285,3274.4,1,3274.0,8,nan,0,nan,0,nan,0,nan,0,nan,0,nan,0,nan,0,nan,0
1597988420082329088,1597988420433000192,2020-08-21 13:40:20.433000,3274.0,3300.0,3265.6,3282.0,nan,3281.3,27364,26936734740.0,43284,3274.6,2,3274.4,1,nan,0,nan,0,nan,0,nan,0,nan,0,nan,0,nan,0,nan,0
1597988420562579968,1597988420932000000,2020-08-21 13:40:20.932000,3274.0,3300.0,3265.6,3282.0,nan,3281.3,27367,26939681460.0,43285,3274.4,7,3274.0,4,nan,0,nan,0,nan,0,nan,0,nan,0,nan,0,nan,0,nan,0
1597988421080734976,1597988421390000128,2020-08-21 13:40:21.390000,3274.0,3300.0,3265.6,3282.0,nan,3281.3,27369,26941645980.0,43285,3274.4,5,3274.0,3,nan,0,nan,0,nan,0,nan,0,nan,0,nan,0,nan,0,nan,0
1597988421565477120,1597988421928000000,2020-08-21 13:40:21.928000,3274.0,3300.0,3265.6,3282.0,nan,3281.3,27369,26941645980.0,43285,3274.4,5,3274.0,3,nan,0,nan,0,nan,0,nan,0,nan,0,nan,0,nan,0,nan,0
1597988422056155904,1597988422401999872,2020-08-21 13:40:22.402000,3274.0,3300.0,3265.6,3282.0,nan,3281.3,27376,26948522040.0,43288,3274.6,2,3274.4,1,nan,0,nan,0,nan,0,nan,0,nan,0,nan,0,nan,0,nan,0
1597988422557925888,1597988422921999872,2020-08-21 13:40:22.922000,3274.6,3300.0,3265.6,3282.0,nan,3281.3,27378,26950486740.0,43289,3274.6,1,3274.2,3,nan,0,nan,0,nan,0,nan,0,nan,0,nan,0,nan,0,nan,0
1597988423078301952,1597988423430000128,2020-08-21 13:40:23.430000,3274.2,3300.0,3265.6,3282.0,nan,3281.3,27380,26952451380.0,43291,3274.4,1,3274.2,2,nan,0,nan,0,nan,0,nan,0,nan,0,nan,0,nan,0,nan,0
1597988423544942080,1597988423857000192,2020-08-21 13:40:23.857000,3274.4,3300.0,3265.6,3282.0,nan,3281.3,27381,26953433700.0,43292,3274.8,1,3274.2,2,nan,0,nan,0,nan,0,nan,0,nan,0,nan,0,nan,0,nan,0
1597988424128161024,1597988424434000128,2020-08-21 13:40:24.434000,3274.8,3300.0,3265.6,3282.0,nan,3281.3,27382,26954416140.0,43292,3274.6,1,3274.4,1,nan,0,nan,0,nan,0,nan,0,nan,0,nan,0,nan,0,nan,0
1597988424546607104,1597988424924000000,2020-08-21 13:40:24.924000,3274.6,3300.0,3265.6,3282.0,nan,3281.3,27384,26956380900.0,43294,3275.0,1,3274.4,1,nan,0,nan,0,nan,0,nan,0,nan,0,nan,0,nan,0,nan,0
1597988425052683008,1597988425424999936,2020-08-21 13:40:25.425000,3274.4,3300.0,3265.6,3282.0,nan,3281.3,27386,26958345600.0,43293,3274.8,2,3274.2,2,nan,0,nan,0,nan,0,nan,0,nan,0,nan,0,nan,0,nan,0
1597988425560367104,1597988425930000128,2020-08-21 13:40:25.930000,3274.4,3300.0,3265.6,3282.0,nan,3281.3,27386,26958345600.0,43293,3274.6,1,3274.4,1,nan,0,nan,0,nan,0,nan,0,nan,0,nan,0,nan,0,nan,0
1597988426116666112,1597988426431000064,2020-08-21 13:40:26.431000,3274.6,3300.0,3265.6,3282.0,nan,3281.3,27388,26960310360.0,43294,3275.0,1,3274.4,1,nan,0,nan,0,nan,0,nan,0,nan,0,nan,0,nan,0,nan,0
1597988426551267072,1597988426934000128,2020-08-21 13:40:26.934000,3274.4,3300.0,3265.6,3282.0,nan,3281.3,27389,26961292680.0,43294,3274.8,1,3274.4,2,nan,0,nan,0,nan,0,nan,0,nan,0,nan,0,nan,0,nan,0
1597988427042318080,1597988427434000128,2020-08-21 13:40:27.434000,3274.4,3300.0,3265.6,3282.0,nan,3281.3,27390,26962275000.0,43295,3274.6,1,3274.4,1,nan,0,nan,0,nan,0,nan,0,nan,0,nan,0,nan,0,nan,0
1597988427542732032,1597988427918999808,2020-08-21 13:40:27.919000,3274.6,3300.0,3265.6,3282.0,nan,3281.3,27391,26963257380.0,43296,3275.0,1,3274.4,1,nan,0,nan,0,nan,0,nan,0,nan,0,nan,0,nan,0,nan,0
1597988428041008128,1597988428412000000,2020-08-21 13:40:28.412000,3274.4,3300.0,3265.6,3282.0,nan,3281.3,27392,26964239700.0,43296,3274.8,1,3274.4,1,nan,0,nan,0,nan,0,nan,0,nan,0,nan,0,nan,0,nan,0
1597988428559823872,1597988428924999936,2020-08-21 13:40:28.925000,3274.4,3300.0,3265.6,3282.0,nan,3281.3,27393,26965222020.0,43296,3274.6,2,3274.2,2,nan,0,nan,0,nan,0,nan,0,nan,0,nan,0,nan,0,nan,0
1597988429079569920,1597988429424999936,2020-08-21 13:40:29.425000,3274.6,3300.0,3265.6,3282.0,nan,3281.3,27395,26967186780.0,43298,3275.0,1,3274.6,1,nan,0,nan,0,nan,0,nan,0,nan,0,nan,0,nan,0,nan,0
1597988429549900032,1597988429936999936,2020-08-21 13:40:29.937000,3274.6,3300.0,3265.6,3282.0,nan,3281.3,27396,26968169160.0,43298,3275.0,1,3274.4,1,nan,0,nan,0,nan,0,nan,0,nan,0,nan,0,nan,0,nan,0
1597988430044101120,1597988430434000128,2020-08-21 13:40:30.434000,3274.6,3300.0,3265.6,3282.0,nan,3281.3,27396,26968169160.0,43298,3275.0,1,3274.8,1,nan,0,nan,0,nan,0,nan,0,nan,0,nan,0,nan,0,nan,0
1597988430544372992,1597988430927000064,2020-08-21 13:40:30.927000,3274.6,3300.0,3265.6,3282.0,nan,3281.3,27396,26968169160.0,43298,3275.0,1,3274.8,1,nan,0,nan,0,nan,0,nan,0,nan,0,nan,0,nan,0,nan,0
1597988431044879872,1597988431431000064,2020-08-21 13:40:31.431000,3274.4,3300.0,3265.6,3282.0,nan,3281.3,27399,26971116420.0,43299,3275.2,1,3274.2,2,nan,0,nan,0,nan,0,nan,0,nan,0,nan,0,nan,0,nan,0
1597988431560246016,1597988431912000000,2020-08-21 13:40:31.912000,3274.4,3300.0,3265.6,3282.0,nan,3281.3,27400,26972098740.0,43300,3275.2,1,3274.2,2,nan,0,nan,0,nan,0,nan,0,nan,0,nan,0,nan,0,nan,0
1597988432078343936,1597988432428000000,2020-08-21 13:40:32.428000,3274.4,3300.0,3265.6,3282.0,nan,3281.3,27400,26972098740.0,43300,3275.0,6,3274.4,1,nan,0,nan,0,nan,0,nan,0,nan,0,nan,0,nan,0,nan,0
1597988432550999040,1597988432936999936,2020-08-21 13:40:32.937000,3274.4,3300.0,3265.6,3282.0,nan,3281.3,27400,26972098740.0,43300,3275.0,3,3274.6,1,nan,0,nan,0,nan,0,nan,0,nan,0,nan,0,nan,0,nan,0
1597988433089166080,1597988433437999872,2020-08-21 13:40:33.438000,3275.2,3300.0,3265.6,3282.0,nan,3281.3,27405,26977011360.0,43301,3275.4,1,3274.8,2,nan,0,nan,0,nan,0,nan,0,nan,0,nan,0,nan,0,nan,0
1597988433561177088,1597988433934000128,2020-08-21 13:40:33.934000,3275.4,3300.0,3265.6,3282.0,nan,3281.3,27406,26977993980.0,43301,3275.6,1,3275.4,2,nan,0,nan,0,nan,0,nan,0,nan,0,nan,0,nan,0,nan,0
1597988434059008000,1597988434405999872,2020-08-21 13:40:34.406000,3275.4,3300.0,3265.6,3282.0,nan,3281.3,27410,26981924640.0,43305,3275.8,1,3275.4,1,nan,0,nan,0,nan,0,nan,0,nan,0,nan,0,nan,0,nan,0
1597988434569358080,1597988434923000064,2020-08-21 13:40:34.923000,3275.8,3300.0,3265.6,3282.0,nan,3281.3,27411,26982907380.0,43304,3275.6,1,3275.4,1,nan,0,nan,0,nan,0,nan,0,nan,0,nan,0,nan,0,nan,0
1597988435078115072,1597988435428999936,2020-08-21 13:40:35.429000,3275.6,3300.0,3265.6,3282.0,nan,3281.3,27413,26984872740.0,43305,3276.0,1,3275.6,5,nan,0,nan,0,nan,0,nan,0,nan,0,nan,0,nan,0,nan,0
1597988435555120128,1597988435910000128,2020-08-21 13:40:35.910000,3275.6,3300.0,3265.6,3282.0,nan,3281.3,27415,26986838220.0,43306,3276.2,6,3275.6,1,nan,0,nan,0,nan,0,nan,0,nan,0,nan,0,nan,0,nan,0
1597988436103759104,1597988436435000064,2020-08-21 13:40:36.435000,3276.2,3300.0,3265.6,3282.0,nan,3281.3,27422,26993718240.0,43304,3276.4,1,3275.6,1,nan,0,nan,0,nan,0,nan,0,nan,0,nan,0,nan,0,nan,0
1597988436570768896,1597988436894000128,2020-08-21 13:40:36.894000,3276.4,3300.0,3265.6,3282.0,nan,3281.3,27423,26994701160.0,43305,3276.8,1,3276.4,1,nan,0,nan,0,nan,0,nan,0,nan,0,nan,0,nan,0,nan,0
1597988437076744960,1597988437357000192,2020-08-21 13:40:37.357000,3276.4,3300.0,3265.6,3282.0,nan,3281.3,27423,26994701160.0,43305,3276.6,1,3276.4,1,nan,0,nan,0,nan,0,nan,0,nan,0,nan,0,nan,0,nan,0
1597988437563878912,1597988437937999872,2020-08-21 13:40:37.938000,3276.4,3300.0,3265.6,3282.0,nan,3281.3,27425,26996667060.0,43307,3276.8,1,3276.0,1,nan,0,nan,0,nan,0,nan,0,nan,0,nan,0,nan,0,nan,0
1597988438083516928,1597988438430000128,2020-08-21 13:40:38.430000,3276.4,3300.0,3265.6,3282.0,nan,3281.3,27425,26996667060.0,43307,3276.4,2,3276.2,1,nan,0,nan,0,nan,0,nan,0,nan,0,nan,0,nan,0,nan,0
1597988438569656064,1597988438938999808,2020-08-21 13:40:38.939000,3276.4,3300.0,3265.6,3282.0,nan,3281.3,27427,26998632900.0,43308,3276.8,1,3276.6,4,nan,0,nan,0,nan,0,nan,0,nan,0,nan,0,nan,0,nan,0
1597988439073350912,1597988439433000192,2020-08-21 13:40:39.433000,3277.0,3300.0,3265.6,3282.0,nan,3281.3,27429,27000599040.0,43308,3277.0,5,3276.8,3,nan,0,nan,0,nan,0,nan,0,nan,0,nan,0,nan,0,nan,0
1597988439566893056,1597988439926000128,2020-08-21 13:40:39.926000,3277.0,3300.0,3265.6,3282.0,nan,3281.3,27434,27005514540.0,43312,3277.8,1,3277.2,2,nan,0,nan,0,nan,0,nan,0,nan,0,nan,0,nan,0,nan,0
1597988440067561984,1597988440408000000,2020-08-21 13:40:40.408000,3277.0,3300.0,3265.6,3282.0,nan,3281.3,27434,27005514540.0,43312,3277.6,5,3276.6,2,nan,0,nan,0,nan,0,nan,0,nan,0,nan,0,nan,0,nan,0
1597988440582337024,1597988440938999808,2020-08-21 13:40:40.939000,3276.6,3300.0,3265.6,3282.0,nan,3281.3,27436,27007480560.0,43311,3277.2,1,3276.6,1,nan,0,nan,0,nan,0,nan,0,nan,0,nan,0,nan,0,nan,0
1597988441074938880,1597988441420999936,2020-08-21 13:40:41.421000,3277.2,3300.0,3265.6,3282.0,nan,3281.3,27437,27008463720.0,43312,3277.4,3,3276.6,1,nan,0,nan,0,nan,0,nan,0,nan,0,nan,0,nan,0,nan,0
1597988441568883968,1597988441924000000,2020-08-21 13:40:41.924000,3277.2,3300.0,3265.6,3282.0,nan,3281.3,27437,27008463720.0,43312,3277.2,1,3276.6,2,nan,0,nan,0,nan,0,nan,0,nan,0,nan,0,nan,0,nan,0
1597988442076808960,1597988442428000000,2020-08-21 13:40:42.428000,3277.2,3300.0,3265.6,3282.0,nan,3281.3,27437,27008463720.0,43312,3277.2,3,3276.6,2,nan,0,nan,0,nan,0,nan,0,nan,0,nan,0,nan,0,nan,0
1597988442566682112,1597988442924000000,2020-08-21 13:40:42.924000,3277.2,3300.0,3265.6,3282.0,nan,3281.3,27438,27009446880.0,43313,3277.0,4,3276.6,2,nan,0,nan,0,nan,0,nan,0,nan,0,nan,0,nan,0,nan,0
1597988443084920064,1597988443434000128,2020-08-21 13:40:43.434000,3277.2,3300.0,3265.6,3282.0,nan,3281.3,27438,27009446880.0,43313,3277.0,4,3276.8,1,nan,0,nan,0,nan,0,nan,0,nan,0,nan,0,nan,0,nan,0
1597988443554017024,1597988443938999808,2020-08-21 13:40:43.939000,3277.2,3300.0,3265.6,3282.0,nan,3281.3,27438,27009446880.0,43313,3277.0,3,3276.8,1,nan,0,nan,0,nan,0,nan,0,nan,0,nan,0,nan,0,nan,0
1597988444089003008,1597988444435000064,2020-08-21 13:40:44.435000,3277.0,3300.0,3265.6,3282.0,nan,3281.3,27441,27012396180.0,43316,3277.4,2,3277.2,2,nan,0,nan,0,nan,0,nan,0,nan,0,nan,0,nan,0,nan,0
1597988444568369920,1597988444905999872,2020-08-21 13:40:44.906000,3277.6,3300.0,3265.6,3282.0,nan,3281.3,27444,27015345900.0,43317,3277.4,2,3277.0,1,nan,0,nan,0,nan,0,nan,0,nan,0,nan,0,nan,0,nan,0
1597988445067558912,1597988445427000064,2020-08-21 13:40:45.427000,3278.0,3300.0,3265.6,3282.0,nan,3281.3,27452,27023212800.0,43316,3278.0,1,3277.0,2,nan,0,nan,0,nan,0,nan,0,nan,0,nan,0,nan,0,nan,0
1597988445580599040,1597988445926000128,2020-08-21 13:40:45.926000,3278.0,3300.0,3265.6,3282.0,nan,3281.3,27452,27023212800.0,43316,3277.8,1,3277.2,2,nan,0,nan,0,nan,0,nan,0,nan,0,nan,0,nan,0,nan,0
1597988446086576896,1597988446435000064,2020-08-21 13:40:46.435000,3277.4,3300.0,3265.6,3282.0,nan,3281.3,27453,27024196020.0,43317,3277.4,1,3277.2,2,nan,0,nan,0,nan,0,nan,0,nan,0,nan,0,nan,0,nan,0
1597988446560140032,1597988446924999936,2020-08-21 13:40:46.925000,3277.4,3300.0,3265.6,3282.0,nan,3281.3,27454,27025179240.0,43318,3277.8,1,3277.6,1,nan,0,nan,0,nan,0,nan,0,nan,0,nan,0,nan,0,nan,0
1597988447078621952,1597988447360999936,2020-08-21 13:40:47.361000,3277.6,3300.0,3265.6,3282.0,nan,3281.3,27455,27026162520.0,43318,3277.6,4,3277.4,2,nan,0,nan,0,nan,0,nan,0,nan,0,nan,0,nan,0,nan,0
1597988447573741056,1597988447936999936,2020-08-21 13:40:47.937000,3277.4,3300.0,3265.6,3282.0,nan,3281.3,27459,27030095580.0,43319,3277.6,1,3277.4,2,nan,0,nan,0,nan,0,nan,0,nan,0,nan,0,nan,0,nan,0
1597988448080593920,1597988448424999936,2020-08-21 13:40:48.425000,3277.6,3300.0,3265.6,3282.0,nan,3281.3,27460,27031078860.0,43320,3277.6,1,3277.4,4,nan,0,nan,0,nan,0,nan,0,nan,0,nan,0,nan,0,nan,0
1597988448565987072,1597988448924999936,2020-08-21 13:40:48.925000,3277.6,3300.0,3265.6,3282.0,nan,3281.3,27461,27032062140.0,43321,3277.8,2,3277.4,4,nan,0,nan,0,nan,0,nan,0,nan,0,nan,0,nan,0,nan,0
1597988449059241984,1597988449431000064,2020-08-21 13:40:49.431000,3277.6,3300.0,3265.6,3282.0,nan,3281.3,27461,27032062140.0,43321,3277.8,2,3277.6,5,nan,0,nan,0,nan,0,nan,0,nan,0,nan,0,nan,0,nan,0
1597988449556442880,1597988449894000128,2020-08-21 13:40:49.894000,3277.6,3300.0,3265.6,3282.0,nan,3281.3,27463,27034028760.0,43322,3277.8,1,3277.6,4,nan,0,nan,0,nan,0,nan,0,nan,0,nan,0,nan,0,nan,0
1597988450072770048,1597988450418999808,2020-08-21 13:40:50.419000,3277.4,3300.0,3265.6,3282.0,nan,3281.3,27468,27038945100.0,43326,3277.6,1,3277.4,4,nan,0,nan,0,nan,0,nan,0,nan,0,nan,0,nan,0,nan,0
1597988450562417920,1597988450928000000,2020-08-21 13:40:50.928000,3277.4,3300.0,3265.6,3282.0,nan,3281.3,27470,27040911540.0,43326,3277.6,1,3277.4,3,nan,0,nan,0,nan,0,nan,0,nan,0,nan,0,nan,0,nan,0
1597988451081347072,1597988451423000064,2020-08-21 13:40:51.423000,3277.0,3300.0,3265.6,3282.0,nan,3281.3,27474,27044844300.0,43329,3277.2,2,3276.8,1,nan,0,nan,0,nan,0,nan,0,nan,0,nan,0,nan,0,nan,0
1597988451565260032,1597988451933000192,2020-08-21 13:40:51.933000,3277.0,3300.0,3265.6,3282.0,nan,3281.3,27474,27044844300.0,43329,3277.4,6,3276.8,2,nan,0,nan,0,nan,0,nan,0,nan,0,nan,0,nan,0,nan,0
1597988452070839040,1597988452424999936,2020-08-21 13:40:52.425000,3276.8,3300.0,3265.6,3282.0,nan,3281.3,27477,27047793600.0,43331,3277.4,4,3276.6,2,nan,0,nan,0,nan,0,nan,0,nan,0,nan,0,nan,0,nan,0
1597988452559177984,1597988452930000128,2020-08-21 13:40:52.930000,3276.8,3300.0,3265.6,3282.0,nan,3281.3,27477,27047793600.0,43331,3277.4,4,3276.6,2,nan,0,nan,0,nan,0,nan,0,nan,0,nan,0,nan,0,nan,0
1597988453079092992,1597988453424999936,2020-08-21 13:40:53.425000,3276.8,3300.0,3265.6,3282.0,nan,3281.3,27477,27047793600.0,43331,3277.2,2,3276.6,2,nan,0,nan,0,nan,0,nan,0,nan,0,nan,0,nan,0,nan,0
1597988453565656064,1597988453932000000,2020-08-21 13:40:53.932000,3276.8,3300.0,3265.6,3282.0,nan,3281.3,27477,27047793600.0,43331,3277.2,2,3276.6,3,nan,0,nan,0,nan,0,nan,0,nan,0,nan,0,nan,0,nan,0
1597988454078033920,1597988454428000000,2020-08-21 13:40:54.428000,3276.8,3300.0,3265.6,3282.0,nan,3281.3,27477,27047793600.0,43331,3277.2,2,3276.6,3,nan,0,nan,0,nan,0,nan,0,nan,0,nan,0,nan,0,nan,0
1597988454560293120,1597988454931000064,2020-08-21 13:40:54.931000,3276.8,3300.0,3265.6,3282.0,nan,3281.3,27477,27047793600.0,43331,3276.8,1,3276.6,3,nan,0,nan,0,nan,0,nan,0,nan,0,nan,0,nan,0,nan,0
1597988455059977984,1597988455435000064,2020-08-21 13:40:55.435000,3276.6,3300.0,3265.6,3282.0,nan,3281.3,27480,27050742540.0,43331,3276.6,1,3276.0,1,nan,0,nan,0,nan,0,nan,0,nan,0,nan,0,nan,0,nan,0
1597988455558010880,1597988455936999936,2020-08-21 13:40:55.937000,3276.6,3300.0,3265.6,3282.0,nan,3281.3,27480,27050742540.0,43331,3276.6,1,3276.0,2,nan,0,nan,0,nan,0,nan,0,nan,0,nan,0,nan,0,nan,0
1597988456078799104,1597988456432000000,2020-08-21 13:40:56.432000,3276.6,3300.0,3265.6,3282.0,nan,3281.3,27481,27051725520.0,43331,3276.8,1,3276.2,1,nan,0,nan,0,nan,0,nan,0,nan,0,nan,0,nan,0,nan,0
1597988457077479936,1597988457434000128,2020-08-21 13:40:57.434000,3276.6,3300.0,3265.6,3282.0,nan,3281.3,27481,27051725520.0,43331,3276.8,1,3276.2,1,nan,0,nan,0,nan,0,nan,0,nan,0,nan,0,nan,0,nan,0
1597988457558509056,1597988457931000064,2020-08-21 13:40:57.931000,3276.4,3300.0,3265.6,3282.0,nan,3281.3,27482,27052708440.0,43332,3276.8,1,3276.2,1,nan,0,nan,0,nan,0,nan,0,nan,0,nan,0,nan,0,nan,0
1597988458060824064,1597988458434000128,2020-08-21 13:40:58.434000,3276.4,3300.0,3265.6,3282.0,nan,3281.3,27482,27052708440.0,43332,3276.8,1,3276.2,1,nan,0,nan,0,nan,0,nan,0,nan,0,nan,0,nan,0,nan,0
1597988458554497024,1597988458926000128,2020-08-21 13:40:58.926000,3276.4,3300.0,3265.6,3282.0,nan,3281.3,27482,27052708440.0,43332,3276.8,1,3276.2,1,nan,0,nan,0,nan,0,nan,0,nan,0,nan,0,nan,0,nan,0
1597988459079472896,1597988459404000000,2020-08-21 13:40:59.404000,3276.4,3300.0,3265.6,3282.0,nan,3281.3,27482,27052708440.0,43332,3276.8,1,3276.2,1,nan,0,nan,0,nan,0,nan,0,nan,0,nan,0,nan,0,nan,0
1597988459561411072,1597988459904000000,2020-08-21 13:40:59.904000,3276.4,3300.0,3265.6,3282.0,nan,3281.3,27482,27052708440.0,43332,3276.8,1,3276.6,1,nan,0,nan,0,nan,0,nan,0,nan,0,nan,0,nan,0,nan,0
1597988460059853056,1597988460424999936,2020-08-21 13:41:00.425000,3276.4,3300.0,3265.6,3282.0,nan,3281.3,27482,27052708440.0,43332,3276.8,1,3276.6,1,nan,0,nan,0,nan,0,nan,0,nan,0,nan,0,nan,0,nan,0
1597988460560616960,1597988460937999872,2020-08-21 13:41:00.938000,3276.8,3300.0,3265.6,3282.0,nan,3281.3,27483,27053691480.0,43333,3277.4,1,3276.8,2,nan,0,nan,0,nan,0,nan,0,nan,0,nan,0,nan,0,nan,0
1597988461059540992,1597988461427000064,2020-08-21 13:41:01.427000,3277.4,3300.0,3265.6,3282.0,nan,3281.3,27484,27054674700.0,43334,3277.8,8,3276.8,3,nan,0,nan,0,nan,0,nan,0,nan,0,nan,0,nan,0,nan,0
1597988461566819072,1597988461891000064,2020-08-21 13:41:01.891000,3277.6,3300.0,3265.6,3282.0,nan,3281.3,27485,27055657980.0,43335,3277.6,4,3277.0,1,nan,0,nan,0,nan,0,nan,0,nan,0,nan,0,nan,0,nan,0
1597988462082727936,1597988462420999936,2020-08-21 13:41:02.421000,3277.6,3300.0,3265.6,3282.0,nan,3281.3,27485,27055657980.0,43335,3277.6,4,3277.2,1,nan,0,nan,0,nan,0,nan,0,nan,0,nan,0,nan,0,nan,0
1597988462576952064,1597988462911000064,2020-08-21 13:41:02.911000,3277.6,3300.0,3265.6,3282.0,nan,3281.3,27485,27055657980.0,43335,3277.6,3,3277.2,1,nan,0,nan,0,nan,0,nan,0,nan,0,nan,0,nan,0,nan,0
1597988463081106944,1597988463430000128,2020-08-21 13:41:03.430000,3277.2,3300.0,3265.6,3282.0,nan,3281.3,27486,27056641140.0,43336,3277.6,3,3277.0,1,nan,0,nan,0,nan,0,nan,0,nan,0,nan,0,nan,0,nan,0
1597988463578412032,1597988463935000064,2020-08-21 13:41:03.935000,3277.2,3300.0,3265.6,3282.0,nan,3281.3,27486,27056641140.0,43336,3277.6,2,3277.2,1,nan,0,nan,0,nan,0,nan,0,nan,0,nan,0,nan,0,nan,0
1597988464074173952,1597988464432000000,2020-08-21 13:41:04.432000,3277.2,3300.0,3265.6,3282.0,nan,3281.3,27487,27057624300.0,43337,3277.6,4,3277.0,1,nan,0,nan,0,nan,0,nan,0,nan,0,nan,0,nan,0,nan,0
1597988465088666112,1597988465426000128,2020-08-21 13:41:05.426000,3276.8,3300.0,3265.6,3282.0,nan,3281.3,27489,27059590440.0,43337,3277.6,4,3276.8,1,nan,0,nan,0,nan,0,nan,0,nan,0,nan,0,nan,0,nan,0
1597988465574703104,1597988465921999872,2020-08-21 13:41:05.922000,3276.8,3300.0,3265.6,3282.0,nan,3281.3,27490,27060573480.0,43337,3276.8,1,3276.6,2,nan,0,nan,0,nan,0,nan,0,nan,0,nan,0,nan,0,nan,0
1597988466080679936,1597988466433000192,2020-08-21 13:41:06.433000,3276.8,3300.0,3265.6,3282.0,nan,3281.3,27491,27061556520.0,43337,3277.2,1,3276.8,1,nan,0,nan,0,nan,0,nan,0,nan,0,nan,0,nan,0,nan,0
1597988466559186944,1597988466938999808,2020-08-21 13:41:06.939000,3277.2,3300.0,3265.6,3282.0,nan,3281.3,27492,27062539680.0,43338,3277.6,3,3277.0,1,nan,0,nan,0,nan,0,nan,0,nan,0,nan,0,nan,0,nan,0
1597988467063567104,1597988467434000128,2020-08-21 13:41:07.434000,3277.2,3300.0,3265.6,3282.0,nan,3281.3,27492,27062539680.0,43338,3277.4,5,3277.0,1,nan,0,nan,0,nan,0,nan,0,nan,0,nan,0,nan,0,nan,0
1597988467571016960,1597988467888999936,2020-08-21 13:41:07.889000,3277.0,3300.0,3265.6,3282.0,nan,3281.3,27493,27063522780.0,43339,3277.4,3,3277.2,3,nan,0,nan,0,nan,0,nan,0,nan,0,nan,0,nan,0,nan,0
1597988468080580096,1597988468428000000,2020-08-21 13:41:08.428000,3277.2,3300.0,3265.6,3282.0,nan,3281.3,27495,27065489100.0,43341,3277.4,1,3277.2,2,nan,0,nan,0,nan,0,nan,0,nan,0,nan,0,nan,0,nan,0
1597988468564430080,1597988468913000192,2020-08-21 13:41:08.913000,3277.2,3300.0,3265.6,3282.0,nan,3281.3,27495,27065489100.0,43341,3277.6,2,3277.2,5,nan,0,nan,0,nan,0,nan,0,nan,0,nan,0,nan,0,nan,0
1597988469080098048,1597988469435000064,2020-08-21 13:41:09.435000,3277.2,3300.0,3265.6,3282.0,nan,3281.3,27495,27065489100.0,43341,3277.6,2,3277.2,2,nan,0,nan,0,nan,0,nan,0,nan,0,nan,0,nan,0,nan,0
1597988469572621056,1597988469934000128,2020-08-21 13:41:09.934000,3277.2,3300.0,3265.6,3282.0,nan,3281.3,27497,27067455420.0,43341,3277.2,3,3276.6,2,nan,0,nan,0,nan,0,nan,0,nan,0,nan,0,nan,0,nan,0
1597988470070782976,1597988470438999808,2020-08-21 13:41:10.439000,3277.2,3300.0,3265.6,3282.0,nan,3281.3,27497,27067455420.0,43341,3277.2,4,3276.8,1,nan,0,nan,0,nan,0,nan,0,nan,0,nan,0,nan,0,nan,0
1597988470569841920,1597988470926000128,2020-08-21 13:41:10.926000,3277.2,3300.0,3265.6,3282.0,nan,3281.3,27497,27067455420.0,43341,3277.2,4,3276.8,1,nan,0,nan,0,nan,0,nan,0,nan,0,nan,0,nan,0,nan,0
1597988471080100096,1597988471436000000,2020-08-21 13:41:11.436000,3277.2,3300.0,3265.6,3282.0,nan,3281.3,27497,27067455420.0,43341,3277.0,1,3276.8,1,nan,0,nan,0,nan,0,nan,0,nan,0,nan,0,nan,0,nan,0
1597988471581255936,1597988471927000064,2020-08-21 13:41:11.927000,3277.0,3300.0,3265.6,3282.0,nan,3281.3,27498,27068438520.0,43342,3277.2,4,3277.0,1,nan,0,nan,0,nan,0,nan,0,nan,0,nan,0,nan,0,nan,0
1597988472081114112,1597988472436999936,2020-08-21 13:41:12.437000,3277.0,3300.0,3265.6,3282.0,nan,3281.3,27499,27069421620.0,43343,3277.0,1,3276.8,1,nan,0,nan,0,nan,0,nan,0,nan,0,nan,0,nan,0,nan,0
1597988472567325952,1597988472932000000,2020-08-21 13:41:12.932000,3277.0,3300.0,3265.6,3282.0,nan,3281.3,27499,27069421620.0,43343,3277.0,1,3276.8,1,nan,0,nan,0,nan,0,nan,0,nan,0,nan,0,nan,0,nan,0
1597988473062885120,1597988473436000000,2020-08-21 13:41:13.436000,3276.8,3300.0,3265.6,3282.0,nan,3281.3,27500,27070404660.0,43344,3277.0,1,3276.6,2,nan,0,nan,0,nan,0,nan,0,nan,0,nan,0,nan,0,nan,0
1597988473568843008,1597988473928999936,2020-08-21 13:41:13.929000,3276.8,3300.0,3265.6,3282.0,nan,3281.3,27500,27070404660.0,43344,3277.0,2,3276.6,2,nan,0,nan,0,nan,0,nan,0,nan,0,nan,0,nan,0,nan,0
1597988474076144128,1597988474404000000,2020-08-21 13:41:14.404000,3276.6,3300.0,3265.6,3282.0,nan,3281.3,27501,27071387640.0,43344,3277.0,4,3276.8,1,nan,0,nan,0,nan,0,nan,0,nan,0,nan,0,nan,0,nan,0
1597988474563525120,1597988474933000192,2020-08-21 13:41:14.933000,3276.6,3300.0,3265.6,3282.0,nan,3281.3,27503,27073353600.0,43346,3276.8,4,3276.4,4,nan,0,nan,0,nan,0,nan,0,nan,0,nan,0,nan,0,nan,0
1597988475088037120,1597988475437999872,2020-08-21 13:41:15.438000,3276.6,3300.0,3265.6,3282.0,nan,3281.3,27503,27073353600.0,43346,3276.8,5,3276.4,4,nan,0,nan,0,nan,0,nan,0,nan,0,nan,0,nan,0,nan,0
1597988475577379072,1597988475930000128,2020-08-21 13:41:15.930000,3276.4,3300.0,3265.6,3282.0,nan,3281.3,27507,27077285280.0,43350,3276.8,4,3276.2,1,nan,0,nan,0,nan,0,nan,0,nan,0,nan,0,nan,0,nan,0
1597988476081928960,1597988476435000064,2020-08-21 13:41:16.435000,3276.4,3300.0,3265.6,3282.0,nan,3281.3,27507,27077285280.0,43350,3276.8,5,3276.2,1,nan,0,nan,0,nan,0,nan,0,nan,0,nan,0,nan,0,nan,0
1597988476574296064,1597988476928000000,2020-08-21 13:41:16.928000,3276.4,3300.0,3265.6,3282.0,nan,3281.3,27507,27077285280.0,43350,3276.8,4,3276.2,1,nan,0,nan,0,nan,0,nan,0,nan,0,nan,0,nan,0,nan,0
1597988477081169920,1597988477436000000,2020-08-21 13:41:17.436000,3276.4,3300.0,3265.6,3282.0,nan,3281.3,27507,27077285280.0,43350,3276.8,4,3276.2,1,nan,0,nan,0,nan,0,nan,0,nan,0,nan,0,nan,0,nan,0
1597988477573153024,1597988477934000128,2020-08-21 13:41:17.934000,3276.4,3300.0,3265.6,3282.0,nan,3281.3,27507,27077285280.0,43350,3276.8,4,3276.2,1,nan,0,nan,0,nan,0,nan,0,nan,0,nan,0,nan,0,nan,0
1597988478081753088,1597988478432000000,2020-08-21 13:41:18.432000,3276.2,3300.0,3265.6,3282.0,nan,3281.3,27508,27078268140.0,43351,3276.8,4,3276.0,3,nan,0,nan,0,nan,0,nan,0,nan,0,nan,0,nan,0,nan,0
1597988478575558912,1597988478927000064,2020-08-21 13:41:18.927000,3276.8,3300.0,3265.6,3282.0,nan,3281.3,27509,27079251180.0,43352,3276.8,3,3276.0,3,nan,0,nan,0,nan,0,nan,0,nan,0,nan,0,nan,0,nan,0
1597988479074438912,1597988479433000192,2020-08-21 13:41:19.433000,3276.8,3300.0,3265.6,3282.0,nan,3281.3,27509,27079251180.0,43352,3276.6,2,3276.0,4,nan,0,nan,0,nan,0,nan,0,nan,0,nan,0,nan,0,nan,0
1597988479575009024,1597988479936000000,2020-08-21 13:41:19.936000,3276.8,3300.0,3265.6,3282.0,nan,3281.3,27509,27079251180.0,43352,3276.6,2,3276.0,4,nan,0,nan,0,nan,0,nan,0,nan,0,nan,0,nan,0,nan,0
1597988480077548032,1597988480416999936,2020-08-21 13:41:20.417000,3276.6,3300.0,3265.6,3282.0,nan,3281.3,27510,27080234160.0,43353,3276.6,2,3276.2,1,nan,0,nan,0,nan,0,nan,0,nan,0,nan,0,nan,0,nan,0
1597988480572099072,1597988480903000064,2020-08-21 13:41:20.903000,3276.2,3300.0,3265.6,3282.0,nan,3281.3,27511,27081217020.0,43354,3276.2,1,3276.0,4,nan,0,nan,0,nan,0,nan,0,nan,0,nan,0,nan,0,nan,0
1597988481084802048,1597988481438999808,2020-08-21 13:41:21.439000,3276.2,3300.0,3265.6,3282.0,nan,3281.3,27512,27082199880.0,43355,3276.6,2,3276.4,1,nan,0,nan,0,nan,0,nan,0,nan,0,nan,0,nan,0,nan,0
1597988481571712000,1597988481937999872,2020-08-21 13:41:21.938000,3276.2,3300.0,3265.6,3282.0,nan,3281.3,27512,27082199880.0,43355,3276.6,2,3276.2,2,nan,0,nan,0,nan,0,nan,0,nan,0,nan,0,nan,0,nan,0
1597988482066539008,1597988482430000128,2020-08-21 13:41:22.430000,3276.6,3300.0,3265.6,3282.0,nan,3281.3,27513,27083182860.0,43355,3276.6,2,3276.2,2,nan,0,nan,0,nan,0,nan,0,nan,0,nan,0,nan,0,nan,0
1597988482579575040,1597988482936000000,2020-08-21 13:41:22.936000,3276.6,3300.0,3265.6,3282.0,nan,3281.3,27514,27084165840.0,43356,3276.6,1,3276.4,1,nan,0,nan,0,nan,0,nan,0,nan,0,nan,0,nan,0,nan,0
1597988483080052992,1597988483434000128,2020-08-21 13:41:23.434000,3276.8,3300.0,3265.6,3282.0,nan,3281.3,27516,27086131860.0,43358,3277.0,3,3276.6,2,nan,0,nan,0,nan,0,nan,0,nan,0,nan,0,nan,0,nan,0
1597988483568911872,1597988483932000000,2020-08-21 13:41:23.932000,3276.6,3300.0,3265.6,3282.0,nan,3281.3,27517,27087114840.0,43358,3277.0,3,3276.6,1,nan,0,nan,0,nan,0,nan,0,nan,0,nan,0,nan,0,nan,0
1597988484086225920,1597988484434000128,2020-08-21 13:41:24.434000,3276.6,3300.0,3265.6,3282.0,nan,3281.3,27518,27088097820.0,43359,3277.0,3,3276.4,1,nan,0,nan,0,nan,0,nan,0,nan,0,nan,0,nan,0,nan,0
1597988484570044928,1597988484915000064,2020-08-21 13:41:24.915000,3276.6,3300.0,3265.6,3282.0,nan,3281.3,27518,27088097820.0,43359,3276.6,1,3276.4,1,nan,0,nan,0,nan,0,nan,0,nan,0,nan,0,nan,0,nan,0
1597988485071008000,1597988485431000064,2020-08-21 13:41:25.431000,3276.6,3300.0,3265.6,3282.0,nan,3281.3,27518,27088097820.0,43359,3276.6,1,3276.4,1,nan,0,nan,0,nan,0,nan,0,nan,0,nan,0,nan,0,nan,0
1597988485572130048,1597988485936000000,2020-08-21 13:41:25.936000,3276.6,3300.0,3265.6,3282.0,nan,3281.3,27518,27088097820.0,43359,3276.6,3,3276.4,1,nan,0,nan,0,nan,0,nan,0,nan,0,nan,0,nan,0,nan,0
1597988486104323072,1597988486437999872,2020-08-21 13:41:26.438000,3276.6,3300.0,3265.6,3282.0,nan,3281.3,27518,27088097820.0,43359,3276.6,3,3276.4,1,nan,0,nan,0,nan,0,nan,0,nan,0,nan,0,nan,0,nan,0
1597988488069281024,1597988488431000064,2020-08-21 13:41:28.431000,3276.6,3300.0,3265.6,3282.0,nan,3281.3,27519,27089080800.0,43359,3276.6,2,3276.4,1,nan,0,nan,0,nan,0,nan,0,nan,0,nan,0,nan,0,nan,0
1597988488580093952,1597988488936999936,2020-08-21 13:41:28.937000,3276.4,3300.0,3265.6,3282.0,nan,3281.3,27520,27090063720.0,43360,3276.6,2,3276.2,1,nan,0,nan,0,nan,0,nan,0,nan,0,nan,0,nan,0,nan,0
1597988489079547904,1597988489436000000,2020-08-21 13:41:29.436000,3276.2,3300.0,3265.6,3282.0,nan,3281.3,27521,27091046580.0,43361,3276.2,1,3276.0,2,nan,0,nan,0,nan,0,nan,0,nan,0,nan,0,nan,0,nan,0
1597988489574557952,1597988489936999936,2020-08-21 13:41:29.937000,3276.2,3300.0,3265.6,3282.0,nan,3281.3,27522,27092029440.0,43362,3276.6,2,3276.0,2,nan,0,nan,0,nan,0,nan,0,nan,0,nan,0,nan,0,nan,0
1597988490076254976,1597988490401999872,2020-08-21 13:41:30.402000,3276.6,3300.0,3265.6,3282.0,nan,3281.3,27524,27093995400.0,43364,3277.0,1,3276.6,5,nan,0,nan,0,nan,0,nan,0,nan,0,nan,0,nan,0,nan,0
1597988490575083008,1597988490935000064,2020-08-21 13:41:30.935000,3276.6,3300.0,3265.6,3282.0,nan,3281.3,27524,27093995400.0,43364,3277.0,1,3276.6,5,nan,0,nan,0,nan,0,nan,0,nan,0,nan,0,nan,0,nan,0
1597988491577242112,1597988491914000128,2020-08-21 13:41:31.914000,3276.6,3300.0,3265.6,3282.0,nan,3281.3,27524,27093995400.0,43364,3276.8,1,3276.6,5,nan,0,nan,0,nan,0,nan,0,nan,0,nan,0,nan,0,nan,0
1597988492083766016,1597988492431000064,2020-08-21 13:41:32.431000,3276.8,3300.0,3265.6,3282.0,nan,3281.3,27525,27094978440.0,43365,3277.0,1,3276.6,5,nan,0,nan,0,nan,0,nan,0,nan,0,nan,0,nan,0,nan,0
1597988492575461120,1597988492917999872,2020-08-21 13:41:32.918000,3276.8,3300.0,3265.6,3282.0,nan,3281.3,27525,27094978440.0,43365,3277.0,1,3276.8,1,nan,0,nan,0,nan,0,nan,0,nan,0,nan,0,nan,0,nan,0
1597988494072370944,1597988494396000000,2020-08-21 13:41:34.396000,3276.8,3300.0,3265.6,3282.0,nan,3281.3,27525,27094978440.0,43365,3277.0,1,3276.8,1,nan,0,nan,0,nan,0,nan,0,nan,0,nan,0,nan,0,nan,0
1597988494582710016,1597988494912000000,2020-08-21 13:41:34.912000,3276.6,3300.0,3265.6,3282.0,nan,3281.3,27527,27096944460.0,43365,3276.8,1,3276.6,4,nan,0,nan,0,nan,0,nan,0,nan,0,nan,0,nan,0,nan,0
1597988495117694976,1597988495416000000,2020-08-21 13:41:35.416000,3276.6,3300.0,3265.6,3282.0,nan,3281.3,27531,27100876380.0,43369,3276.6,1,3276.2,3,nan,0,nan,0,nan,0,nan,0,nan,0,nan,0,nan,0,nan,0
1597988495599291904,1597988495935000064,2020-08-21 13:41:35.935000,3276.6,3300.0,3265.6,3282.0,nan,3281.3,27531,27100876380.0,43369,3276.6,1,3276.4,1,nan,0,nan,0,nan,0,nan,0,nan,0,nan,0,nan,0,nan,0
1597988496110438912,1597988496431000064,2020-08-21 13:41:36.431000,3276.6,3300.0,3265.6,3282.0,nan,3281.3,27533,27102842280.0,43369,3277.0,2,3276.2,3,nan,0,nan,0,nan,0,nan,0,nan,0,nan,0,nan,0,nan,0
1597988496578012928,1597988496937999872,2020-08-21 13:41:36.938000,3276.6,3300.0,3265.6,3282.0,nan,3281.3,27533,27102842280.0,43369,3277.0,3,3276.6,2,nan,0,nan,0,nan,0,nan,0,nan,0,nan,0,nan,0,nan,0
1597988497076901888,1597988497436000000,2020-08-21 13:41:37.436000,3276.6,3300.0,3265.6,3282.0,nan,3281.3,27533,27102842280.0,43369,3276.8,1,3276.6,2,nan,0,nan,0,nan,0,nan,0,nan,0,nan,0,nan,0,nan,0
1597988497574142976,1597988497903000064,2020-08-21 13:41:37.903000,3276.6,3300.0,3265.6,3282.0,nan,3281.3,27534,27103825260.0,43369,3276.8,1,3276.6,1,nan,0,nan,0,nan,0,nan,0,nan,0,nan,0,nan,0,nan,0
1597988498081330944,1597988498437999872,2020-08-21 13:41:38.438000,3276.6,3300.0,3265.6,3282.0,nan,3281.3,27535,27104808240.0,43369,3276.8,1,3276.2,3,nan,0,nan,0,nan,0,nan,0,nan,0,nan,0,nan,0,nan,0
1597988498583868928,1597988498930000128,2020-08-21 13:41:38.930000,3276.6,3300.0,3265.6,3282.0,nan,3281.3,27535,27104808240.0,43369,3276.6,1,3276.4,1,nan,0,nan,0,nan,0,nan,0,nan,0,nan,0,nan,0,nan,0
1597988499078308096,1597988499424000000,2020-08-21 13:41:39.424000,3276.6,3300.0,3265.6,3282.0,nan,3281.3,27536,27105791220.0,43370,3276.8,1,3276.4,2,nan,0,nan,0,nan,0,nan,0,nan,0,nan,0,nan,0,nan,0
1597988499578601984,1597988499934000128,2020-08-21 13:41:39.934000,3276.6,3300.0,3265.6,3282.0,nan,3281.3,27536,27105791220.0,43370,3276.8,1,3276.4,2,nan,0,nan,0,nan,0,nan,0,nan,0,nan,0,nan,0,nan,0
1597988500577236992,1597988500921999872,2020-08-21 13:41:40.922000,3276.6,3300.0,3265.6,3282.0,nan,3281.3,27536,27105791220.0,43370,3276.8,1,3276.4,2,nan,0,nan,0,nan,0,nan,0,nan,0,nan,0,nan,0,nan,0
1597988501108034048,1597988501435000064,2020-08-21 13:41:41.435000,3276.8,3300.0,3265.6,3282.0,nan,3281.3,27538,27107757300.0,43372,3277.0,1,3276.4,3,nan,0,nan,0,nan,0,nan,0,nan,0,nan,0,nan,0,nan,0
1597988501579955968,1597988501934000128,2020-08-21 13:41:41.934000,3276.8,3300.0,3265.6,3282.0,nan,3281.3,27538,27107757300.0,43372,3277.0,1,3276.6,1,nan,0,nan,0,nan,0,nan,0,nan,0,nan,0,nan,0,nan,0
1597988502108475904,1597988502404999936,2020-08-21 13:41:42.405000,3276.8,3300.0,3265.6,3282.0,nan,3281.3,27538,27107757300.0,43372,3277.0,1,3276.6,2,nan,0,nan,0,nan,0,nan,0,nan,0,nan,0,nan,0,nan,0
1597988502584866048,1597988502908999936,2020-08-21 13:41:42.909000,3277.0,3300.0,3265.6,3282.0,nan,3281.3,27539,27108740400.0,43373,3277.2,4,3277.0,2,nan,0,nan,0,nan,0,nan,0,nan,0,nan,0,nan,0,nan,0
1597988503084764928,1597988503397000192,2020-08-21 13:41:43.397000,3277.0,3300.0,3265.6,3282.0,nan,3281.3,27539,27108740400.0,43373,3277.2,4,3276.6,2,nan,0,nan,0,nan,0,nan,0,nan,0,nan,0,nan,0,nan,0
1597988503581576960,1597988503921999872,2020-08-21 13:41:43.922000,3276.8,3300.0,3265.6,3282.0,nan,3281.3,27542,27111689760.0,43374,3277.0,4,3276.6,2,nan,0,nan,0,nan,0,nan,0,nan,0,nan,0,nan,0,nan,0
1597988504121563904,1597988504430000128,2020-08-21 13:41:44.430000,3277.0,3300.0,3265.6,3282.0,nan,3281.3,27545,27114639060.0,43377,3277.0,1,3276.6,2,nan,0,nan,0,nan,0,nan,0,nan,0,nan,0,nan,0,nan,0
1597988504589133056,1597988504926000128,2020-08-21 13:41:44.926000,3277.0,3300.0,3265.6,3282.0,nan,3281.3,27546,27115622160.0,43378,3277.2,2,3277.0,1,nan,0,nan,0,nan,0,nan,0,nan,0,nan,0,nan,0,nan,0
1597988506088273920,1597988506427000064,2020-08-21 13:41:46.427000,3277.0,3300.0,3265.6,3282.0,nan,3281.3,27549,27118571580.0,43377,3277.0,1,3276.8,4,nan,0,nan,0,nan,0,nan,0,nan,0,nan,0,nan,0,nan,0
1597988506583586048,1597988506926000128,2020-08-21 13:41:46.926000,3277.0,3300.0,3265.6,3282.0,nan,3281.3,27551,27120537780.0,43378,3277.6,1,3277.0,4,nan,0,nan,0,nan,0,nan,0,nan,0,nan,0,nan,0,nan,0
1597988507121189120,1597988507423000064,2020-08-21 13:41:47.423000,3277.0,3300.0,3265.6,3282.0,nan,3281.3,27551,27120537780.0,43378,3277.6,5,3277.0,2,nan,0,nan,0,nan,0,nan,0,nan,0,nan,0,nan,0,nan,0
1597988507581070080,1597988507912000000,2020-08-21 13:41:47.912000,3277.0,3300.0,3265.6,3282.0,nan,3281.3,27551,27120537780.0,43378,3277.6,5,3277.0,1,nan,0,nan,0,nan,0,nan,0,nan,0,nan,0,nan,0,nan,0
1597988508106288896,1597988508430000128,2020-08-21 13:41:48.430000,3277.0,3300.0,3265.6,3282.0,nan,3281.3,27551,27120537780.0,43378,3277.6,6,3277.0,1,nan,0,nan,0,nan,0,nan,0,nan,0,nan,0,nan,0,nan,0
1597988508581639936,1597988508938999808,2020-08-21 13:41:48.939000,3277.0,3300.0,3265.6,3282.0,nan,3281.3,27551,27120537780.0,43378,3277.4,2,3277.0,1,nan,0,nan,0,nan,0,nan,0,nan,0,nan,0,nan,0,nan,0
1597988509080412928,1597988509432000000,2020-08-21 13:41:49.432000,3277.4,3300.0,3265.6,3282.0,nan,3281.3,27552,27121521000.0,43379,3277.4,1,3277.0,1,nan,0,nan,0,nan,0,nan,0,nan,0,nan,0,nan,0,nan,0
1597988509583651072,1597988509934000128,2020-08-21 13:41:49.934000,3277.4,3300.0,3265.6,3282.0,nan,3281.3,27552,27121521000.0,43379,3277.4,1,3277.0,1,nan,0,nan,0,nan,0,nan,0,nan,0,nan,0,nan,0,nan,0
1597988510120824064,1597988510437999872,2020-08-21 13:41:50.438000,3277.0,3300.0,3265.6,3282.0,nan,3281.3,27555,27124470420.0,43380,3277.4,1,3276.4,2,nan,0,nan,0,nan,0,nan,0,nan,0,nan,0,nan,0,nan,0
1597988510589790976,1597988510936999936,2020-08-21 13:41:50.937000,3277.2,3300.0,3265.6,3282.0,nan,3281.3,27556,27125453580.0,43380,3277.4,1,3276.6,1,nan,0,nan,0,nan,0,nan,0,nan,0,nan,0,nan,0,nan,0
1597988511109982976,1597988511416999936,2020-08-21 13:41:51.417000,3277.2,3300.0,3265.6,3282.0,nan,3281.3,27556,27125453580.0,43380,3277.4,1,3276.6,1,nan,0,nan,0,nan,0,nan,0,nan,0,nan,0,nan,0,nan,0
1597988511589669888,1597988511924999936,2020-08-21 13:41:51.925000,3277.2,3300.0,3265.6,3282.0,nan,3281.3,27556,27125453580.0,43380,3277.0,1,3276.6,1,nan,0,nan,0,nan,0,nan,0,nan,0,nan,0,nan,0,nan,0
1597988512079723008,1597988512430000128,2020-08-21 13:41:52.430000,3277.2,3300.0,3265.6,3282.0,nan,3281.3,27556,27125453580.0,43380,3277.0,1,3276.6,1,nan,0,nan,0,nan,0,nan,0,nan,0,nan,0,nan,0,nan,0
1597988512578526976,1597988512914000128,2020-08-21 13:41:52.914000,3276.6,3300.0,3265.6,3282.0,nan,3281.3,27557,27126436560.0,43381,3277.0,1,3276.8,1,nan,0,nan,0,nan,0,nan,0,nan,0,nan,0,nan,0,nan,0
1597988513105456128,1597988513436999936,2020-08-21 13:41:53.437000,3276.8,3300.0,3265.6,3282.0,nan,3281.3,27558,27127419600.0,43381,3276.8,3,3276.4,4,nan,0,nan,0,nan,0,nan,0,nan,0,nan,0,nan,0,nan,0
1597988514591184896,1597988514895000064,2020-08-21 13:41:54.895000,3276.8,3300.0,3265.6,3282.0,nan,3281.3,27558,27127419600.0,43381,3276.8,3,3276.4,3,nan,0,nan,0,nan,0,nan,0,nan,0,nan,0,nan,0,nan,0
1597988515085523968,1597988515438999808,2020-08-21 13:41:55.439000,3276.8,3300.0,3265.6,3282.0,nan,3281.3,27559,27128402640.0,43382,3276.8,3,3276.4,2,nan,0,nan,0,nan,0,nan,0,nan,0,nan,0,nan,0,nan,0
1597988515580689920,1597988515927000064,2020-08-21 13:41:55.927000,3276.8,3300.0,3265.6,3282.0,nan,3281.3,27559,27128402640.0,43382,3276.6,1,3276.4,2,nan,0,nan,0,nan,0,nan,0,nan,0,nan,0,nan,0,nan,0
1597988517104157952,1597988517398999808,2020-08-21 13:41:57.399000,3276.8,3300.0,3265.6,3282.0,nan,3281.3,27559,27128402640.0,43382,3276.6,1,3276.4,3,nan,0,nan,0,nan,0,nan,0,nan,0,nan,0,nan,0,nan,0
1597988517600000000,1597988517930000128,2020-08-21 13:41:57.930000,3276.4,3300.0,3265.6,3282.0,nan,3281.3,27562,27131351400.0,43384,3276.6,1,3276.2,2,nan,0,nan,0,nan,0,nan,0,nan,0,nan,0,nan,0,nan,0
1597988518097952000,1597988518431000064,2020-08-21 13:41:58.431000,3276.6,3300.0,3265.6,3282.0,nan,3281.3,27563,27132334380.0,43385,3276.8,3,3276.2,2,nan,0,nan,0,nan,0,nan,0,nan,0,nan,0,nan,0,nan,0
1597988518615272960,1597988518930000128,2020-08-21 13:41:58.930000,3276.6,3300.0,3265.6,3282.0,nan,3281.3,27563,27132334380.0,43385,3276.8,3,3276.2,2,nan,0,nan,0,nan,0,nan,0,nan,0,nan,0,nan,0,nan,0
1597988519084571904,1597988519436000000,2020-08-21 13:41:59.436000,3276.4,3300.0,3265.6,3282.0,nan,3281.3,27564,27133317300.0,43385,3276.8,5,3276.2,2,nan,0,nan,0,nan,0,nan,0,nan,0,nan,0,nan,0,nan,0
1597988519586692096,1597988519936999936,2020-08-21 13:41:59.937000,3276.4,3300.0,3265.6,3282.0,nan,3281.3,27564,27133317300.0,43385,3276.8,5,3276.2,3,nan,0,nan,0,nan,0,nan,0,nan,0,nan,0,nan,0,nan,0
1597988520096702976,1597988520426000128,2020-08-21 13:42:00.426000,3276.4,3300.0,3265.6,3282.0,nan,3281.3,27564,27133317300.0,43385,3276.8,5,3276.2,3,nan,0,nan,0,nan,0,nan,0,nan,0,nan,0,nan,0,nan,0
1597988520586546944,1597988520937999872,2020-08-21 13:42:00.938000,3276.4,3300.0,3265.6,3282.0,nan,3281.3,27564,27133317300.0,43385,3276.8,2,3276.2,3,nan,0,nan,0,nan,0,nan,0,nan,0,nan,0,nan,0,nan,0
1597988521093413120,1597988521368000000,2020-08-21 13:42:01.368000,3276.4,3300.0,3265.6,3282.0,nan,3281.3,27564,27133317300.0,43385,3276.8,2,3276.2,3,nan,0,nan,0,nan,0,nan,0,nan,0,nan,0,nan,0,nan,0
1597988522107557120,1597988522437999872,2020-08-21 13:42:02.438000,3276.4,3300.0,3265.6,3282.0,nan,3281.3,27564,27133317300.0,43385,3276.8,2,3276.4,1,nan,0,nan,0,nan,0,nan,0,nan,0,nan,0,nan,0,nan,0
1597988522601401088,1597988522936000000,2020-08-21 13:42:02.936000,3276.4,3300.0,3265.6,3282.0,nan,3281.3,27564,27133317300.0,43385,3277.4,1,3276.4,2,nan,0,nan,0,nan,0,nan,0,nan,0,nan,0,nan,0,nan,0
1597988523112680960,1597988523433000192,2020-08-21 13:42:03.433000,3276.4,3300.0,3265.6,3282.0,nan,3281.3,27564,27133317300.0,43385,3277.2,2,3276.4,2,nan,0,nan,0,nan,0,nan,0,nan,0,nan,0,nan,0,nan,0
1597988523590884096,1597988523927000064,2020-08-21 13:42:03.927000,3276.4,3300.0,3265.6,3282.0,nan,3281.3,27564,27133317300.0,43385,3277.0,2,3276.6,2,nan,0,nan,0,nan,0,nan,0,nan,0,nan,0,nan,0,nan,0
1597988524109905920,1597988524427000064,2020-08-21 13:42:04.427000,3276.6,3300.0,3265.6,3282.0,nan,3281.3,27566,27135283320.0,43387,3277.2,2,3276.6,1,nan,0,nan,0,nan,0,nan,0,nan,0,nan,0,nan,0,nan,0
1597988524598103040,1597988524913000192,2020-08-21 13:42:04.913000,3276.6,3300.0,3265.6,3282.0,nan,3281.3,27567,27136266300.0,43388,3277.0,2,3276.4,2,nan,0,nan,0,nan,0,nan,0,nan,0,nan,0,nan,0,nan,0
1597988525117725952,1597988525421999872,2020-08-21 13:42:05.422000,3276.6,3300.0,3265.6,3282.0,nan,3281.2,27568,27137249280.0,43389,3277.0,2,3276.6,1,nan,0,nan,0,nan,0,nan,0,nan,0,nan,0,nan,0,nan,0
1597988525588026112,1597988525935000064,2020-08-21 13:42:05.935000,3276.6,3300.0,3265.6,3282.0,nan,3281.2,27568,27137249280.0,43389,3277.0,1,3276.6,1,nan,0,nan,0,nan,0,nan,0,nan,0,nan,0,nan,0,nan,0
1597988526106999040,1597988526364000000,2020-08-21 13:42:06.364000,3276.6,3300.0,3265.6,3282.0,nan,3281.2,27568,27137249280.0,43389,3277.2,3,3276.6,1,nan,0,nan,0,nan,0,nan,0,nan,0,nan,0,nan,0,nan,0
1597988527091368960,1597988527437999872,2020-08-21 13:42:07.438000,3276.6,3300.0,3265.6,3282.0,nan,3281.2,27568,27137249280.0,43389,3276.8,1,3276.6,1,nan,0,nan,0,nan,0,nan,0,nan,0,nan,0,nan,0,nan,0
1597988527594156032,1597988527927000064,2020-08-21 13:42:07.927000,3276.8,3300.0,3265.6,3282.0,nan,3281.2,27569,27138232320.0,43389,3277.2,3,3276.6,1,nan,0,nan,0,nan,0,nan,0,nan,0,nan,0,nan,0,nan,0
1597988528130429952,1597988528432000000,2020-08-21 13:42:08.432000,3276.6,3300.0,3265.6,3282.0,nan,3281.2,27571,27140198280.0,43391,3277.0,2,3276.4,3,nan,0,nan,0,nan,0,nan,0,nan,0,nan,0,nan,0,nan,0
1597988528595664896,1597988528936999936,2020-08-21 13:42:08.937000,3276.6,3300.0,3265.6,3282.0,nan,3281.2,27571,27140198280.0,43391,3276.8,2,3276.4,3,nan,0,nan,0,nan,0,nan,0,nan,0,nan,0,nan,0,nan,0
1597988530606870016,1597988530936999936,2020-08-21 13:42:10.937000,3276.6,3300.0,3265.6,3282.0,nan,3281.2,27571,27140198280.0,43391,3276.8,2,3276.4,3,nan,0,nan,0,nan,0,nan,0,nan,0,nan,0,nan,0,nan,0
1597988531122804992,1597988531428999936,2020-08-21 13:42:11.429000,3276.4,3300.0,3265.6,3282.0,nan,3281.2,27572,27141181200.0,43392,3276.8,2,3276.4,2,nan,0,nan,0,nan,0,nan,0,nan,0,nan,0,nan,0,nan,0
1597988531610103040,1597988531934000128,2020-08-21 13:42:11.934000,3276.4,3300.0,3265.6,3282.0,nan,3281.2,27573,27142164120.0,43393,3276.8,2,3276.4,1,nan,0,nan,0,nan,0,nan,0,nan,0,nan,0,nan,0,nan,0
1597988532108368896,1597988532436000000,2020-08-21 13:42:12.436000,3276.8,3300.0,3265.6,3282.0,nan,3281.2,27574,27143147160.0,43393,3277.0,2,3276.4,1,nan,0,nan,0,nan,0,nan,0,nan,0,nan,0,nan,0,nan,0
1597988532599307008,1597988532935000064,2020-08-21 13:42:12.935000,3276.8,3300.0,3265.6,3282.0,nan,3281.2,27574,27143147160.0,43393,3277.2,2,3276.4,2,nan,0,nan,0,nan,0,nan,0,nan,0,nan,0,nan,0,nan,0
1597988533096587008,1597988533405999872,2020-08-21 13:42:13.406000,3276.8,3300.0,3265.6,3282.0,nan,3281.2,27574,27143147160.0,43393,3276.8,1,3276.4,2,nan,0,nan,0,nan,0,nan,0,nan,0,nan,0,nan,0,nan,0
1597988533601381120,1597988533936999936,2020-08-21 13:42:13.937000,3276.8,3300.0,3265.6,3282.0,nan,3281.2,27574,27143147160.0,43393,3276.8,1,3276.4,2,nan,0,nan,0,nan,0,nan,0,nan,0,nan,0,nan,0,nan,0
1597988534115476992,1597988534424000000,2020-08-21 13:42:14.424000,3276.8,3300.0,3265.6,3282.0,nan,3281.2,27574,27143147160.0,43393,3276.6,1,3276.4,2,nan,0,nan,0,nan,0,nan,0,nan,0,nan,0,nan,0,nan,0
