local_nano_time,quote_nano_time,datetime,last_price,highest,lowest,open,close,average,volume,amount,open_interest,ask_price1,ask_volume1,bid_price1,bid_volume1,ask_price2,ask_volume2,bid_price2,bid_volume2,ask_price3,ask_volume3,bid_price3,bid_volume3,ask_price4,ask_volume4,bid_price4,bid_volume4,ask_price5,ask_volume5,bid_price5,bid_volume5
1597988227102055936,1597988227000000000,2020-08-21 13:37:07.000000,14755.0,14985.0,14720.0,14780.0,nan,14843.001,108590,8059007475.0,115056,14755.0,62,14750.0,63,14760.0,46,14745.0,312,14765.0,16,14740.0,378,14770.0,123,14735.0,300,14775.0,41,14730.0,205
1597988227608954112,1597988227500000000,2020-08-21 13:37:07.500000,14755.0,14985.0,14720.0,14780.0,nan,14843.001,108590,8059007475.0,115056,14755.0,62,14750.0,67,14760.0,46,14745.0,312,14765.0,16,14740.0,378,14770.0,123,14735.0,300,14775.0,41,14730.0,205
1597988230129402880,1597988230000000000,2020-08-21 13:37:10.000000,14755.0,14985.0,14720.0,14780.0,nan,14842.993,108600,8059745225.0,115066,14755.0,53,14750.0,67,14760.0,46,14745.0,312,14765.0,16,14740.0,378,14770.0,123,14735.0,300,14775.0,41,14730.0,205
1597988231121213952,1597988231000000000,2020-08-21 13:37:11.000000,14755.0,14985.0,14720.0,14780.0,nan,14842.992,108601,8059819000.0,115067,14755.0,55,14750.0,67,14760.0,46,14745.0,312,14765.0,16,14740.0,378,14770.0,123,14735.0,300,14775.0,41,14730.0,205
1597988231613195008,1597988231500000000,2020-08-21 13:37:11.500000,14755.0,14985.0,14720.0,14780.0,nan,14842.987,108607,8060261650.0,115067,14755.0,51,14750.0,67,14760.0,46,14745.0,312,14765.0,16,14740.0,378,14770.0,123,14735.0,300,14775.0,41,14730.0,205
1597988232111049984,1597988232000000000,2020-08-21 13:37:12.000000,14755.0,14985.0,14720.0,14780.0,nan,14842.987,108607,8060261650.0,115067,14755.0,51,14750.0,62,14760.0,46,14745.0,312,14765.0,16,14740.0,378,14770.0,123,14735.0,300,14775.0,41,14730.0,205
1597988233115128064,1597988233000000000,2020-08-21 13:37:13.000000,14755.0,14985.0,14720.0,14780.0,nan,14842.987,108607,8060261650.0,115067,14755.0,51,14750.0,52,14760.0,46,14745.0,312,14765.0,16,14740.0,378,14770.0,123,14735.0,300,14775.0,41,14730.0,205
1597988233613808128,1597988233500000000,2020-08-21 13:37:13.500000,14755.0,14985.0,14720.0,14780.0,nan,14842.987,108607,8060261650.0,115067,14755.0,51,14750.0,102,14760.0,46,14745.0,262,14765.0,16,14740.0,378,14770.0,123,14735.0,300,14775.0,41,14730.0,205
1597988234124771072,1597988234000000000,2020-08-21 13:37:14.000000,14755.0,14985.0,14720.0,14780.0,nan,14842.987,108607,8060261650.0,115067,14755.0,51,14750.0,104,14760.0,46,14745.0,262,14765.0,16,14740.0,378,14770.0,123,14735.0,300,14775.0,41,14730.0,205
1597988234618340096,1597988234500000000,2020-08-21 13:37:14.500000,14755.0,14985.0,14720.0,14780.0,nan,14842.987,108607,8060261650.0,115067,14755.0,52,14750.0,104,14760.0,45,14745.0,262,14765.0,16,14740.0,378,14770.0,123,14735.0,300,14775.0,41,14730.0,205
1597988235125161984,1597988235000000000,2020-08-21 13:37:15.000000,14755.0,14985.0,14720.0,14780.0,nan,14842.987,108607,8060261650.0,115067,14755.0,52,14750.0,104,14760.0,44,14745.0,262,14765.0,16,14740.0,378,14770.0,123,14735.0,300,14775.0,41,14730.0,205
1597988235619983104,1597988235500000000,2020-08-21 13:37:15.500000,14755.0,14985.0,14720.0,14780.0,nan,14842.987,108607,8060261650.0,115067,14755.0,53,14750.0,104,14760.0,43,14745.0,262,14765.0,16,14740.0,378,14770.0,123,14735.0,300,14775.0,41,14730.0,205
1597988240607049984,1597988240500000000,2020-08-21 13:37:20.500000,14755.0,14985.0,14720.0,14780.0,nan,14842.987,108607,8060261650.0,115067,14755.0,54,14750.0,104,14760.0,43,14745.0,262,14765.0,16,14740.0,378,14770.0,123,14735.0,300,14775.0,41,14730.0,205
1597988242122106112,1597988242000000000,2020-08-21 13:37:22.000000,14755.0,14985.0,14720.0,14780.0,nan,14842.944,108661,8064245500.0,115104,14760.0,43,14755.0,4,14765.0,17,14750.0,104,14770.0,123,14745.0,262,14775.0,41,14740.0,378,14780.0,27,14735.0,300
1597988242616312064,1597988242500000000,2020-08-21 13:37:22.500000,14755.0,14985.0,14720.0,14780.0,nan,14842.939,108667,8064688150.0,115103,14755.0,7,14750.0,104,14760.0,44,14745.0,262,14765.0,17,14740.0,378,14770.0,123,14735.0,300,14775.0,41,14730.0,205
1597988243108346880,1597988243000000000,2020-08-21 13:37:23.000000,14755.0,14985.0,14720.0,14780.0,nan,14842.935,108672,8065057025.0,115103,14755.0,13,14750.0,105,14760.0,44,14745.0,262,14765.0,17,14740.0,378,14770.0,123,14735.0,300,14775.0,41,14730.0,205
1597988243606693888,1597988243500000000,2020-08-21 13:37:23.500000,14755.0,14985.0,14720.0,14780.0,nan,14842.935,108672,8065057025.0,115103,14755.0,14,14750.0,105,14760.0,44,14745.0,262,14765.0,17,14740.0,378,14770.0,123,14735.0,300,14775.0,41,14730.0,205
1597988245118252032,1597988245000000000,2020-08-21 13:37:25.000000,14755.0,14985.0,14720.0,14780.0,nan,14842.934,108673,8065130800.0,115102,14755.0,13,14750.0,105,14760.0,44,14745.0,262,14765.0,17,14740.0,378,14770.0,123,14735.0,300,14775.0,41,14730.0,205
1597988246634383104,1597988246500000000,2020-08-21 13:37:26.500000,14755.0,14985.0,14720.0,14780.0,nan,14842.926,108683,8065868550.0,115102,14755.0,3,14750.0,105,14760.0,44,14745.0,262,14765.0,17,14740.0,378,14770.0,123,14735.0,300,14775.0,41,14730.0,205
1597988247120631040,1597988247000000000,2020-08-21 13:37:27.000000,14755.0,14985.0,14720.0,14780.0,nan,14842.925,108684,8065942325.0,115102,14755.0,6,14750.0,105,14760.0,44,14745.0,262,14765.0,17,14740.0,378,14770.0,123,14735.0,300,14775.0,41,14730.0,205
1597988247606864896,1597988247500000000,2020-08-21 13:37:27.500000,14755.0,14985.0,14720.0,14780.0,nan,14842.925,108684,8065942325.0,115102,14755.0,7,14750.0,105,14760.0,44,14745.0,262,14765.0,17,14740.0,378,14770.0,123,14735.0,300,14775.0,41,14730.0,205
1597988248628339968,1597988248500000000,2020-08-21 13:37:28.500000,14755.0,14985.0,14720.0,14780.0,nan,14842.925,108684,8065942325.0,115102,14755.0,9,14750.0,105,14760.0,44,14745.0,262,14765.0,17,14740.0,378,14770.0,123,14735.0,300,14775.0,41,14730.0,205
1597988251610767104,1597988251500000000,2020-08-21 13:37:31.500000,14755.0,14985.0,14720.0,14780.0,nan,14842.924,108685,8066016100.0,115103,14755.0,8,14750.0,105,14760.0,44,14745.0,262,14765.0,17,14740.0,378,14770.0,123,14735.0,300,14775.0,41,14730.0,205
1597988252607313920,1597988252500000000,2020-08-21 13:37:32.500000,14755.0,14985.0,14720.0,14780.0,nan,14842.923,108686,8066089875.0,115104,14755.0,7,14750.0,105,14760.0,44,14745.0,262,14765.0,17,14740.0,378,14770.0,123,14735.0,300,14775.0,41,14730.0,205
1597988254111813120,1597988254000000000,2020-08-21 13:37:34.000000,14755.0,14985.0,14720.0,14780.0,nan,14842.923,108686,8066089875.0,115104,14755.0,27,14750.0,105,14760.0,44,14745.0,262,14765.0,17,14740.0,378,14770.0,123,14735.0,300,14775.0,41,14730.0,205
1597988254616275968,1597988254500000000,2020-08-21 13:37:34.500000,14755.0,14985.0,14720.0,14780.0,nan,14842.923,108686,8066089875.0,115104,14755.0,32,14750.0,105,14760.0,44,14745.0,262,14765.0,17,14740.0,378,14770.0,123,14735.0,300,14775.0,41,14730.0,205
1597988255100146944,1597988255000000000,2020-08-21 13:37:35.000000,14755.0,14985.0,14720.0,14780.0,nan,14842.923,108686,8066089875.0,115104,14755.0,33,14750.0,105,14760.0,44,14745.0,262,14765.0,17,14740.0,378,14770.0,123,14735.0,300,14775.0,41,14730.0,205
1597988255612303104,1597988255500000000,2020-08-21 13:37:35.500000,14755.0,14985.0,14720.0,14780.0,nan,14842.923,108686,8066089875.0,115104,14755.0,34,14750.0,105,14760.0,44,14745.0,262,14765.0,17,14740.0,378,14770.0,123,14735.0,300,14775.0,41,14730.0,205
1597988257608753920,1597988257500000000,2020-08-21 13:37:37.500000,14755.0,14985.0,14720.0,14780.0,nan,14842.923,108686,8066089875.0,115104,14755.0,34,14750.0,115,14760.0,44,14745.0,262,14765.0,17,14740.0,378,14770.0,123,14735.0,300,14775.0,41,14730.0,205
1597988259119375104,1597988259000000000,2020-08-21 13:37:39.000000,14755.0,14985.0,14720.0,14780.0,nan,14842.923,108686,8066089875.0,115104,14755.0,35,14750.0,115,14760.0,44,14745.0,262,14765.0,17,14740.0,378,14770.0,123,14735.0,300,14775.0,41,14730.0,205
1597988259613881088,1597988259500000000,2020-08-21 13:37:39.500000,14755.0,14985.0,14720.0,14780.0,nan,14842.923,108686,8066089875.0,115104,14755.0,37,14750.0,115,14760.0,44,14745.0,262,14765.0,17,14740.0,378,14770.0,123,14735.0,300,14775.0,41,14730.0,205
1597988260116389888,1597988260000000000,2020-08-21 13:37:40.000000,14755.0,14985.0,14720.0,14780.0,nan,14842.923,108687,8066163650.0,115105,14755.0,41,14750.0,115,14760.0,44,14745.0,262,14765.0,17,14740.0,378,14770.0,123,14735.0,300,14775.0,41,14730.0,205
1597988260601572096,1597988260500000000,2020-08-21 13:37:40.500000,14755.0,14985.0,14720.0,14780.0,nan,14842.923,108687,8066163650.0,115105,14755.0,44,14750.0,115,14760.0,44,14745.0,262,14765.0,17,14740.0,378,14770.0,123,14735.0,300,14775.0,41,14730.0,205
1597988261126526976,1597988261000000000,2020-08-21 13:37:41.000000,14755.0,14985.0,14720.0,14780.0,nan,14842.888,108730,8069335975.0,115129,14755.0,1,14750.0,111,14760.0,44,14745.0,262,14765.0,17,14740.0,378,14770.0,123,14735.0,300,14775.0,41,14730.0,205
1597988261601257984,1597988261500000000,2020-08-21 13:37:41.500000,14755.0,14985.0,14720.0,14780.0,nan,14842.885,108734,8069631075.0,115129,14760.0,44,14755.0,14,14765.0,17,14750.0,111,14770.0,123,14745.0,262,14775.0,41,14740.0,378,14780.0,27,14735.0,300
1597988262107952128,1597988262000000000,2020-08-21 13:37:42.000000,14755.0,14985.0,14720.0,14780.0,nan,14842.882,108737,8069852400.0,115129,14760.0,44,14755.0,12,14765.0,17,14750.0,112,14770.0,123,14745.0,262,14775.0,41,14740.0,378,14780.0,27,14735.0,300
1597988262623150080,1597988262500000000,2020-08-21 13:37:42.500000,14755.0,14985.0,14720.0,14780.0,nan,14842.879,108741,8070147500.0,115129,14760.0,44,14755.0,8,14765.0,17,14750.0,112,14770.0,123,14745.0,262,14775.0,41,14740.0,378,14780.0,27,14735.0,300
1597988264605658880,1597988264500000000,2020-08-21 13:37:44.500000,14755.0,14985.0,14720.0,14780.0,nan,14842.872,108749,8070737700.0,115128,14760.0,44,14750.0,112,14765.0,17,14745.0,262,14770.0,123,14740.0,378,14775.0,41,14735.0,300,14780.0,27,14730.0,205
1597988265608366080,1597988265500000000,2020-08-21 13:37:45.500000,14755.0,14985.0,14720.0,14780.0,nan,14842.872,108749,8070737700.0,115128,14760.0,44,14750.0,111,14765.0,17,14745.0,262,14770.0,123,14740.0,378,14775.0,41,14735.0,300,14780.0,27,14730.0,205
1597988266607558912,1597988266500000000,2020-08-21 13:37:46.500000,14755.0,14985.0,14720.0,14780.0,nan,14842.872,108749,8070737700.0,115128,14760.0,49,14750.0,112,14765.0,17,14745.0,262,14770.0,123,14740.0,378,14775.0,41,14735.0,300,14780.0,27,14730.0,205
1597988269618489088,1597988269500000000,2020-08-21 13:37:49.500000,14760.0,14985.0,14720.0,14780.0,nan,14842.872,108750,8070811500.0,115127,14760.0,48,14750.0,112,14765.0,17,14745.0,262,14770.0,123,14740.0,378,14775.0,41,14735.0,300,14780.0,27,14730.0,205
1597988273601700096,1597988273500000000,2020-08-21 13:37:53.500000,14750.0,14985.0,14720.0,14780.0,nan,14842.776,108862,8079071500.0,115111,14750.0,400,14745.0,261,14755.0,12,14740.0,378,14760.0,48,14735.0,300,14765.0,17,14730.0,205,14770.0,123,14725.0,244
1597988274103971072,1597988274000000000,2020-08-21 13:37:54.000000,14750.0,14985.0,14720.0,14780.0,nan,14842.768,108872,8079809000.0,115101,14750.0,399,14745.0,249,14755.0,13,14740.0,378,14760.0,51,14735.0,301,14765.0,17,14730.0,205,14770.0,123,14725.0,244
1597988274615494912,1597988274500000000,2020-08-21 13:37:54.500000,14750.0,14985.0,14720.0,14780.0,nan,14842.765,108875,8080030250.0,115098,14750.0,395,14745.0,249,14755.0,13,14740.0,376,14760.0,47,14735.0,301,14765.0,17,14730.0,205,14770.0,123,14725.0,244
1597988275114313984,1597988275000000000,2020-08-21 13:37:55.000000,14750.0,14985.0,14720.0,14780.0,nan,14842.765,108875,8080030250.0,115098,14750.0,395,14745.0,249,14755.0,13,14740.0,376,14760.0,42,14735.0,301,14765.0,17,14730.0,206,14770.0,123,14725.0,244
1597988277606807040,1597988277500000000,2020-08-21 13:37:57.500000,14750.0,14985.0,14720.0,14780.0,nan,14842.765,108875,8080030250.0,115098,14750.0,395,14745.0,249,14755.0,13,14740.0,377,14760.0,42,14735.0,301,14765.0,17,14730.0,206,14770.0,123,14725.0,244
1597988278116710912,1597988278000000000,2020-08-21 13:37:58.000000,14750.0,14985.0,14720.0,14780.0,nan,14842.765,108875,8080030250.0,115098,14750.0,20,14745.0,249,14755.0,13,14740.0,376,14760.0,41,14735.0,301,14765.0,17,14730.0,206,14770.0,123,14725.0,244
1597988278617440000,1597988278500000000,2020-08-21 13:37:58.500000,14745.0,14985.0,14720.0,14780.0,nan,14842.483,109194,8103550375.0,114902,14745.0,99,14740.0,377,14750.0,8,14735.0,301,14755.0,7,14730.0,206,14760.0,34,14725.0,244,14765.0,17,14720.0,165
1597988279119572992,1597988279000000000,2020-08-21 13:37:59.000000,14745.0,14985.0,14720.0,14780.0,nan,14842.445,109236,8106646825.0,114901,14745.0,69,14740.0,377,14750.0,10,14735.0,300,14755.0,12,14730.0,167,14760.0,35,14725.0,245,14765.0,18,14720.0,165
1597988279622109952,1597988279500000000,2020-08-21 13:37:59.500000,14745.0,14985.0,14720.0,14780.0,nan,14842.42,109264,8108711125.0,114894,14745.0,44,14740.0,376,14750.0,10,14735.0,300,14755.0,12,14730.0,167,14760.0,65,14725.0,245,14765.0,26,14720.0,165
1597988280107379968,1597988280000000000,2020-08-21 13:38:00.000000,14745.0,14985.0,14720.0,14780.0,nan,14842.416,109269,8109079750.0,114894,14745.0,39,14740.0,376,14750.0,10,14735.0,300,14755.0,12,14730.0,167,14760.0,65,14725.0,245,14765.0,26,14720.0,165
1597988280609989888,1597988280500000000,2020-08-21 13:38:00.500000,14745.0,14985.0,14720.0,14780.0,nan,14842.416,109269,8109079750.0,114894,14745.0,42,14740.0,377,14750.0,10,14735.0,300,14755.0,12,14730.0,167,14760.0,65,14725.0,245,14765.0,26,14720.0,165
1597988281109404928,1597988281000000000,2020-08-21 13:38:01.000000,14745.0,14985.0,14720.0,14780.0,nan,14842.416,109269,8109079750.0,114894,14745.0,45,14740.0,377,14750.0,12,14735.0,300,14755.0,12,14730.0,167,14760.0,65,14725.0,245,14765.0,26,14720.0,165
1597988282126213120,1597988282000000000,2020-08-21 13:38:02.000000,14745.0,14985.0,14720.0,14780.0,nan,14842.416,109269,8109079750.0,114894,14745.0,45,14740.0,378,14750.0,12,14735.0,300,14755.0,12,14730.0,167,14760.0,65,14725.0,245,14765.0,26,14720.0,165
1597988282628877056,1597988282500000000,2020-08-21 13:38:02.500000,14745.0,14985.0,14720.0,14780.0,nan,14842.404,109282,8110038175.0,114894,14745.0,32,14740.0,378,14750.0,12,14735.0,300,14755.0,12,14730.0,167,14760.0,66,14725.0,245,14765.0,26,14720.0,165
1597988283113004032,1597988283000000000,2020-08-21 13:38:03.000000,14745.0,14985.0,14720.0,14780.0,nan,14842.404,109282,8110038175.0,114894,14745.0,33,14740.0,378,14750.0,12,14735.0,300,14755.0,12,14730.0,167,14760.0,66,14725.0,245,14765.0,26,14720.0,165
1597988283619213056,1597988283500000000,2020-08-21 13:38:03.500000,14745.0,14985.0,14720.0,14780.0,nan,14842.404,109282,8110038175.0,114894,14745.0,34,14740.0,378,14750.0,12,14735.0,300,14755.0,12,14730.0,167,14760.0,66,14725.0,245,14765.0,26,14720.0,165
1597988284126132992,1597988284000000000,2020-08-21 13:38:04.000000,14745.0,14985.0,14720.0,14780.0,nan,14842.404,109282,8110038175.0,114894,14745.0,34,14740.0,378,14750.0,12,14735.0,301,14755.0,12,14730.0,167,14760.0,66,14725.0,245,14765.0,26,14720.0,165
1597988284600857088,1597988284500000000,2020-08-21 13:38:04.500000,14745.0,14985.0,14720.0,14780.0,nan,14842.404,109282,8110038175.0,114894,14745.0,34,14740.0,378,14750.0,12,14735.0,301,14755.0,12,14730.0,167,14760.0,36,14725.0,245,14765.0,26,14720.0,165
1597988285117257984,1597988285000000000,2020-08-21 13:38:05.000000,14745.0,14985.0,14720.0,14780.0,nan,14842.374,109316,8112544825.0,114916,14750.0,12,14745.0,16,14755.0,12,14740.0,378,14760.0,51,14735.0,301,14765.0,26,14730.0,167,14770.0,162,14725.0,245
1597988285623055104,1597988285500000000,2020-08-21 13:38:05.500000,14745.0,14985.0,14720.0,14780.0,nan,14842.374,109316,8112544825.0,114916,14750.0,45,14745.0,25,14755.0,13,14740.0,377,14760.0,36,14735.0,301,14765.0,26,14730.0,167,14770.0,162,14725.0,245
1597988286118390016,1597988286000000000,2020-08-21 13:38:06.000000,14745.0,14985.0,14720.0,14780.0,nan,14842.346,109347,8114830300.0,114909,14750.0,47,14740.0,377,14755.0,13,14735.0,301,14760.0,36,14730.0,167,14765.0,26,14725.0,245,14770.0,162,14720.0,165
1597988286618778880,1597988286500000000,2020-08-21 13:38:06.500000,14745.0,14985.0,14720.0,14780.0,nan,14842.346,109347,8114830300.0,114909,14750.0,47,14740.0,376,14755.0,13,14735.0,301,14760.0,36,14730.0,167,14765.0,26,14725.0,245,14770.0,162,14720.0,165
1597988288116651008,1597988288000000000,2020-08-21 13:38:08.000000,14745.0,14985.0,14720.0,14780.0,nan,14842.346,109347,8114830300.0,114909,14750.0,48,14740.0,376,14755.0,13,14735.0,301,14760.0,36,14730.0,167,14765.0,26,14725.0,245,14770.0,162,14720.0,165
1597988288609970944,1597988288500000000,2020-08-21 13:38:08.500000,14745.0,14985.0,14720.0,14780.0,nan,14842.346,109347,8114830300.0,114909,14745.0,6,14740.0,376,14750.0,52,14735.0,301,14755.0,13,14730.0,167,14760.0,36,14725.0,245,14765.0,26,14720.0,165
1597988289103763968,1597988289000000000,2020-08-21 13:38:09.000000,14745.0,14985.0,14720.0,14780.0,nan,14842.345,109349,8114977750.0,114911,14745.0,5,14740.0,376,14750.0,52,14735.0,301,14755.0,13,14730.0,167,14760.0,36,14725.0,245,14765.0,26,14720.0,165
1597988289619433984,1597988289500000000,2020-08-21 13:38:09.500000,14745.0,14985.0,14720.0,14780.0,nan,14842.345,109349,8114977750.0,114911,14745.0,5,14740.0,376,14750.0,52,14735.0,301,14755.0,14,14730.0,167,14760.0,36,14725.0,245,14765.0,26,14720.0,165
1597988290115310080,1597988290000000000,2020-08-21 13:38:10.000000,14745.0,14985.0,14720.0,14780.0,nan,14842.345,109349,8114977750.0,114911,14745.0,5,14740.0,375,14750.0,52,14735.0,301,14755.0,14,14730.0,167,14760.0,36,14725.0,245,14765.0,26,14720.0,165
1597988291620264960,1597988291500000000,2020-08-21 13:38:11.500000,14745.0,14985.0,14720.0,14780.0,nan,14842.344,109350,8115051475.0,114912,14745.0,4,14740.0,375,14750.0,52,14735.0,301,14755.0,14,14730.0,167,14760.0,36,14725.0,245,14765.0,26,14720.0,165
1597988295131209984,1597988295000000000,2020-08-21 13:38:15.000000,14745.0,14985.0,14720.0,14780.0,nan,14842.336,109359,8115715000.0,114921,14750.0,52,14745.0,91,14755.0,14,14740.0,375,14760.0,36,14735.0,301,14765.0,26,14730.0,167,14770.0,162,14725.0,245
1597988295619364096,1597988295500000000,2020-08-21 13:38:15.500000,14745.0,14985.0,14720.0,14780.0,nan,14842.336,109359,8115715000.0,114921,14750.0,59,14745.0,93,14755.0,14,14740.0,376,14760.0,36,14735.0,301,14765.0,26,14730.0,167,14770.0,162,14725.0,245
1597988296608891904,1597988296500000000,2020-08-21 13:38:16.500000,14745.0,14985.0,14720.0,14780.0,nan,14842.336,109359,8115715000.0,114921,14750.0,59,14745.0,93,14755.0,13,14740.0,376,14760.0,36,14735.0,301,14765.0,26,14730.0,167,14770.0,162,14725.0,245
1597988297120793088,1597988297000000000,2020-08-21 13:38:17.000000,14750.0,14985.0,14720.0,14780.0,nan,14842.335,109360,8115788750.0,114922,14750.0,58,14745.0,93,14755.0,14,14740.0,376,14760.0,36,14735.0,301,14765.0,26,14730.0,167,14770.0,162,14725.0,245
1597988299627062016,1597988299500000000,2020-08-21 13:38:19.500000,14750.0,14985.0,14720.0,14780.0,nan,14842.335,109360,8115788750.0,114922,14750.0,58,14745.0,94,14755.0,14,14740.0,376,14760.0,36,14735.0,301,14765.0,26,14730.0,167,14770.0,162,14725.0,245
1597988300114262016,1597988300000000000,2020-08-21 13:38:20.000000,14750.0,14985.0,14720.0,14780.0,nan,14842.335,109360,8115788750.0,114922,14750.0,57,14745.0,94,14755.0,14,14740.0,376,14760.0,36,14735.0,301,14765.0,26,14730.0,167,14770.0,162,14725.0,245
1597988301838541056,1597988301500000000,2020-08-21 13:38:21.500000,14750.0,14985.0,14720.0,14780.0,nan,14842.335,109360,8115788750.0,114922,14750.0,57,14745.0,94,14755.0,13,14740.0,376,14760.0,36,14735.0,301,14765.0,26,14730.0,167,14770.0,162,14725.0,245
1597988302132720128,1597988302000000000,2020-08-21 13:38:22.000000,14750.0,14985.0,14720.0,14780.0,nan,14842.335,109360,8115788750.0,114922,14750.0,58,14745.0,94,14755.0,13,14740.0,376,14760.0,36,14735.0,301,14765.0,26,14730.0,167,14770.0,162,14725.0,245
1597988302607424000,1597988302500000000,2020-08-21 13:38:22.500000,14750.0,14985.0,14720.0,14780.0,nan,14842.335,109360,8115788750.0,114922,14750.0,59,14745.0,94,14755.0,13,14740.0,376,14760.0,36,14735.0,301,14765.0,26,14730.0,167,14770.0,162,14725.0,245
1597988303794352896,1597988303500000000,2020-08-21 13:38:23.500000,14750.0,14985.0,14720.0,14780.0,nan,14842.335,109360,8115788750.0,114922,14750.0,59,14745.0,94,14755.0,13,14740.0,376,14760.0,36,14735.0,298,14765.0,26,14730.0,167,14770.0,162,14725.0,245
1597988307614470912,1597988307500000000,2020-08-21 13:38:27.500000,14750.0,14985.0,14720.0,14780.0,nan,14842.335,109360,8115788750.0,114922,14750.0,60,14745.0,94,14755.0,13,14740.0,376,14760.0,36,14735.0,298,14765.0,26,14730.0,167,14770.0,162,14725.0,245
1597988308120530944,1597988308000000000,2020-08-21 13:38:28.000000,14750.0,14985.0,14720.0,14780.0,nan,14842.334,109361,8115862500.0,114923,14750.0,59,14745.0,94,14755.0,13,14740.0,376,14760.0,36,14735.0,298,14765.0,26,14730.0,167,14770.0,162,14725.0,245
1597988309798073088,1597988309500000000,2020-08-21 13:38:29.500000,14750.0,14985.0,14720.0,14780.0,nan,14842.333,109362,8115936250.0,114924,14750.0,58,14745.0,94,14755.0,13,14740.0,376,14760.0,36,14735.0,298,14765.0,26,14730.0,167,14770.0,162,14725.0,245
1597988312626966016,1597988312500000000,2020-08-21 13:38:32.500000,14750.0,14985.0,14720.0,14780.0,nan,14842.333,109362,8115936250.0,114924,14750.0,61,14745.0,94,14755.0,13,14740.0,376,14760.0,36,14735.0,298,14765.0,26,14730.0,167,14770.0,162,14725.0,245
1597988313111326976,1597988313000000000,2020-08-21 13:38:33.000000,14750.0,14985.0,14720.0,14780.0,nan,14842.333,109362,8115936250.0,114924,14750.0,62,14745.0,94,14755.0,14,14740.0,376,14760.0,36,14735.0,298,14765.0,26,14730.0,167,14770.0,162,14725.0,245
1597988313602461952,1597988313500000000,2020-08-21 13:38:33.500000,14750.0,14985.0,14720.0,14780.0,nan,14842.333,109362,8115936250.0,114924,14750.0,62,14745.0,94,14755.0,13,14740.0,376,14760.0,36,14735.0,298,14765.0,26,14730.0,167,14770.0,162,14725.0,245
1597988314611166976,1597988314500000000,2020-08-21 13:38:34.500000,14750.0,14985.0,14720.0,14780.0,nan,14842.325,109372,8116673750.0,114920,14750.0,52,14745.0,101,14755.0,13,14740.0,376,14760.0,36,14735.0,298,14765.0,26,14730.0,175,14770.0,162,14725.0,245
1597988315097253120,1597988315000000000,2020-08-21 13:38:35.000000,14750.0,14985.0,14720.0,14780.0,nan,14842.283,109422,8120361250.0,114941,14755.0,13,14750.0,13,14760.0,36,14745.0,104,14765.0,26,14740.0,376,14770.0,162,14735.0,298,14775.0,32,14730.0,175
1597988315675162880,1597988315500000000,2020-08-21 13:38:35.500000,14750.0,14985.0,14720.0,14780.0,nan,14842.27,109437,8121467500.0,114942,14755.0,50,14750.0,3,14760.0,35,14745.0,104,14765.0,26,14740.0,376,14770.0,162,14735.0,299,14775.0,32,14730.0,175
1597988316112481024,1597988316000000000,2020-08-21 13:38:36.000000,14750.0,14985.0,14720.0,14780.0,nan,14842.267,109441,8121762500.0,114938,14750.0,6,14745.0,104,14755.0,51,14740.0,376,14760.0,35,14735.0,299,14765.0,18,14730.0,175,14770.0,171,14725.0,244
1597988316599749120,1597988316500000000,2020-08-21 13:38:36.500000,14750.0,14985.0,14720.0,14780.0,nan,14842.262,109446,8122131250.0,114942,14755.0,51,14745.0,104,14760.0,35,14740.0,376,14765.0,18,14735.0,299,14770.0,171,14730.0,175,14775.0,32,14725.0,244
1597988319623276032,1597988319500000000,2020-08-21 13:38:39.500000,14750.0,14985.0,14720.0,14780.0,nan,14842.262,109446,8122131250.0,114942,14755.0,54,14745.0,104,14760.0,35,14740.0,376,14765.0,18,14735.0,299,14770.0,171,14730.0,175,14775.0,32,14725.0,244
1597988324617202944,1597988324500000000,2020-08-21 13:38:44.500000,14750.0,14985.0,14720.0,14780.0,nan,14842.262,109446,8122131250.0,114942,14755.0,54,14745.0,116,14760.0,35,14740.0,376,14765.0,18,14735.0,299,14770.0,171,14730.0,175,14775.0,32,14725.0,244
1597988325128012032,1597988325000000000,2020-08-21 13:38:45.000000,14750.0,14985.0,14720.0,14780.0,nan,14842.262,109446,8122131250.0,114942,14755.0,54,14750.0,1,14760.0,35,14745.0,116,14765.0,18,14740.0,376,14770.0,171,14735.0,299,14775.0,32,14730.0,175
1597988325629074944,1597988325500000000,2020-08-21 13:38:45.500000,14750.0,14985.0,14720.0,14780.0,nan,14842.261,109448,8122278750.0,114940,14755.0,54,14745.0,116,14760.0,35,14740.0,376,14765.0,18,14735.0,299,14770.0,171,14730.0,175,14775.0,32,14725.0,244
1597988327603045120,1597988327500000000,2020-08-21 13:38:47.500000,14750.0,14985.0,14720.0,14780.0,nan,14842.261,109448,8122278750.0,114940,14755.0,54,14745.0,117,14760.0,35,14740.0,376,14765.0,18,14735.0,299,14770.0,171,14730.0,175,14775.0,32,14725.0,244
1597988328126428928,1597988328000000000,2020-08-21 13:38:48.000000,14755.0,14985.0,14720.0,14780.0,nan,14842.26,109449,8122352525.0,114941,14755.0,53,14745.0,117,14760.0,35,14740.0,376,14765.0,18,14735.0,299,14770.0,171,14730.0,175,14775.0,32,14725.0,244
1597988330115003904,1597988330000000000,2020-08-21 13:38:50.000000,14755.0,14985.0,14720.0,14780.0,nan,14842.26,109449,8122352525.0,114941,14755.0,54,14745.0,117,14760.0,35,14740.0,376,14765.0,18,14735.0,299,14770.0,171,14730.0,175,14775.0,32,14725.0,244
1597988330620752896,1597988330500000000,2020-08-21 13:38:50.500000,14755.0,14985.0,14720.0,14780.0,nan,14842.26,109449,8122352525.0,114941,14755.0,56,14745.0,117,14760.0,35,14740.0,376,14765.0,18,14735.0,299,14770.0,171,14730.0,175,14775.0,32,14725.0,244
1597988332682013952,1597988332500000000,2020-08-21 13:38:52.500000,14755.0,14985.0,14720.0,14780.0,nan,14842.258,109451,8122500075.0,114943,14755.0,54,14745.0,117,14760.0,35,14740.0,376,14765.0,18,14735.0,299,14770.0,171,14730.0,175,14775.0,32,14725.0,244
1597988333136951040,1597988333000000000,2020-08-21 13:38:53.000000,14755.0,14985.0,14720.0,14780.0,nan,14842.258,109451,8122500075.0,114943,14750.0,2,14745.0,117,14755.0,54,14740.0,376,14760.0,35,14735.0,299,14765.0,18,14730.0,175,14770.0,171,14725.0,244
1597988333609140992,1597988333500000000,2020-08-21 13:38:53.500000,14755.0,14985.0,14720.0,14780.0,nan,14842.258,109451,8122500075.0,114943,14750.0,3,14745.0,117,14755.0,54,14740.0,376,14760.0,35,14735.0,299,14765.0,18,14730.0,175,14770.0,171,14725.0,244
1597988336135461888,1597988336000000000,2020-08-21 13:38:56.000000,14755.0,14985.0,14720.0,14780.0,nan,14842.258,109451,8122500075.0,114943,14750.0,15,14745.0,117,14755.0,54,14740.0,376,14760.0,35,14735.0,299,14765.0,18,14730.0,175,14770.0,171,14725.0,244
1597988336609378048,1597988336500000000,2020-08-21 13:38:56.500000,14755.0,14985.0,14720.0,14780.0,nan,14842.258,109451,8122500075.0,114943,14750.0,16,14745.0,117,14755.0,54,14740.0,376,14760.0,35,14735.0,299,14765.0,18,14730.0,175,14770.0,171,14725.0,244
1597988337131811072,1597988337000000000,2020-08-21 13:38:57.000000,14750.0,14985.0,14720.0,14780.0,nan,14842.255,109455,8122795075.0,114946,14750.0,12,14745.0,117,14755.0,54,14740.0,376,14760.0,35,14735.0,299,14765.0,18,14730.0,175,14770.0,171,14725.0,244
1597988337618337024,1597988337500000000,2020-08-21 13:38:57.500000,14750.0,14985.0,14720.0,14780.0,nan,14842.255,109455,8122795075.0,114946,14750.0,14,14745.0,117,14755.0,54,14740.0,376,14760.0,35,14735.0,299,14765.0,18,14730.0,175,14770.0,171,14725.0,244
1597988338607685888,1597988338500000000,2020-08-21 13:38:58.500000,14750.0,14985.0,14720.0,14780.0,nan,14842.254,109456,8122868825.0,114946,14750.0,13,14745.0,117,14755.0,54,14740.0,376,14760.0,35,14735.0,299,14765.0,18,14730.0,175,14770.0,171,14725.0,244
1597988341115236096,1597988341000000000,2020-08-21 13:39:01.000000,14750.0,14985.0,14720.0,14780.0,nan,14842.254,109456,8122868825.0,114946,14750.0,14,14745.0,117,14755.0,53,14740.0,376,14760.0,35,14735.0,299,14765.0,18,14730.0,175,14770.0,171,14725.0,244
1597988341648116992,1597988341500000000,2020-08-21 13:39:01.500000,14750.0,14985.0,14720.0,14780.0,nan,14842.254,109456,8122868825.0,114946,14750.0,18,14745.0,117,14755.0,51,14740.0,376,14760.0,35,14735.0,299,14765.0,18,14730.0,175,14770.0,171,14725.0,244
1597988342133378048,1597988342000000000,2020-08-21 13:39:02.000000,14750.0,14985.0,14720.0,14780.0,nan,14842.253,109457,8122942575.0,114946,14750.0,17,14745.0,117,14755.0,51,14740.0,376,14760.0,35,14735.0,299,14765.0,18,14730.0,175,14770.0,171,14725.0,244
1597988342705134080,1597988342500000000,2020-08-21 13:39:02.500000,14750.0,14985.0,14720.0,14780.0,nan,14842.253,109457,8122942575.0,114946,14750.0,8,14745.0,117,14755.0,51,14740.0,376,14760.0,35,14735.0,299,14765.0,18,14730.0,175,14770.0,171,14725.0,244
1597988343115910912,1597988343000000000,2020-08-21 13:39:03.000000,14750.0,14985.0,14720.0,14780.0,nan,14842.253,109457,8122942575.0,114946,14750.0,14,14745.0,117,14755.0,51,14740.0,376,14760.0,35,14735.0,299,14765.0,18,14730.0,175,14770.0,171,14725.0,244
1597988343631524096,1597988343500000000,2020-08-21 13:39:03.500000,14750.0,14985.0,14720.0,14780.0,nan,14842.253,109457,8122942575.0,114946,14750.0,15,14745.0,117,14755.0,51,14740.0,376,14760.0,35,14735.0,299,14765.0,18,14730.0,175,14770.0,171,14725.0,244
1597988344613728000,1597988344500000000,2020-08-21 13:39:04.500000,14750.0,14985.0,14720.0,14780.0,nan,14842.253,109457,8122942575.0,114946,14750.0,15,14745.0,117,14755.0,48,14740.0,376,14760.0,35,14735.0,299,14765.0,18,14730.0,175,14770.0,171,14725.0,244
1597988345129718016,1597988345000000000,2020-08-21 13:39:05.000000,14750.0,14985.0,14720.0,14780.0,nan,14842.253,109457,8122942575.0,114946,14750.0,16,14745.0,117,14755.0,48,14740.0,376,14760.0,35,14735.0,299,14765.0,18,14730.0,175,14770.0,171,14725.0,244
1597988345633712128,1597988345500000000,2020-08-21 13:39:05.500000,14750.0,14985.0,14720.0,14780.0,nan,14842.253,109457,8122942575.0,114946,14750.0,20,14745.0,117,14755.0,48,14740.0,376,14760.0,35,14735.0,299,14765.0,18,14730.0,175,14770.0,171,14725.0,244
1597988346117305088,1597988346000000000,2020-08-21 13:39:06.000000,14750.0,14985.0,14720.0,14780.0,nan,14842.253,109457,8122942575.0,114946,14750.0,23,14745.0,117,14755.0,46,14740.0,376,14760.0,35,14735.0,299,14765.0,18,14730.0,175,14770.0,171,14725.0,244
1597988347120813056,1597988347000000000,2020-08-21 13:39:07.000000,14750.0,14985.0,14720.0,14780.0,nan,14842.253,109457,8122942575.0,114946,14750.0,35,14745.0,117,14755.0,46,14740.0,376,14760.0,35,14735.0,299,14765.0,18,14730.0,175,14770.0,171,14725.0,244
1597988347611302912,1597988347500000000,2020-08-21 13:39:07.500000,14750.0,14985.0,14720.0,14780.0,nan,14842.253,109457,8122942575.0,114946,14750.0,37,14745.0,117,14755.0,46,14740.0,376,14760.0,35,14735.0,299,14765.0,18,14730.0,175,14770.0,171,14725.0,244
1597988348114228992,1597988348000000000,2020-08-21 13:39:08.000000,14750.0,14985.0,14720.0,14780.0,nan,14842.253,109457,8122942575.0,114946,14750.0,38,14745.0,117,14755.0,46,14740.0,376,14760.0,35,14735.0,299,14765.0,18,14730.0,175,14770.0,171,14725.0,244
1597988350640243968,1597988350500000000,2020-08-21 13:39:10.500000,14750.0,14985.0,14720.0,14780.0,nan,14842.253,109457,8122942575.0,114946,14750.0,38,14745.0,117,14755.0,46,14740.0,376,14760.0,36,14735.0,299,14765.0,18,14730.0,175,14770.0,171,14725.0,244
1597988351113537024,1597988351000000000,2020-08-21 13:39:11.000000,14750.0,14985.0,14720.0,14780.0,nan,14842.253,109457,8122942575.0,114946,14750.0,39,14745.0,117,14755.0,46,14740.0,376,14760.0,36,14735.0,299,14765.0,18,14730.0,175,14770.0,171,14725.0,244
1597988351650210048,1597988351500000000,2020-08-21 13:39:11.500000,14750.0,14985.0,14720.0,14780.0,nan,14842.253,109457,8122942575.0,114946,14750.0,40,14745.0,117,14755.0,46,14740.0,376,14760.0,36,14735.0,299,14765.0,18,14730.0,175,14770.0,171,14725.0,244
1597988356118140928,1597988356000000000,2020-08-21 13:39:16.000000,14750.0,14985.0,14720.0,14780.0,nan,14842.253,109457,8122942575.0,114946,14750.0,40,14745.0,118,14755.0,46,14740.0,376,14760.0,36,14735.0,299,14765.0,18,14730.0,175,14770.0,171,14725.0,244
1597988361122972928,1597988361000000000,2020-08-21 13:39:21.000000,14750.0,14985.0,14720.0,14780.0,nan,14842.252,109458,8123016325.0,114947,14750.0,39,14745.0,118,14755.0,46,14740.0,371,14760.0,36,14735.0,299,14765.0,18,14730.0,175,14770.0,171,14725.0,244
1597988361607360000,1597988361500000000,2020-08-21 13:39:21.500000,14750.0,14985.0,14720.0,14780.0,nan,14842.252,109458,8123016325.0,114947,14750.0,39,14745.0,125,14755.0,46,14740.0,366,14760.0,36,14735.0,299,14765.0,18,14730.0,175,14770.0,171,14725.0,244
1597988363620974080,1597988363500000000,2020-08-21 13:39:23.500000,14750.0,14985.0,14720.0,14780.0,nan,14842.252,109458,8123016325.0,114947,14750.0,39,14745.0,125,14755.0,45,14740.0,366,14760.0,36,14735.0,299,14765.0,18,14730.0,175,14770.0,171,14725.0,244
1597988367128568064,1597988367000000000,2020-08-21 13:39:27.000000,14750.0,14985.0,14720.0,14780.0,nan,14842.252,109458,8123016325.0,114947,14750.0,40,14745.0,125,14755.0,45,14740.0,364,14760.0,36,14735.0,299,14765.0,18,14730.0,175,14770.0,171,14725.0,244
1597988367612922880,1597988367500000000,2020-08-21 13:39:27.500000,14750.0,14985.0,14720.0,14780.0,nan,14842.252,109458,8123016325.0,114947,14750.0,44,14745.0,125,14755.0,45,14740.0,364,14760.0,36,14735.0,299,14765.0,18,14730.0,175,14770.0,171,14725.0,244
1597988368614149888,1597988368500000000,2020-08-21 13:39:28.500000,14750.0,14985.0,14720.0,14780.0,nan,14842.252,109458,8123016325.0,114947,14750.0,44,14745.0,124,14755.0,45,14740.0,364,14760.0,36,14735.0,299,14765.0,18,14730.0,175,14770.0,171,14725.0,244
1597988369113713920,1597988369000000000,2020-08-21 13:39:29.000000,14750.0,14985.0,14720.0,14780.0,nan,14842.252,109458,8123016325.0,114947,14750.0,44,14745.0,124,14755.0,45,14740.0,364,14760.0,36,14735.0,299,14765.0,18,14730.0,176,14770.0,171,14725.0,244
1597988374115979008,1597988374000000000,2020-08-21 13:39:34.000000,14745.0,14985.0,14720.0,14780.0,nan,14842.252,109459,8123090050.0,114947,14750.0,43,14745.0,123,14755.0,45,14740.0,364,14760.0,36,14735.0,299,14765.0,18,14730.0,176,14770.0,171,14725.0,244
1597988374645783040,1597988374500000000,2020-08-21 13:39:34.500000,14745.0,14985.0,14720.0,14780.0,nan,14842.25,109461,8123237500.0,114947,14750.0,41,14745.0,121,14755.0,45,14740.0,364,14760.0,36,14735.0,299,14765.0,18,14730.0,176,14770.0,171,14725.0,244
1597988375614535936,1597988375500000000,2020-08-21 13:39:35.500000,14745.0,14985.0,14720.0,14780.0,nan,14842.248,109463,8123384950.0,114947,14750.0,41,14745.0,119,14755.0,45,14740.0,364,14760.0,36,14735.0,299,14765.0,18,14730.0,176,14770.0,171,14725.0,244
1597988384123469056,1597988384000000000,2020-08-21 13:39:44.000000,14745.0,14985.0,14720.0,14780.0,nan,14842.248,109463,8123384950.0,114947,14750.0,41,14745.0,123,14755.0,45,14740.0,364,14760.0,36,14735.0,299,14765.0,18,14730.0,176,14770.0,171,14725.0,244
1597988384613729024,1597988384500000000,2020-08-21 13:39:44.500000,14745.0,14985.0,14720.0,14780.0,nan,14842.248,109463,8123384950.0,114947,14750.0,42,14745.0,123,14755.0,45,14740.0,364,14760.0,36,14735.0,299,14765.0,18,14730.0,176,14770.0,171,14725.0,244
1597988385120570112,1597988385000000000,2020-08-21 13:39:45.000000,14745.0,14985.0,14720.0,14780.0,nan,14842.248,109463,8123384950.0,114947,14750.0,42,14745.0,123,14755.0,38,14740.0,364,14760.0,35,14735.0,299,14765.0,18,14730.0,176,14770.0,171,14725.0,244
1597988385608420096,1597988385500000000,2020-08-21 13:39:45.500000,14745.0,14985.0,14720.0,14780.0,nan,14842.248,109463,8123384950.0,114947,14750.0,51,14745.0,123,14755.0,38,14740.0,364,14760.0,35,14735.0,299,14765.0,18,14730.0,176,14770.0,171,14725.0,244
1597988386125750016,1597988386000000000,2020-08-21 13:39:46.000000,14745.0,14985.0,14720.0,14780.0,nan,14842.248,109463,8123384950.0,114947,14750.0,51,14745.0,123,14755.0,37,14740.0,364,14760.0,35,14735.0,299,14765.0,18,14730.0,176,14770.0,171,14725.0,244
1597988386607290112,1597988386500000000,2020-08-21 13:39:46.500000,14745.0,14985.0,14720.0,14780.0,nan,14842.248,109463,8123384950.0,114947,14750.0,52,14745.0,123,14755.0,35,14740.0,364,14760.0,35,14735.0,299,14765.0,18,14730.0,176,14770.0,171,14725.0,244
1597988387119127040,1597988387000000000,2020-08-21 13:39:47.000000,14745.0,14985.0,14720.0,14780.0,nan,14842.248,109463,8123384950.0,114947,14750.0,54,14745.0,123,14755.0,35,14740.0,364,14760.0,35,14735.0,299,14765.0,18,14730.0,176,14770.0,171,14725.0,244
1597988389116119040,1597988389000000000,2020-08-21 13:39:49.000000,14745.0,14985.0,14720.0,14780.0,nan,14842.246,109465,8123532400.0,114947,14750.0,52,14745.0,121,14755.0,35,14740.0,364,14760.0,35,14735.0,299,14765.0,18,14730.0,176,14770.0,171,14725.0,244
1597988389609545984,1597988389500000000,2020-08-21 13:39:49.500000,14745.0,14985.0,14720.0,14780.0,nan,14842.245,109466,8123606125.0,114947,14750.0,49,14745.0,120,14755.0,32,14740.0,364,14760.0,35,14735.0,299,14765.0,18,14730.0,176,14770.0,171,14725.0,244
1597988390117029888,1597988390000000000,2020-08-21 13:39:50.000000,14745.0,14985.0,14720.0,14780.0,nan,14842.244,109468,8123753575.0,114947,14750.0,52,14745.0,118,14755.0,32,14740.0,364,14760.0,35,14735.0,299,14765.0,18,14730.0,176,14770.0,171,14725.0,244
1597988394110836992,1597988394000000000,2020-08-21 13:39:54.000000,14745.0,14985.0,14720.0,14780.0,nan,14842.244,109468,8123753575.0,114947,14750.0,52,14745.0,118,14755.0,32,14740.0,359,14760.0,35,14735.0,299,14765.0,18,14730.0,176,14770.0,171,14725.0,244
1597988394618246912,1597988394500000000,2020-08-21 13:39:54.500000,14745.0,14985.0,14720.0,14780.0,nan,14842.244,109468,8123753575.0,114947,14750.0,52,14745.0,118,14755.0,32,14740.0,354,14760.0,35,14735.0,299,14765.0,18,14730.0,176,14770.0,171,14725.0,244
1597988396113615872,1597988396000000000,2020-08-21 13:39:56.000000,14745.0,14985.0,14720.0,14780.0,nan,14842.244,109468,8123753575.0,114947,14750.0,53,14745.0,118,14755.0,32,14740.0,354,14760.0,35,14735.0,299,14765.0,18,14730.0,176,14770.0,171,14725.0,244
1597988401610152960,1597988401500000000,2020-08-21 13:40:01.500000,14750.0,14985.0,14720.0,14780.0,nan,14842.199,109521,8127662325.0,114961,14755.0,32,14745.0,118,14760.0,35,14740.0,354,14765.0,18,14735.0,299,14770.0,171,14730.0,176,14775.0,32,14725.0,244
1597988402127408128,1597988402000000000,2020-08-21 13:40:02.000000,14750.0,14985.0,14720.0,14780.0,nan,14842.199,109521,8127662325.0,114961,14750.0,14,14745.0,120,14755.0,34,14740.0,354,14760.0,35,14735.0,299,14765.0,18,14730.0,176,14770.0,171,14725.0,245
1597988402612655104,1597988402500000000,2020-08-21 13:40:02.500000,14750.0,14985.0,14720.0,14780.0,nan,14842.199,109521,8127662325.0,114961,14750.0,15,14745.0,121,14755.0,34,14740.0,354,14760.0,35,14735.0,299,14765.0,18,14730.0,176,14770.0,171,14725.0,245
1597988404135073024,1597988404000000000,2020-08-21 13:40:04.000000,14750.0,14985.0,14720.0,14780.0,nan,14842.199,109521,8127662325.0,114961,14750.0,15,14745.0,121,14755.0,41,14740.0,354,14760.0,35,14735.0,299,14765.0,18,14730.0,176,14770.0,171,14725.0,245
1597988405127753984,1597988405000000000,2020-08-21 13:40:05.000000,14745.0,14985.0,14720.0,14780.0,nan,14842.198,109522,8127736050.0,114962,14750.0,15,14745.0,120,14755.0,41,14740.0,354,14760.0,35,14735.0,299,14765.0,18,14730.0,176,14770.0,171,14725.0,245
1597988406130380032,1597988406000000000,2020-08-21 13:40:06.000000,14745.0,14985.0,14720.0,14780.0,nan,14842.198,109522,8127736050.0,114962,14750.0,30,14745.0,120,14755.0,34,14740.0,354,14760.0,35,14735.0,299,14765.0,18,14730.0,176,14770.0,171,14725.0,245
1597988406625236992,1597988406500000000,2020-08-21 13:40:06.500000,14745.0,14985.0,14720.0,14780.0,nan,14842.198,109522,8127736050.0,114962,14750.0,34,14745.0,120,14755.0,34,14740.0,354,14760.0,35,14735.0,299,14765.0,18,14730.0,176,14770.0,171,14725.0,245
1597988413661517056,1597988413500000000,2020-08-21 13:40:13.500000,14750.0,14985.0,14720.0,14780.0,nan,14842.194,109527,8128104800.0,114967,14750.0,29,14745.0,120,14755.0,34,14740.0,354,14760.0,35,14735.0,299,14765.0,18,14730.0,176,14770.0,171,14725.0,245
1597988414121942016,1597988414000000000,2020-08-21 13:40:14.000000,14750.0,14985.0,14720.0,14780.0,nan,14842.193,109528,8128178550.0,114967,14750.0,31,14745.0,120,14755.0,34,14740.0,354,14760.0,35,14735.0,299,14765.0,18,14730.0,176,14770.0,171,14725.0,245
1597988415124033024,1597988415000000000,2020-08-21 13:40:15.000000,14750.0,14985.0,14720.0,14780.0,nan,14842.193,109528,8128178550.0,114967,14750.0,31,14745.0,121,14755.0,34,14740.0,354,14760.0,35,14735.0,299,14765.0,18,14730.0,176,14770.0,171,14725.0,245
1597988416605957120,1597988416500000000,2020-08-21 13:40:16.500000,14750.0,14985.0,14720.0,14780.0,nan,14842.193,109528,8128178550.0,114967,14750.0,35,14745.0,121,14755.0,34,14740.0,354,14760.0,35,14735.0,299,14765.0,18,14730.0,176,14770.0,171,14725.0,245
1597988417128601088,1597988417000000000,2020-08-21 13:40:17.000000,14750.0,14985.0,14720.0,14780.0,nan,14842.193,109528,8128178550.0,114967,14750.0,38,14745.0,121,14755.0,34,14740.0,354,14760.0,35,14735.0,299,14765.0,18,14730.0,176,14770.0,171,14725.0,245
1597988417621541888,1597988417500000000,2020-08-21 13:40:17.500000,14750.0,14985.0,14720.0,14780.0,nan,14842.158,109569,8131202300.0,114956,14755.0,34,14750.0,59,14760.0,35,14745.0,121,14765.0,18,14740.0,354,14770.0,171,14735.0,299,14775.0,33,14730.0,176
1597988418110750976,1597988418000000000,2020-08-21 13:40:18.000000,14745.0,14985.0,14720.0,14780.0,nan,14842.107,109630,8135701025.0,114897,14750.0,7,14745.0,119,14755.0,43,14740.0,354,14760.0,35,14735.0,299,14765.0,18,14730.0,176,14770.0,171,14725.0,245
1597988418606987008,1597988418500000000,2020-08-21 13:40:18.500000,14750.0,14985.0,14720.0,14780.0,nan,14842.106,109631,8135774775.0,114896,14750.0,17,14745.0,119,14755.0,43,14740.0,354,14760.0,35,14735.0,299,14765.0,18,14730.0,176,14770.0,171,14725.0,245
1597988419116598016,1597988419000000000,2020-08-21 13:40:19.000000,14750.0,14985.0,14720.0,14780.0,nan,14842.106,109631,8135774775.0,114896,14750.0,20,14745.0,120,14755.0,43,14740.0,354,14760.0,35,14735.0,299,14765.0,18,14730.0,176,14770.0,171,14725.0,245
1597988419617956096,1597988419500000000,2020-08-21 13:40:19.500000,14750.0,14985.0,14720.0,14780.0,nan,14842.106,109631,8135774775.0,114896,14750.0,20,14745.0,120,14755.0,43,14740.0,354,14760.0,35,14735.0,299,14765.0,18,14730.0,176,14770.0,170,14725.0,245
1597988420100668928,1597988420000000000,2020-08-21 13:40:20.000000,14750.0,14985.0,14720.0,14780.0,nan,14842.106,109631,8135774775.0,114896,14750.0,20,14745.0,120,14755.0,43,14740.0,354,14760.0,36,14735.0,299,14765.0,18,14730.0,176,14770.0,170,14725.0,245
1597988423106206976,1597988423000000000,2020-08-21 13:40:23.000000,14750.0,14985.0,14720.0,14780.0,nan,14842.089,109651,8137249775.0,114888,14755.0,43,14750.0,83,14760.0,36,14745.0,120,14765.0,18,14740.0,354,14770.0,170,14735.0,299,14775.0,33,14730.0,176
1597988423612033024,1597988423500000000,2020-08-21 13:40:23.500000,14755.0,14985.0,14720.0,14780.0,nan,14842.089,109652,8137323550.0,114888,14755.0,50,14750.0,86,14760.0,36,14745.0,120,14765.0,18,14740.0,354,14770.0,170,14735.0,299,14775.0,33,14730.0,176
1597988424159616000,1597988424000000000,2020-08-21 13:40:24.000000,14755.0,14985.0,14720.0,14780.0,nan,14842.089,109652,8137323550.0,114888,14755.0,50,14750.0,85,14760.0,36,14745.0,120,14765.0,18,14740.0,354,14770.0,170,14735.0,299,14775.0,33,14730.0,176
1597988425614971904,1597988425500000000,2020-08-21 13:40:25.500000,14750.0,14985.0,14720.0,14780.0,nan,14842.017,109737,8143592300.0,114888,14750.0,5,14745.0,120,14755.0,53,14740.0,354,14760.0,36,14735.0,299,14765.0,18,14730.0,176,14770.0,170,14725.0,245
1597988426132901888,1597988426000000000,2020-08-21 13:40:26.000000,14750.0,14985.0,14720.0,14780.0,nan,14842.016,109739,8143739800.0,114890,14750.0,6,14745.0,119,14755.0,54,14740.0,354,14760.0,36,14735.0,299,14765.0,18,14730.0,176,14770.0,170,14725.0,245
1597988430629317888,1597988430500000000,2020-08-21 13:40:30.500000,14750.0,14985.0,14720.0,14780.0,nan,14842.016,109739,8143739800.0,114890,14750.0,6,14745.0,119,14755.0,54,14740.0,354,14760.0,37,14735.0,299,14765.0,18,14730.0,176,14770.0,170,14725.0,245
1597988435603845888,1597988435500000000,2020-08-21 13:40:35.500000,14750.0,14985.0,14720.0,14780.0,nan,14842.016,109739,8143739800.0,114890,14750.0,6,14745.0,115,14755.0,54,14740.0,354,14760.0,37,14735.0,299,14765.0,18,14730.0,176,14770.0,170,14725.0,245
1597988436131962880,1597988436000000000,2020-08-21 13:40:36.000000,14750.0,14985.0,14720.0,14780.0,nan,14842.012,109743,8144034800.0,114894,14750.0,2,14745.0,115,14755.0,54,14740.0,354,14760.0,37,14735.0,299,14765.0,18,14730.0,176,14770.0,170,14725.0,245
1597988436601517056,1597988436500000000,2020-08-21 13:40:36.500000,14750.0,14985.0,14720.0,14780.0,nan,14842.012,109743,8144034800.0,114894,14750.0,3,14745.0,115,14755.0,54,14740.0,354,14760.0,37,14735.0,299,14765.0,18,14730.0,176,14770.0,170,14725.0,245
1597988437614705920,1597988437500000000,2020-08-21 13:40:37.500000,14750.0,14985.0,14720.0,14780.0,nan,14842.012,109743,8144034800.0,114894,14750.0,3,14745.0,115,14755.0,64,14740.0,354,14760.0,37,14735.0,299,14765.0,18,14730.0,176,14770.0,170,14725.0,245
1597988440126440960,1597988440000000000,2020-08-21 13:40:40.000000,14750.0,14985.0,14720.0,14780.0,nan,14842.011,109744,8144108550.0,114894,14750.0,2,14745.0,115,14755.0,64,14740.0,354,14760.0,37,14735.0,299,14765.0,18,14730.0,176,14770.0,170,14725.0,245
1597988450109480960,1597988450000000000,2020-08-21 13:40:50.000000,14750.0,14985.0,14720.0,14780.0,nan,14842.011,109744,8144108550.0,114894,14750.0,2,14745.0,115,14755.0,63,14740.0,354,14760.0,37,14735.0,299,14765.0,18,14730.0,176,14770.0,170,14725.0,245
1597988451107614976,1597988451000000000,2020-08-21 13:40:51.000000,14750.0,14985.0,14720.0,14780.0,nan,14842.01,109746,8144256050.0,114893,14755.0,63,14745.0,115,14760.0,37,14740.0,354,14765.0,18,14735.0,299,14770.0,170,14730.0,176,14775.0,33,14725.0,245
1597988452121925120,1597988452000000000,2020-08-21 13:40:52.000000,14750.0,14985.0,14720.0,14780.0,nan,14842.01,109746,8144256050.0,114893,14750.0,3,14745.0,115,14755.0,63,14740.0,354,14760.0,37,14735.0,299,14765.0,18,14730.0,176,14770.0,170,14725.0,245
1597988452624218880,1597988452500000000,2020-08-21 13:40:52.500000,14750.0,14985.0,14720.0,14780.0,nan,14842.01,109746,8144256050.0,114893,14750.0,4,14745.0,115,14755.0,63,14740.0,354,14760.0,37,14735.0,299,14765.0,18,14730.0,176,14770.0,170,14725.0,245
1597988453123565056,1597988453000000000,2020-08-21 13:40:53.000000,14750.0,14985.0,14720.0,14780.0,nan,14842.01,109746,8144256050.0,114893,14750.0,4,14745.0,115,14755.0,63,14740.0,354,14760.0,36,14735.0,299,14765.0,18,14730.0,176,14770.0,170,14725.0,245
1597988467614726912,1597988467500000000,2020-08-21 13:41:07.500000,14745.0,14985.0,14720.0,14780.0,nan,14842.009,109747,8144329775.0,114893,14750.0,4,14745.0,114,14755.0,63,14740.0,354,14760.0,36,14735.0,299,14765.0,18,14730.0,176,14770.0,170,14725.0,245
1597988468114226944,1597988468000000000,2020-08-21 13:41:08.000000,14745.0,14985.0,14720.0,14780.0,nan,14842.009,109747,8144329775.0,114893,14750.0,18,14745.0,114,14755.0,63,14740.0,354,14760.0,36,14735.0,299,14765.0,18,14730.0,176,14770.0,170,14725.0,245
1597988468605239040,1597988468500000000,2020-08-21 13:41:08.500000,14745.0,14985.0,14720.0,14780.0,nan,14842.009,109747,8144329775.0,114893,14750.0,21,14745.0,114,14755.0,64,14740.0,354,14760.0,36,14735.0,299,14765.0,18,14730.0,176,14770.0,170,14725.0,245
1597988469604301056,1597988469500000000,2020-08-21 13:41:09.500000,14750.0,14985.0,14720.0,14780.0,nan,14842.008,109748,8144403525.0,114893,14750.0,20,14745.0,114,14755.0,64,14740.0,354,14760.0,36,14735.0,299,14765.0,18,14730.0,176,14770.0,170,14725.0,245
1597988472109975040,1597988472000000000,2020-08-21 13:41:12.000000,14750.0,14985.0,14720.0,14780.0,nan,14842.008,109748,8144403525.0,114893,14750.0,20,14745.0,113,14755.0,64,14740.0,354,14760.0,36,14735.0,299,14765.0,18,14730.0,176,14770.0,170,14725.0,245
1597988475617455104,1597988475500000000,2020-08-21 13:41:15.500000,14745.0,14985.0,14720.0,14780.0,nan,14842.005,109751,8144624700.0,114893,14750.0,20,14745.0,110,14755.0,65,14740.0,354,14760.0,36,14735.0,299,14765.0,18,14730.0,176,14770.0,170,14725.0,245
1597988476117550080,1597988476000000000,2020-08-21 13:41:16.000000,14745.0,14985.0,14720.0,14780.0,nan,14842.005,109751,8144624700.0,114893,14750.0,26,14745.0,110,14755.0,62,14740.0,354,14760.0,36,14735.0,299,14765.0,18,14730.0,176,14770.0,170,14725.0,245
1597988477104820992,1597988477000000000,2020-08-21 13:41:17.000000,14745.0,14985.0,14720.0,14780.0,nan,14842.005,109751,8144624700.0,114893,14750.0,31,14745.0,110,14755.0,62,14740.0,354,14760.0,36,14735.0,299,14765.0,18,14730.0,176,14770.0,170,14725.0,245
1597988477613438976,1597988477500000000,2020-08-21 13:41:17.500000,14745.0,14985.0,14720.0,14780.0,nan,14842.005,109751,8144624700.0,114893,14750.0,31,14745.0,110,14755.0,62,14740.0,354,14760.0,35,14735.0,299,14765.0,18,14730.0,176,14770.0,170,14725.0,245
1597988478608145920,1597988478500000000,2020-08-21 13:41:18.500000,14745.0,14985.0,14720.0,14780.0,nan,14842.005,109751,8144624700.0,114893,14750.0,36,14745.0,110,14755.0,62,14740.0,354,14760.0,35,14735.0,299,14765.0,18,14730.0,176,14770.0,170,14725.0,245
1597988479118000128,1597988479000000000,2020-08-21 13:41:19.000000,14745.0,14985.0,14720.0,14780.0,nan,14841.997,109760,8145288225.0,114902,14750.0,37,14745.0,101,14755.0,62,14740.0,354,14760.0,35,14735.0,299,14765.0,18,14730.0,176,14770.0,170,14725.0,245
1597988480102487040,1597988480000000000,2020-08-21 13:41:20.000000,14745.0,14985.0,14720.0,14780.0,nan,14841.997,109760,8145288225.0,114902,14750.0,37,14745.0,101,14755.0,52,14740.0,354,14760.0,35,14735.0,299,14765.0,18,14730.0,176,14770.0,170,14725.0,245
1597988481613530112,1597988481500000000,2020-08-21 13:41:21.500000,14745.0,14985.0,14720.0,14780.0,nan,14841.997,109760,8145288225.0,114902,14750.0,42,14745.0,101,14755.0,52,14740.0,354,14760.0,35,14735.0,299,14765.0,18,14730.0,176,14770.0,170,14725.0,245
1597988483111549952,1597988483000000000,2020-08-21 13:41:23.000000,14745.0,14985.0,14720.0,14780.0,nan,14841.997,109760,8145288225.0,114902,14750.0,42,14745.0,101,14755.0,52,14740.0,349,14760.0,35,14735.0,299,14765.0,18,14730.0,176,14770.0,170,14725.0,245
1597988483608956928,1597988483500000000,2020-08-21 13:41:23.500000,14745.0,14985.0,14720.0,14780.0,nan,14841.997,109760,8145288225.0,114902,14750.0,42,14745.0,101,14755.0,44,14740.0,344,14760.0,35,14735.0,299,14765.0,18,14730.0,176,14770.0,170,14725.0,245
1597988484116144896,1597988484000000000,2020-08-21 13:41:24.000000,14745.0,14985.0,14720.0,14780.0,nan,14841.99,109769,8145951750.0,114902,14750.0,50,14745.0,92,14755.0,54,14740.0,339,14760.0,35,14735.0,299,14765.0,18,14730.0,176,14770.0,170,14725.0,245
1597988484611371008,1597988484500000000,2020-08-21 13:41:24.500000,14745.0,14985.0,14720.0,14780.0,nan,14841.918,109850,8151923475.0,114912,14745.0,17,14740.0,334,14750.0,50,14735.0,299,14755.0,54,14730.0,176,14760.0,35,14725.0,245,14765.0,18,14720.0,165
1597988485122142976,1597988485000000000,2020-08-21 13:41:25.000000,14745.0,14985.0,14720.0,14780.0,nan,14841.918,109850,8151923475.0,114912,14745.0,24,14740.0,333,14750.0,49,14735.0,298,14755.0,51,14730.0,176,14760.0,35,14725.0,246,14765.0,18,14720.0,165
1597988485622647040,1597988485500000000,2020-08-21 13:41:25.500000,14745.0,14985.0,14720.0,14780.0,nan,14841.918,109850,8151923475.0,114912,14745.0,29,14740.0,334,14750.0,49,14735.0,298,14755.0,51,14730.0,176,14760.0,35,14725.0,246,14765.0,18,14720.0,165
1597988486109825024,1597988486000000000,2020-08-21 13:41:26.000000,14745.0,14985.0,14720.0,14780.0,nan,14841.918,109850,8151923475.0,114912,14745.0,39,14740.0,334,14750.0,47,14735.0,298,14755.0,50,14730.0,176,14760.0,35,14725.0,246,14765.0,18,14720.0,165
1597988486613726976,1597988486500000000,2020-08-21 13:41:26.500000,14745.0,14985.0,14720.0,14780.0,nan,14841.918,109850,8151923475.0,114912,14745.0,48,14740.0,334,14750.0,47,14735.0,298,14755.0,50,14730.0,176,14760.0,34,14725.0,246,14765.0,18,14720.0,165
1597988487104506112,1597988487000000000,2020-08-21 13:41:27.000000,14745.0,14985.0,14720.0,14780.0,nan,14841.918,109850,8151923475.0,114912,14745.0,48,14740.0,334,14750.0,49,14735.0,298,14755.0,50,14730.0,176,14760.0,34,14725.0,246,14765.0,18,14720.0,165
1597988488105888000,1597988488000000000,2020-08-21 13:41:28.000000,14745.0,14985.0,14720.0,14780.0,nan,14841.918,109850,8151923475.0,114912,14745.0,48,14740.0,334,14750.0,44,14735.0,298,14755.0,50,14730.0,176,14760.0,34,14725.0,246,14765.0,18,14720.0,165
1597988489122476032,1597988489000000000,2020-08-21 13:41:29.000000,14745.0,14985.0,14720.0,14780.0,nan,14841.918,109850,8151923475.0,114912,14745.0,53,14740.0,334,14750.0,44,14735.0,298,14755.0,50,14730.0,176,14760.0,34,14725.0,246,14765.0,18,14720.0,165
1597988489601558016,1597988489500000000,2020-08-21 13:41:29.500000,14745.0,14985.0,14720.0,14780.0,nan,14841.918,109850,8151923475.0,114912,14745.0,53,14740.0,334,14750.0,44,14735.0,298,14755.0,43,14730.0,176,14760.0,34,14725.0,246,14765.0,18,14720.0,165
1597988490110672896,1597988490000000000,2020-08-21 13:41:30.000000,14745.0,14985.0,14720.0,14780.0,nan,14841.918,109850,8151923475.0,114912,14745.0,61,14740.0,334,14750.0,39,14735.0,298,14755.0,43,14730.0,176,14760.0,34,14725.0,246,14765.0,18,14720.0,165
1597988496606278912,1597988496500000000,2020-08-21 13:41:36.500000,14745.0,14985.0,14720.0,14780.0,nan,14841.918,109850,8151923475.0,114912,14745.0,61,14740.0,335,14750.0,39,14735.0,298,14755.0,43,14730.0,176,14760.0,34,14725.0,246,14765.0,18,14720.0,165
1597988497613805056,1597988497500000000,2020-08-21 13:41:37.500000,14745.0,14985.0,14720.0,14780.0,nan,14841.918,109850,8151923475.0,114912,14745.0,62,14740.0,335,14750.0,39,14735.0,298,14755.0,43,14730.0,176,14760.0,34,14725.0,246,14765.0,18,14720.0,165
1597988498108527104,1597988498000000000,2020-08-21 13:41:38.000000,14745.0,14985.0,14720.0,14780.0,nan,14841.918,109850,8151923475.0,114912,14745.0,62,14740.0,335,14750.0,39,14735.0,298,14755.0,43,14730.0,176,14760.0,34,14725.0,246,14765.0,17,14720.0,165
1597988500135965952,1597988500000000000,2020-08-21 13:41:40.000000,14745.0,14985.0,14720.0,14780.0,nan,14841.918,109850,8151923475.0,114912,14745.0,62,14740.0,335,14750.0,49,14735.0,298,14755.0,43,14730.0,176,14760.0,34,14725.0,246,14765.0,17,14720.0,165
1597988502130810880,1597988502000000000,2020-08-21 13:41:42.000000,14740.0,14985.0,14720.0,14780.0,nan,14841.917,109851,8151997175.0,114911,14745.0,62,14740.0,335,14750.0,49,14735.0,298,14755.0,43,14730.0,176,14760.0,34,14725.0,246,14765.0,17,14720.0,165
1597988504614758912,1597988504500000000,2020-08-21 13:41:44.500000,14740.0,14985.0,14720.0,14780.0,nan,14841.917,109851,8151997175.0,114911,14745.0,62,14740.0,338,14750.0,49,14735.0,298,14755.0,43,14730.0,176,14760.0,34,14725.0,246,14765.0,17,14720.0,165
1597988506609361920,1597988506500000000,2020-08-21 13:41:46.500000,14740.0,14985.0,14720.0,14780.0,nan,14841.917,109851,8151997175.0,114911,14745.0,70,14740.0,338,14750.0,49,14735.0,298,14755.0,43,14730.0,176,14760.0,34,14725.0,246,14765.0,17,14720.0,165
1597988507105377024,1597988507000000000,2020-08-21 13:41:47.000000,14740.0,14985.0,14720.0,14780.0,nan,14841.917,109851,8151997175.0,114911,14745.0,71,14740.0,338,14750.0,49,14735.0,298,14755.0,43,14730.0,176,14760.0,34,14725.0,246,14765.0,17,14720.0,165
1597988508616709888,1597988508500000000,2020-08-21 13:41:48.500000,14740.0,14985.0,14720.0,14780.0,nan,14841.917,109851,8151997175.0,114911,14745.0,71,14740.0,438,14750.0,49,14735.0,298,14755.0,43,14730.0,176,14760.0,34,14725.0,246,14765.0,17,14720.0,165
1597988511137015040,1597988511000000000,2020-08-21 13:41:51.000000,14745.0,14985.0,14720.0,14780.0,nan,14841.854,109923,8157305375.0,114892,14750.0,49,14745.0,28,14755.0,43,14740.0,438,14760.0,34,14735.0,298,14765.0,17,14730.0,176,14770.0,170,14725.0,246
1597988511608705024,1597988511500000000,2020-08-21 13:41:51.500000,14745.0,14985.0,14720.0,14780.0,nan,14841.854,109923,8157305375.0,114892,14750.0,50,14745.0,32,14755.0,43,14740.0,438,14760.0,34,14735.0,298,14765.0,17,14730.0,176,14770.0,170,14725.0,246
1597988512112413952,1597988512000000000,2020-08-21 13:41:52.000000,14745.0,14985.0,14720.0,14780.0,nan,14841.854,109923,8157305375.0,114892,14750.0,49,14745.0,32,14755.0,43,14740.0,438,14760.0,34,14735.0,298,14765.0,17,14730.0,176,14770.0,170,14725.0,246
1597988512622170880,1597988512500000000,2020-08-21 13:41:52.500000,14745.0,14985.0,14720.0,14780.0,nan,14841.854,109923,8157305375.0,114892,14750.0,50,14745.0,34,14755.0,43,14740.0,438,14760.0,34,14735.0,298,14765.0,17,14730.0,176,14770.0,170,14725.0,246
1597988513625933056,1597988513500000000,2020-08-21 13:41:53.500000,14745.0,14985.0,14720.0,14780.0,nan,14841.854,109923,8157305375.0,114892,14750.0,51,14745.0,34,14755.0,43,14740.0,438,14760.0,34,14735.0,298,14765.0,17,14730.0,176,14770.0,170,14725.0,246
1597988515619738880,1597988515500000000,2020-08-21 13:41:55.500000,14745.0,14985.0,14720.0,14780.0,nan,14841.854,109923,8157305375.0,114892,14750.0,51,14745.0,37,14755.0,43,14740.0,438,14760.0,34,14735.0,298,14765.0,17,14730.0,176,14770.0,170,14725.0,246
1597988517118596096,1597988517000000000,2020-08-21 13:41:57.000000,14745.0,14985.0,14720.0,14780.0,nan,14841.854,109923,8157305375.0,114892,14750.0,141,14745.0,37,14755.0,43,14740.0,438,14760.0,34,14735.0,298,14765.0,17,14730.0,176,14770.0,170,14725.0,246
1597988517615083008,1597988517500000000,2020-08-21 13:41:57.500000,14745.0,14985.0,14720.0,14780.0,nan,14841.824,109957,8159812025.0,114873,14750.0,142,14740.0,438,14755.0,43,14735.0,298,14760.0,34,14730.0,176,14765.0,17,14725.0,246,14770.0,170,14720.0,165
1597988518110688000,1597988518000000000,2020-08-21 13:41:58.000000,14745.0,14985.0,14720.0,14780.0,nan,14841.824,109957,8159812025.0,114873,14745.0,7,14740.0,439,14750.0,140,14735.0,298,14755.0,43,14730.0,176,14760.0,34,14725.0,246,14765.0,17,14720.0,165
1597988518700998912,1597988518500000000,2020-08-21 13:41:58.500000,14745.0,14985.0,14720.0,14780.0,nan,14841.824,109957,8159812025.0,114873,14745.0,8,14740.0,439,14750.0,141,14735.0,298,14755.0,43,14730.0,176,14760.0,34,14725.0,246,14765.0,17,14720.0,165
1597988520619077120,1597988520500000000,2020-08-21 13:42:00.500000,14745.0,14985.0,14720.0,14780.0,nan,14841.824,109957,8159812025.0,114873,14745.0,8,14740.0,440,14750.0,141,14735.0,298,14755.0,43,14730.0,176,14760.0,34,14725.0,246,14765.0,17,14720.0,165
1597988521117229056,1597988521000000000,2020-08-21 13:42:01.000000,14745.0,14985.0,14720.0,14780.0,nan,14841.821,109960,8160033200.0,114875,14745.0,5,14740.0,440,14750.0,141,14735.0,298,14755.0,43,14730.0,176,14760.0,34,14725.0,246,14765.0,17,14720.0,165
1597988521614676992,1597988521500000000,2020-08-21 13:42:01.500000,14745.0,14985.0,14720.0,14780.0,nan,14841.817,109965,8160401825.0,114871,14750.0,141,14740.0,440,14755.0,43,14735.0,298,14760.0,34,14730.0,176,14765.0,17,14725.0,246,14770.0,170,14720.0,165
1597988522105172992,1597988522000000000,2020-08-21 13:42:02.000000,14745.0,14985.0,14720.0,14780.0,nan,14841.817,109965,8160401825.0,114871,14750.0,142,14740.0,441,14755.0,43,14735.0,298,14760.0,34,14730.0,176,14765.0,17,14725.0,246,14770.0,170,14720.0,165
1597988523125808896,1597988523000000000,2020-08-21 13:42:03.000000,14745.0,14985.0,14720.0,14780.0,nan,14841.817,109965,8160401825.0,114871,14745.0,5,14740.0,441,14750.0,142,14735.0,298,14755.0,43,14730.0,176,14760.0,34,14725.0,246,14765.0,17,14720.0,165
1597988523614183936,1597988523500000000,2020-08-21 13:42:03.500000,14745.0,14985.0,14720.0,14780.0,nan,14841.817,109965,8160401825.0,114871,14745.0,9,14740.0,441,14750.0,142,14735.0,298,14755.0,43,14730.0,176,14760.0,34,14725.0,246,14765.0,17,14720.0,165
1597988525625479936,1597988525500000000,2020-08-21 13:42:05.500000,14745.0,14985.0,14720.0,14780.0,nan,14841.817,109965,8160401825.0,114871,14745.0,9,14740.0,341,14750.0,142,14735.0,298,14755.0,43,14730.0,176,14760.0,34,14725.0,246,14765.0,17,14720.0,165
1597988526116119040,1597988526000000000,2020-08-21 13:42:06.000000,14740.0,14985.0,14720.0,14780.0,nan,14841.807,109975,8161138825.0,114871,14745.0,21,14740.0,331,14750.0,135,14735.0,298,14755.0,43,14730.0,176,14760.0,34,14725.0,246,14765.0,17,14720.0,165
1597988526616617984,1597988526500000000,2020-08-21 13:42:06.500000,14745.0,14985.0,14720.0,14780.0,nan,14841.806,109976,8161212550.0,114871,14745.0,23,14740.0,331,14750.0,133,14735.0,298,14755.0,43,14730.0,176,14760.0,34,14725.0,246,14765.0,17,14720.0,165
1597988528615678976,1597988528500000000,2020-08-21 13:42:08.500000,14745.0,14985.0,14720.0,14780.0,nan,14841.806,109976,8161212550.0,114871,14745.0,23,14740.0,331,14750.0,145,14735.0,298,14755.0,43,14730.0,176,14760.0,34,14725.0,246,14765.0,17,14720.0,165
1597988538606649088,1597988538500000000,2020-08-21 13:42:18.500000,14745.0,14985.0,14720.0,14780.0,nan,14841.806,109976,8161212550.0,114871,14745.0,34,14740.0,331,14750.0,145,14735.0,298,14755.0,43,14730.0,176,14760.0,34,14725.0,246,14765.0,17,14720.0,165
1597988539116064000,1597988539000000000,2020-08-21 13:42:19.000000,14745.0,14985.0,14720.0,14780.0,nan,14841.806,109977,8161286275.0,114870,14745.0,33,14740.0,331,14750.0,145,14735.0,298,14755.0,43,14730.0,176,14760.0,34,14725.0,246,14765.0,17,14720.0,165
1597988540613221888,1597988540500000000,2020-08-21 13:42:20.500000,14745.0,14985.0,14720.0,14780.0,nan,14841.797,109987,8162023525.0,114874,14745.0,23,14740.0,331,14750.0,145,14735.0,298,14755.0,43,14730.0,176,14760.0,34,14725.0,246,14765.0,17,14720.0,165
1597988541121884928,1597988541000000000,2020-08-21 13:42:21.000000,14745.0,14985.0,14720.0,14780.0,nan,14841.795,109989,8162170975.0,114874,14745.0,22,14740.0,331,14750.0,145,14735.0,298,14755.0,43,14730.0,176,14760.0,34,14725.0,246,14765.0,17,14720.0,165
1597988544117932032,1597988544000000000,2020-08-21 13:42:24.000000,14745.0,14985.0,14720.0,14780.0,nan,14841.795,109989,8162170975.0,114874,14745.0,22,14740.0,332,14750.0,145,14735.0,298,14755.0,43,14730.0,176,14760.0,34,14725.0,246,14765.0,17,14720.0,165
1597988544622200064,1597988544500000000,2020-08-21 13:42:24.500000,14745.0,14985.0,14720.0,14780.0,nan,14841.79,109995,8162613325.0,114880,14745.0,17,14740.0,332,14750.0,145,14735.0,298,14755.0,43,14730.0,176,14760.0,34,14725.0,246,14765.0,17,14720.0,165
1597988545614934016,1597988545500000000,2020-08-21 13:42:25.500000,14745.0,14985.0,14720.0,14780.0,nan,14841.787,109998,8162834500.0,114883,14745.0,14,14740.0,329,14750.0,145,14735.0,298,14755.0,43,14730.0,176,14760.0,34,14725.0,246,14765.0,17,14720.0,165
1597988548111145984,1597988548000000000,2020-08-21 13:42:28.000000,14745.0,14985.0,14720.0,14780.0,nan,14841.778,110008,8163571750.0,114883,14745.0,4,14740.0,329,14750.0,145,14735.0,298,14755.0,43,14730.0,176,14760.0,34,14725.0,246,14765.0,17,14720.0,165
1597988548623806976,1597988548500000000,2020-08-21 13:42:28.500000,14745.0,14985.0,14720.0,14780.0,nan,14841.777,110010,8163719200.0,114883,14745.0,2,14740.0,329,14750.0,55,14735.0,298,14755.0,43,14730.0,176,14760.0,34,14725.0,246,14765.0,17,14720.0,165
1597988549121224960,1597988549000000000,2020-08-21 13:42:29.000000,14745.0,14985.0,14720.0,14780.0,nan,14841.774,110013,8163940375.0,114885,14750.0,55,14745.0,17,14755.0,43,14740.0,329,14760.0,34,14735.0,298,14765.0,17,14730.0,176,14770.0,170,14725.0,246
1597988549613594112,1597988549500000000,2020-08-21 13:42:29.500000,14750.0,14985.0,14720.0,14780.0,nan,14841.758,110031,8165267450.0,114885,14750.0,55,14745.0,14,14755.0,43,14740.0,330,14760.0,34,14735.0,298,14765.0,17,14730.0,176,14770.0,170,14725.0,246
1597988550147918080,1597988550000000000,2020-08-21 13:42:30.000000,14750.0,14985.0,14720.0,14780.0,nan,14841.758,110031,8165267450.0,114885,14750.0,57,14745.0,19,14755.0,43,14740.0,330,14760.0,34,14735.0,298,14765.0,17,14730.0,176,14770.0,170,14725.0,246
1597988550608972032,1597988550500000000,2020-08-21 13:42:30.500000,14750.0,14985.0,14720.0,14780.0,nan,14841.758,110031,8165267450.0,114885,14750.0,57,14745.0,25,14755.0,43,14740.0,330,14760.0,34,14735.0,298,14765.0,17,14730.0,176,14770.0,170,14725.0,246
1597988552618366976,1597988552500000000,2020-08-21 13:42:32.500000,14750.0,14985.0,14720.0,14780.0,nan,14841.753,110037,8165709825.0,114880,14750.0,56,14745.0,20,14755.0,43,14740.0,331,14760.0,34,14735.0,298,14765.0,17,14730.0,176,14770.0,170,14725.0,246
1597988553108134912,1597988553000000000,2020-08-21 13:42:33.000000,14745.0,14985.0,14720.0,14780.0,nan,14841.752,110038,8165783550.0,114880,14750.0,56,14745.0,22,14755.0,43,14740.0,331,14760.0,34,14735.0,298,14765.0,17,14730.0,176,14770.0,170,14725.0,246
1597988554123355904,1597988554000000000,2020-08-21 13:42:34.000000,14745.0,14985.0,14720.0,14780.0,nan,14841.752,110038,8165783550.0,114880,14750.0,56,14745.0,26,14755.0,43,14740.0,331,14760.0,34,14735.0,298,14765.0,17,14730.0,176,14770.0,170,14725.0,246
1597988554616284928,1597988554500000000,2020-08-21 13:42:34.500000,14745.0,14985.0,14720.0,14780.0,nan,14841.752,110038,8165783550.0,114880,14750.0,59,14745.0,28,14755.0,43,14740.0,331,14760.0,34,14735.0,298,14765.0,17,14730.0,176,14770.0,170,14725.0,246
1597988555127796992,1597988555000000000,2020-08-21 13:42:35.000000,14745.0,14985.0,14720.0,14780.0,nan,14841.752,110038,8165783550.0,114880,14750.0,58,14745.0,29,14755.0,43,14740.0,331,14760.0,34,14735.0,298,14765.0,17,14730.0,176,14770.0,170,14725.0,246
1597988555615088128,1597988555500000000,2020-08-21 13:42:35.500000,14745.0,14985.0,14720.0,14780.0,nan,14841.752,110038,8165783550.0,114880,14750.0,58,14745.0,30,14755.0,43,14740.0,331,14760.0,35,14735.0,298,14765.0,17,14730.0,176,14770.0,170,14725.0,246
1597988556121654016,1597988556000000000,2020-08-21 13:42:36.000000,14745.0,14985.0,14720.0,14780.0,nan,14841.752,110038,8165783550.0,114880,14750.0,58,14745.0,30,14755.0,44,14740.0,331,14760.0,35,14735.0,298,14765.0,17,14730.0,176,14770.0,170,14725.0,246
1597988557117703936,1597988557000000000,2020-08-21 13:42:37.000000,14745.0,14985.0,14720.0,14780.0,nan,14841.752,110038,8165783550.0,114880,14750.0,73,14745.0,30,14755.0,44,14740.0,331,14760.0,35,14735.0,299,14765.0,17,14730.0,176,14770.0,170,14725.0,246
1597988557609511936,1597988557500000000,2020-08-21 13:42:37.500000,14745.0,14985.0,14720.0,14780.0,nan,14841.752,110038,8165783550.0,114880,14750.0,73,14745.0,30,14755.0,44,14740.0,331,14760.0,36,14735.0,299,14765.0,17,14730.0,176,14770.0,170,14725.0,246
1597988560615671040,1597988560500000000,2020-08-21 13:42:40.500000,14745.0,14985.0,14720.0,14780.0,nan,14841.752,110038,8165783550.0,114880,14750.0,74,14745.0,30,14755.0,44,14740.0,331,14760.0,36,14735.0,299,14765.0,17,14730.0,176,14770.0,170,14725.0,246
1597988565618800128,1597988565500000000,2020-08-21 13:42:45.500000,14745.0,14985.0,14720.0,14780.0,nan,14841.726,110068,8167995300.0,114893,14745.0,66,14740.0,331,14750.0,74,14735.0,299,14755.0,44,14730.0,176,14760.0,36,14725.0,246,14765.0,17,14720.0,165
1597988566127832064,1597988566000000000,2020-08-21 13:42:46.000000,14745.0,14985.0,14720.0,14780.0,nan,14841.726,110068,8167995300.0,114893,14745.0,67,14740.0,329,14750.0,74,14735.0,299,14755.0,44,14730.0,176,14760.0,36,14725.0,246,14765.0,17,14720.0,165
1597988566623461120,1597988566500000000,2020-08-21 13:42:46.500000,14745.0,14985.0,14720.0,14780.0,nan,14841.724,110070,8168142750.0,114893,14745.0,65,14740.0,329,14750.0,74,14735.0,299,14755.0,44,14730.0,176,14760.0,36,14725.0,246,14765.0,17,14720.0,165
1597988567123096064,1597988567000000000,2020-08-21 13:42:47.000000,14745.0,14985.0,14720.0,14780.0,nan,14841.724,110070,8168142750.0,114893,14745.0,65,14740.0,330,14750.0,74,14735.0,299,14755.0,44,14730.0,176,14760.0,36,14725.0,246,14765.0,17,14720.0,165
1597988568610429952,1597988568500000000,2020-08-21 13:42:48.500000,14745.0,14985.0,14720.0,14780.0,nan,14841.724,110070,8168142750.0,114893,14745.0,65,14740.0,330,14750.0,74,14735.0,299,14755.0,46,14730.0,176,14760.0,36,14725.0,246,14765.0,17,14720.0,165
1597988571608794112,1597988571500000000,2020-08-21 13:42:51.500000,14745.0,14985.0,14720.0,14780.0,nan,14841.724,110070,8168142750.0,114893,14745.0,66,14740.0,330,14750.0,73,14735.0,299,14755.0,46,14730.0,176,14760.0,36,14725.0,246,14765.0,17,14720.0,165
1597988574130384896,1597988574000000000,2020-08-21 13:42:54.000000,14745.0,14985.0,14720.0,14780.0,nan,14841.724,110070,8168142750.0,114893,14745.0,71,14740.0,330,14750.0,73,14735.0,299,14755.0,46,14730.0,176,14760.0,36,14725.0,246,14765.0,17,14720.0,165
1597988575614434048,1597988575500000000,2020-08-21 13:42:55.500000,14740.0,14985.0,14720.0,14780.0,nan,14841.72,110074,8168437550.0,114893,14745.0,71,14740.0,326,14750.0,73,14735.0,299,14755.0,46,14730.0,176,14760.0,36,14725.0,246,14765.0,17,14720.0,165
1597988576113475072,1597988576000000000,2020-08-21 13:42:56.000000,14740.0,14985.0,14720.0,14780.0,nan,14841.72,110074,8168437550.0,114893,14745.0,72,14740.0,326,14750.0,73,14735.0,299,14755.0,46,14730.0,176,14760.0,36,14725.0,246,14765.0,17,14720.0,165
1597988576607085056,1597988576500000000,2020-08-21 13:42:56.500000,14740.0,14985.0,14720.0,14780.0,nan,14841.72,110074,8168437550.0,114893,14745.0,73,14740.0,326,14750.0,73,14735.0,299,14755.0,46,14730.0,176,14760.0,36,14725.0,246,14765.0,17,14720.0,165
1597988577109966080,1597988577000000000,2020-08-21 13:42:57.000000,14740.0,14985.0,14720.0,14780.0,nan,14841.72,110074,8168437550.0,114893,14745.0,73,14740.0,326,14750.0,73,14735.0,299,14755.0,46,14730.0,176,14760.0,36,14725.0,246,14765.0,27,14720.0,165
1597988578113639936,1597988578000000000,2020-08-21 13:42:58.000000,14745.0,14985.0,14720.0,14780.0,nan,14841.677,110123,8172050075.0,114942,14745.0,24,14740.0,326,14750.0,73,14735.0,299,14755.0,46,14730.0,176,14760.0,36,14725.0,246,14765.0,27,14720.0,165
1597988578603965952,1597988578500000000,2020-08-21 13:42:58.500000,14745.0,14985.0,14720.0,14780.0,nan,14841.677,110123,8172050075.0,114942,14745.0,28,14740.0,326,14750.0,73,14735.0,299,14755.0,46,14730.0,176,14760.0,36,14725.0,246,14765.0,27,14720.0,165
1597988579122454016,1597988579000000000,2020-08-21 13:42:59.000000,14745.0,14985.0,14720.0,14780.0,nan,14841.677,110123,8172050075.0,114942,14745.0,28,14740.0,326,14750.0,73,14735.0,299,14755.0,47,14730.0,176,14760.0,36,14725.0,246,14765.0,27,14720.0,165
1597988580108108032,1597988580000000000,2020-08-21 13:43:00.000000,14745.0,14985.0,14720.0,14780.0,nan,14841.677,110123,8172050075.0,114942,14745.0,29,14740.0,326,14750.0,73,14735.0,299,14755.0,47,14730.0,176,14760.0,36,14725.0,246,14765.0,27,14720.0,165
1597988580618191872,1597988580500000000,2020-08-21 13:43:00.500000,14745.0,14985.0,14720.0,14780.0,nan,14841.676,110124,8172123800.0,114943,14745.0,30,14740.0,326,14750.0,73,14735.0,299,14755.0,47,14730.0,176,14760.0,36,14725.0,246,14765.0,27,14720.0,165
1597988581106693120,1597988581000000000,2020-08-21 13:43:01.000000,14745.0,14985.0,14720.0,14780.0,nan,14841.675,110125,8172197525.0,114944,14745.0,29,14740.0,326,14750.0,73,14735.0,299,14755.0,47,14730.0,176,14760.0,37,14725.0,246,14765.0,27,14720.0,165
1597988581624183040,1597988581500000000,2020-08-21 13:43:01.500000,14745.0,14985.0,14720.0,14780.0,nan,14841.672,110129,8172492425.0,114948,14745.0,25,14740.0,326,14750.0,73,14735.0,299,14755.0,47,14730.0,176,14760.0,37,14725.0,246,14765.0,27,14720.0,165
1597988582103724032,1597988582000000000,2020-08-21 13:43:02.000000,14745.0,14985.0,14720.0,14780.0,nan,14841.672,110129,8172492425.0,114948,14745.0,28,14740.0,326,14750.0,74,14735.0,299,14755.0,47,14730.0,176,14760.0,37,14725.0,246,14765.0,27,14720.0,165
1597988582626686976,1597988582500000000,2020-08-21 13:43:02.500000,14745.0,14985.0,14720.0,14780.0,nan,14841.672,110129,8172492425.0,114948,14745.0,29,14740.0,326,14750.0,74,14735.0,299,14755.0,47,14730.0,176,14760.0,37,14725.0,246,14765.0,27,14720.0,165
1597988583122550016,1597988583000000000,2020-08-21 13:43:03.000000,14740.0,14985.0,14720.0,14780.0,nan,14841.668,110133,8172787250.0,114946,14745.0,28,14740.0,323,14750.0,74,14735.0,299,14755.0,47,14730.0,176,14760.0,37,14725.0,246,14765.0,27,14720.0,165
1597988583614394112,1597988583500000000,2020-08-21 13:43:03.500000,14740.0,14985.0,14720.0,14780.0,nan,14841.668,110133,8172787250.0,114946,14745.0,30,14740.0,323,14750.0,74,14735.0,299,14755.0,47,14730.0,176,14760.0,37,14725.0,246,14765.0,27,14720.0,165
1597988584119603968,1597988584000000000,2020-08-21 13:43:04.000000,14740.0,14985.0,14720.0,14780.0,nan,14841.668,110133,8172787250.0,114946,14745.0,32,14740.0,323,14750.0,74,14735.0,299,14755.0,47,14730.0,176,14760.0,37,14725.0,246,14765.0,27,14720.0,165
1597988584620822016,1597988584500000000,2020-08-21 13:43:04.500000,14740.0,14985.0,14720.0,14780.0,nan,14841.668,110133,8172787250.0,114946,14745.0,33,14740.0,323,14750.0,74,14735.0,299,14755.0,47,14730.0,176,14760.0,37,14725.0,246,14765.0,27,14720.0,165
1597988585634241024,1597988585500000000,2020-08-21 13:43:05.500000,14740.0,14985.0,14720.0,14780.0,nan,14841.668,110133,8172787250.0,114946,14745.0,34,14740.0,323,14750.0,74,14735.0,299,14755.0,47,14730.0,176,14760.0,37,14725.0,246,14765.0,27,14720.0,165
1597988586117275904,1597988586000000000,2020-08-21 13:43:06.000000,14740.0,14985.0,14720.0,14780.0,nan,14841.668,110133,8172787250.0,114946,14745.0,47,14740.0,323,14750.0,74,14735.0,299,14755.0,47,14730.0,176,14760.0,37,14725.0,246,14765.0,27,14720.0,165
1597988587608385024,1597988587500000000,2020-08-21 13:43:07.500000,14740.0,14985.0,14720.0,14780.0,nan,14841.668,110133,8172787250.0,114946,14745.0,47,14740.0,323,14750.0,75,14735.0,299,14755.0,47,14730.0,176,14760.0,37,14725.0,246,14765.0,27,14720.0,165
1597988588108773888,1597988588000000000,2020-08-21 13:43:08.000000,14740.0,14985.0,14720.0,14780.0,nan,14841.668,110133,8172787250.0,114946,14745.0,48,14740.0,323,14750.0,75,14735.0,299,14755.0,47,14730.0,176,14760.0,37,14725.0,246,14765.0,27,14720.0,165
1597988588648389888,1597988588500000000,2020-08-21 13:43:08.500000,14740.0,14985.0,14720.0,14780.0,nan,14841.667,110134,8172860950.0,114946,14745.0,49,14740.0,322,14750.0,75,14735.0,299,14755.0,47,14730.0,176,14760.0,37,14725.0,246,14765.0,27,14720.0,165
1597988592119801088,1597988592000000000,2020-08-21 13:43:12.000000,14745.0,14985.0,14720.0,14780.0,nan,14841.666,110135,8172934675.0,114947,14745.0,48,14740.0,322,14750.0,75,14735.0,299,14755.0,47,14730.0,176,14760.0,37,14725.0,246,14765.0,27,14720.0,165
1597988594610349056,1597988594500000000,2020-08-21 13:43:14.500000,14740.0,14985.0,14720.0,14780.0,nan,14841.663,110139,8173229475.0,114943,14745.0,48,14740.0,318,14750.0,75,14735.0,299,14755.0,47,14730.0,176,14760.0,37,14725.0,246,14765.0,27,14720.0,165
1597988595120140032,1597988595000000000,2020-08-21 13:43:15.000000,14740.0,14985.0,14720.0,14780.0,nan,14841.663,110139,8173229475.0,114943,14745.0,48,14740.0,322,14750.0,75,14735.0,299,14755.0,47,14730.0,176,14760.0,37,14725.0,246,14765.0,27,14720.0,165
1597988595615311104,1597988595500000000,2020-08-21 13:43:15.500000,14745.0,14985.0,14720.0,14780.0,nan,14841.656,110147,8173819275.0,114947,14745.0,40,14740.0,323,14750.0,75,14735.0,299,14755.0,47,14730.0,176,14760.0,37,14725.0,246,14765.0,27,14720.0,165
1597988596623034112,1597988596500000000,2020-08-21 13:43:16.500000,14740.0,14985.0,14720.0,14780.0,nan,14841.638,110167,8175293400.0,114939,14745.0,36,14740.0,308,14750.0,75,14735.0,299,14755.0,47,14730.0,176,14760.0,37,14725.0,246,14765.0,27,14720.0,165
1597988598609059072,1597988598500000000,2020-08-21 13:43:18.500000,14745.0,14985.0,14720.0,14780.0,nan,14841.637,110168,8175367125.0,114939,14745.0,35,14740.0,308,14750.0,75,14735.0,299,14755.0,47,14730.0,176,14760.0,37,14725.0,246,14765.0,27,14720.0,165
1597988599621922048,1597988599500000000,2020-08-21 13:43:19.500000,14745.0,14985.0,14720.0,14780.0,nan,14841.637,110168,8175367125.0,114939,14745.0,33,14740.0,308,14750.0,75,14735.0,299,14755.0,47,14730.0,176,14760.0,37,14725.0,246,14765.0,27,14720.0,165
1597988600604158976,1597988600500000000,2020-08-21 13:43:20.500000,14740.0,14985.0,14720.0,14780.0,nan,14841.636,110169,8175440825.0,114939,14745.0,33,14740.0,307,14750.0,75,14735.0,299,14755.0,47,14730.0,176,14760.0,37,14725.0,246,14765.0,27,14720.0,165
1597988601122778880,1597988601000000000,2020-08-21 13:43:21.000000,14740.0,14985.0,14720.0,14780.0,nan,14841.636,110169,8175440825.0,114939,14745.0,34,14740.0,309,14750.0,75,14735.0,299,14755.0,47,14730.0,176,14760.0,37,14725.0,246,14765.0,27,14720.0,165
1597988604112471040,1597988604000000000,2020-08-21 13:43:24.000000,14745.0,14985.0,14720.0,14780.0,nan,14841.635,110170,8175514550.0,114938,14745.0,33,14740.0,310,14750.0,75,14735.0,299,14755.0,47,14730.0,176,14760.0,37,14725.0,246,14765.0,27,14720.0,165
1597988604614949120,1597988604500000000,2020-08-21 13:43:24.500000,14745.0,14985.0,14720.0,14780.0,nan,14841.635,110170,8175514550.0,114938,14745.0,33,14740.0,311,14750.0,75,14735.0,299,14755.0,47,14730.0,176,14760.0,37,14725.0,246,14765.0,27,14720.0,165
1597988615612141056,1597988615500000000,2020-08-21 13:43:35.500000,14745.0,14985.0,14720.0,14780.0,nan,14841.635,110170,8175514550.0,114938,14745.0,29,14740.0,311,14750.0,75,14735.0,299,14755.0,47,14730.0,176,14760.0,37,14725.0,246,14765.0,27,14720.0,165
1597988616114481920,1597988616000000000,2020-08-21 13:43:36.000000,14745.0,14985.0,14720.0,14780.0,nan,14841.629,110177,8176030625.0,114940,14745.0,23,14740.0,311,14750.0,75,14735.0,299,14755.0,47,14730.0,176,14760.0,37,14725.0,246,14765.0,27,14720.0,165
1597988616623186944,1597988616500000000,2020-08-21 13:43:36.500000,14745.0,14985.0,14720.0,14780.0,nan,14841.626,110180,8176251800.0,114939,14745.0,19,14740.0,312,14750.0,75,14735.0,299,14755.0,47,14730.0,176,14760.0,37,14725.0,246,14765.0,27,14720.0,165
1597988617123843072,1597988617000000000,2020-08-21 13:43:37.000000,14745.0,14985.0,14720.0,14780.0,nan,14841.609,110199,8177652575.0,114958,14750.0,75,14740.0,312,14755.0,47,14735.0,299,14760.0,37,14730.0,176,14765.0,27,14725.0,246,14770.0,170,14720.0,165
1597988617620763904,1597988617500000000,2020-08-21 13:43:37.500000,14745.0,14985.0,14720.0,14780.0,nan,14841.608,110201,8177800025.0,114960,14750.0,75,14745.0,1,14755.0,47,14740.0,312,14760.0,37,14735.0,299,14765.0,27,14730.0,176,14770.0,170,14725.0,246
1597988618105702912,1597988618000000000,2020-08-21 13:43:38.000000,14745.0,14985.0,14720.0,14780.0,nan,14841.607,110202,8177873750.0,114961,14750.0,77,14745.0,7,14755.0,47,14740.0,319,14760.0,37,14735.0,299,14765.0,27,14730.0,176,14770.0,170,14725.0,246
1597988618618796032,1597988618500000000,2020-08-21 13:43:38.500000,14745.0,14985.0,14720.0,14780.0,nan,14841.607,110202,8177873750.0,114961,14750.0,77,14745.0,10,14755.0,47,14740.0,319,14760.0,37,14735.0,299,14765.0,27,14730.0,176,14770.0,170,14725.0,246
1597988620113876992,1597988620000000000,2020-08-21 13:43:40.000000,14745.0,14985.0,14720.0,14780.0,nan,14841.607,110202,8177873750.0,114961,14750.0,82,14745.0,10,14755.0,47,14740.0,319,14760.0,37,14735.0,299,14765.0,27,14730.0,176,14770.0,170,14725.0,246
1597988620604502016,1597988620500000000,2020-08-21 13:43:40.500000,14745.0,14985.0,14720.0,14780.0,nan,14841.607,110202,8177873750.0,114961,14750.0,83,14745.0,10,14755.0,47,14740.0,319,14760.0,37,14735.0,299,14765.0,27,14730.0,176,14770.0,170,14725.0,246
1597988621108438016,1597988621000000000,2020-08-21 13:43:41.000000,14745.0,14985.0,14720.0,14780.0,nan,14841.602,110207,8178242375.0,114964,14750.0,83,14745.0,5,14755.0,47,14740.0,319,14760.0,37,14735.0,299,14765.0,27,14730.0,176,14770.0,170,14725.0,246
1597988621607329024,1597988621500000000,2020-08-21 13:43:41.500000,14745.0,14985.0,14720.0,14780.0,nan,14841.598,110212,8178611000.0,114962,14745.0,7,14740.0,319,14750.0,83,14735.0,299,14755.0,47,14730.0,176,14760.0,37,14725.0,246,14765.0,27,14720.0,165
1597988622119118080,1597988622000000000,2020-08-21 13:43:42.000000,14745.0,14985.0,14720.0,14780.0,nan,14841.598,110212,8178611000.0,114962,14745.0,11,14740.0,319,14750.0,83,14735.0,299,14755.0,47,14730.0,176,14760.0,37,14725.0,246,14765.0,27,14720.0,165
1597988622606511104,1597988622500000000,2020-08-21 13:43:42.500000,14745.0,14985.0,14720.0,14780.0,nan,14841.598,110212,8178611000.0,114962,14745.0,12,14740.0,318,14750.0,83,14735.0,299,14755.0,47,14730.0,176,14760.0,37,14725.0,246,14765.0,27,14720.0,165
1597988623124331008,1597988623000000000,2020-08-21 13:43:43.000000,14745.0,14985.0,14720.0,14780.0,nan,14841.598,110212,8178611000.0,114962,14745.0,18,14740.0,318,14750.0,83,14735.0,299,14755.0,47,14730.0,176,14760.0,37,14725.0,246,14765.0,27,14720.0,165
1597988623610243072,1597988623500000000,2020-08-21 13:43:43.500000,14740.0,14985.0,14720.0,14780.0,nan,14841.515,110302,8185244000.0,114974,14745.0,19,14740.0,228,14750.0,83,14735.0,299,14755.0,47,14730.0,176,14760.0,37,14725.0,246,14765.0,27,14720.0,165
1597988624114960896,1597988624000000000,2020-08-21 13:43:44.000000,14740.0,14985.0,14720.0,14780.0,nan,14841.515,110302,8185244000.0,114974,14745.0,41,14740.0,227,14750.0,83,14735.0,299,14755.0,47,14730.0,176,14760.0,35,14725.0,246,14765.0,27,14720.0,165
1597988624629244928,1597988624500000000,2020-08-21 13:43:44.500000,14745.0,14985.0,14720.0,14780.0,nan,14841.514,110303,8185317725.0,114974,14745.0,42,14740.0,227,14750.0,83,14735.0,299,14755.0,47,14730.0,176,14760.0,35,14725.0,246,14765.0,27,14720.0,165
1597988625119451904,1597988625000000000,2020-08-21 13:43:45.000000,14745.0,14985.0,14720.0,14780.0,nan,14841.513,110304,8185391450.0,114974,14745.0,41,14740.0,227,14750.0,83,14735.0,299,14755.0,47,14730.0,176,14760.0,35,14725.0,246,14765.0,27,14720.0,165
1597988629607958016,1597988629500000000,2020-08-21 13:43:49.500000,14740.0,14985.0,14720.0,14780.0,nan,14841.501,110317,8186349550.0,114961,14745.0,41,14740.0,214,14750.0,83,14735.0,299,14755.0,47,14730.0,176,14760.0,35,14725.0,246,14765.0,27,14720.0,165
1597988630120083968,1597988630000000000,2020-08-21 13:43:50.000000,14740.0,14985.0,14720.0,14780.0,nan,14841.501,110317,8186349550.0,114961,14745.0,41,14740.0,216,14750.0,83,14735.0,299,14755.0,47,14730.0,176,14760.0,35,14725.0,246,14765.0,27,14720.0,165
1597988630627623936,1597988630500000000,2020-08-21 13:43:50.500000,14740.0,14985.0,14720.0,14780.0,nan,14841.501,110317,8186349550.0,114961,14745.0,46,14740.0,216,14750.0,83,14735.0,299,14755.0,47,14730.0,176,14760.0,35,14725.0,246,14765.0,27,14720.0,165
1597988631617084928,1597988631500000000,2020-08-21 13:43:51.500000,14745.0,14985.0,14720.0,14780.0,nan,14841.501,110318,8186423275.0,114962,14745.0,45,14740.0,216,14750.0,83,14735.0,299,14755.0,47,14730.0,176,14760.0,35,14725.0,246,14765.0,27,14720.0,165
1597988635125012992,1597988635000000000,2020-08-21 13:43:55.000000,14745.0,14985.0,14720.0,14780.0,nan,14841.461,110363,8189740900.0,114995,14750.0,83,14745.0,5,14755.0,47,14740.0,216,14760.0,35,14735.0,299,14765.0,27,14730.0,176,14770.0,170,14725.0,246
1597988635606949120,1597988635500000000,2020-08-21 13:43:55.500000,14745.0,14985.0,14720.0,14780.0,nan,14841.461,110363,8189740900.0,114995,14750.0,100,14745.0,6,14755.0,47,14740.0,219,14760.0,35,14735.0,299,14765.0,27,14730.0,176,14770.0,170,14725.0,246
1597988636109541120,1597988636000000000,2020-08-21 13:43:56.000000,14745.0,14985.0,14720.0,14780.0,nan,14841.456,110369,8190183250.0,114994,14750.0,100,14740.0,218,14755.0,47,14735.0,299,14760.0,35,14730.0,176,14765.0,27,14725.0,246,14770.0,170,14720.0,165
1597988636609074944,1597988636500000000,2020-08-21 13:43:56.500000,14745.0,14985.0,14720.0,14780.0,nan,14841.456,110369,8190183250.0,114994,14750.0,100,14740.0,219,14755.0,47,14735.0,299,14760.0,35,14730.0,176,14765.0,27,14725.0,246,14770.0,170,14720.0,165
1597988640604745984,1597988640500000000,2020-08-21 13:44:00.500000,14745.0,14985.0,14720.0,14780.0,nan,14841.456,110369,8190183250.0,114994,14750.0,100,14740.0,220,14755.0,47,14735.0,299,14760.0,35,14730.0,176,14765.0,27,14725.0,246,14770.0,170,14720.0,165
1597988641614019072,1597988641500000000,2020-08-21 13:44:01.500000,14745.0,14985.0,14720.0,14780.0,nan,14841.456,110369,8190183250.0,114994,14750.0,100,14740.0,370,14755.0,47,14735.0,299,14760.0,35,14730.0,176,14765.0,27,14725.0,246,14770.0,170,14720.0,165
1597988642121627904,1597988642000000000,2020-08-21 13:44:02.000000,14745.0,14985.0,14720.0,14780.0,nan,14841.456,110369,8190183250.0,114994,14750.0,100,14745.0,1,14755.0,47,14740.0,371,14760.0,35,14735.0,299,14765.0,27,14730.0,176,14770.0,170,14725.0,246
1597988642608374016,1597988642500000000,2020-08-21 13:44:02.500000,14745.0,14985.0,14720.0,14780.0,nan,14841.456,110369,8190183250.0,114994,14750.0,99,14745.0,8,14755.0,47,14740.0,372,14760.0,35,14735.0,299,14765.0,27,14730.0,176,14770.0,170,14725.0,246
1597988643124391936,1597988643000000000,2020-08-21 13:44:03.000000,14745.0,14985.0,14720.0,14780.0,nan,14841.456,110369,8190183250.0,114994,14750.0,99,14745.0,13,14755.0,47,14740.0,372,14760.0,35,14735.0,299,14765.0,27,14730.0,176,14770.0,170,14725.0,246
1597988643609003008,1597988643500000000,2020-08-21 13:44:03.500000,14745.0,14985.0,14720.0,14780.0,nan,14841.456,110369,8190183250.0,114994,14750.0,100,14745.0,15,14755.0,47,14740.0,372,14760.0,35,14735.0,299,14765.0,27,14730.0,176,14770.0,170,14725.0,246
1597988646111731968,1597988646000000000,2020-08-21 13:44:06.000000,14745.0,14985.0,14720.0,14780.0,nan,14841.443,110384,8191289125.0,115004,14745.0,75,14740.0,372,14750.0,100,14735.0,299,14755.0,47,14730.0,176,14760.0,35,14725.0,246,14765.0,27,14720.0,165
1597988646611643904,1597988646500000000,2020-08-21 13:44:06.500000,14745.0,14985.0,14720.0,14780.0,nan,14841.441,110386,8191436575.0,115006,14745.0,75,14740.0,371,14750.0,100,14735.0,299,14755.0,47,14730.0,176,14760.0,35,14725.0,246,14765.0,27,14720.0,165
1597988647104975872,1597988647000000000,2020-08-21 13:44:07.000000,14745.0,14985.0,14720.0,14780.0,nan,14841.441,110386,8191436575.0,115006,14745.0,75,14740.0,370,14750.0,100,14735.0,299,14755.0,47,14730.0,176,14760.0,35,14725.0,246,14765.0,27,14720.0,165
1597988648622385920,1597988648500000000,2020-08-21 13:44:08.500000,14745.0,14985.0,14720.0,14780.0,nan,14841.44,110387,8191510300.0,115007,14745.0,74,14740.0,370,14750.0,100,14735.0,299,14755.0,47,14730.0,176,14760.0,35,14725.0,246,14765.0,27,14720.0,165
1597988657600760064,1597988657500000000,2020-08-21 13:44:17.500000,14745.0,14985.0,14720.0,14780.0,nan,14841.438,110389,8191657750.0,115009,14745.0,72,14740.0,370,14750.0,100,14735.0,299,14755.0,47,14730.0,176,14760.0,35,14725.0,246,14765.0,27,14720.0,165
1597988662616505088,1597988662500000000,2020-08-21 13:44:22.500000,14745.0,14985.0,14720.0,14780.0,nan,14841.438,110389,8191657750.0,115009,14745.0,74,14740.0,370,14750.0,100,14735.0,299,14755.0,47,14730.0,176,14760.0,35,14725.0,246,14765.0,27,14720.0,165
1597988663117669888,1597988663000000000,2020-08-21 13:44:23.000000,14745.0,14985.0,14720.0,14780.0,nan,14841.438,110389,8191657750.0,115009,14745.0,81,14740.0,370,14750.0,100,14735.0,299,14755.0,47,14730.0,176,14760.0,35,14725.0,246,14765.0,27,14720.0,165
1597988664115757056,1597988664000000000,2020-08-21 13:44:24.000000,14745.0,14985.0,14720.0,14780.0,nan,14841.438,110389,8191657750.0,115009,14745.0,81,14740.0,369,14750.0,100,14735.0,299,14755.0,47,14730.0,176,14760.0,35,14725.0,246,14765.0,27,14720.0,165
1597988670606543104,1597988670500000000,2020-08-21 13:44:30.500000,14745.0,14985.0,14720.0,14780.0,nan,14841.438,110389,8191657750.0,115009,14745.0,81,14740.0,369,14750.0,99,14735.0,299,14755.0,47,14730.0,176,14760.0,35,14725.0,246,14765.0,27,14720.0,165
1597988673616272896,1597988673500000000,2020-08-21 13:44:33.500000,14745.0,14985.0,14720.0,14780.0,nan,14841.438,110389,8191657750.0,115009,14745.0,81,14740.0,369,14750.0,94,14735.0,299,14755.0,47,14730.0,176,14760.0,35,14725.0,246,14765.0,27,14720.0,165
1597988674123684096,1597988674000000000,2020-08-21 13:44:34.000000,14745.0,14985.0,14720.0,14780.0,nan,14841.438,110389,8191657750.0,115009,14745.0,81,14740.0,369,14750.0,91,14735.0,299,14755.0,47,14730.0,176,14760.0,35,14725.0,246,14765.0,27,14720.0,165
1597988674619084032,1597988674500000000,2020-08-21 13:44:34.500000,14745.0,14985.0,14720.0,14780.0,nan,14841.438,110389,8191657750.0,115009,14745.0,84,14740.0,369,14750.0,91,14735.0,299,14755.0,47,14730.0,176,14760.0,35,14725.0,246,14765.0,27,14720.0,165
1597988682613051904,1597988682500000000,2020-08-21 13:44:42.500000,14745.0,14985.0,14720.0,14780.0,nan,14841.438,110389,8191657750.0,115009,14745.0,85,14740.0,369,14750.0,91,14735.0,299,14755.0,47,14730.0,176,14760.0,35,14725.0,246,14765.0,27,14720.0,165
1597988683121766912,1597988683000000000,2020-08-21 13:44:43.000000,14745.0,14985.0,14720.0,14780.0,nan,14841.438,110389,8191657750.0,115009,14745.0,89,14740.0,369,14750.0,91,14735.0,299,14755.0,47,14730.0,176,14760.0,35,14725.0,246,14765.0,27,14720.0,165
1597988684117213952,1597988684000000000,2020-08-21 13:44:44.000000,14745.0,14985.0,14720.0,14780.0,nan,14841.438,110389,8191657750.0,115009,14745.0,90,14740.0,369,14750.0,91,14735.0,299,14755.0,47,14730.0,176,14760.0,35,14725.0,246,14765.0,27,14720.0,165
1597988686101436928,1597988686000000000,2020-08-21 13:44:46.000000,14740.0,14985.0,14720.0,14780.0,nan,14841.438,110390,8191731450.0,115009,14745.0,90,14740.0,368,14750.0,91,14735.0,299,14755.0,47,14730.0,176,14760.0,35,14725.0,246,14765.0,27,14720.0,165
1597988686626105088,1597988686500000000,2020-08-21 13:44:46.500000,14740.0,14985.0,14720.0,14780.0,nan,14841.438,110390,8191731450.0,115009,14745.0,90,14740.0,368,14750.0,91,14735.0,299,14755.0,47,14730.0,176,14760.0,45,14725.0,246,14765.0,27,14720.0,165
1597988688107347968,1597988688000000000,2020-08-21 13:44:48.000000,14740.0,14985.0,14720.0,14780.0,nan,14841.438,110390,8191731450.0,115009,14745.0,90,14740.0,369,14750.0,91,14735.0,299,14755.0,47,14730.0,176,14760.0,45,14725.0,246,14765.0,27,14720.0,165
1597988688615710976,1597988688500000000,2020-08-21 13:44:48.500000,14740.0,14985.0,14720.0,14780.0,nan,14841.438,110390,8191731450.0,115009,14745.0,90,14740.0,369,14750.0,90,14735.0,299,14755.0,47,14730.0,176,14760.0,45,14725.0,246,14765.0,27,14720.0,165
1597988689111090944,1597988689000000000,2020-08-21 13:44:49.000000,14740.0,14985.0,14720.0,14780.0,nan,14841.437,110391,8191805150.0,115008,14745.0,91,14740.0,368,14750.0,90,14735.0,299,14755.0,47,14730.0,176,14760.0,45,14725.0,246,14765.0,27,14720.0,165
1597988690606323968,1597988690500000000,2020-08-21 13:44:50.500000,14740.0,14985.0,14720.0,14780.0,nan,14841.436,110392,8191878850.0,115008,14745.0,91,14740.0,367,14750.0,90,14735.0,299,14755.0,47,14730.0,176,14760.0,45,14725.0,246,14765.0,27,14720.0,165
1597988691124935936,1597988691000000000,2020-08-21 13:44:51.000000,14740.0,14985.0,14720.0,14780.0,nan,14841.436,110392,8191878850.0,115008,14745.0,95,14740.0,367,14750.0,90,14735.0,299,14755.0,47,14730.0,176,14760.0,45,14725.0,246,14765.0,27,14720.0,165
1597988694104632064,1597988694000000000,2020-08-21 13:44:54.000000,14740.0,14985.0,14720.0,14780.0,nan,14841.436,110392,8191878850.0,115008,14745.0,95,14740.0,368,14750.0,90,14735.0,299,14755.0,47,14730.0,176,14760.0,45,14725.0,246,14765.0,27,14720.0,165
1597988694599329024,1597988694500000000,2020-08-21 13:44:54.500000,14740.0,14985.0,14720.0,14780.0,nan,14841.435,110393,8191952550.0,115007,14745.0,94,14740.0,367,14750.0,90,14735.0,299,14755.0,47,14730.0,176,14760.0,45,14725.0,246,14765.0,27,14720.0,165
1597988697611395072,1597988697500000000,2020-08-21 13:44:57.500000,14740.0,14985.0,14720.0,14780.0,nan,14841.435,110393,8191952550.0,115007,14745.0,94,14740.0,367,14750.0,90,14735.0,299,14755.0,45,14730.0,176,14760.0,45,14725.0,246,14765.0,27,14720.0,165
1597988698106220032,1597988698000000000,2020-08-21 13:44:58.000000,14740.0,14985.0,14720.0,14780.0,nan,14841.435,110393,8191952550.0,115007,14745.0,94,14740.0,367,14750.0,90,14735.0,299,14755.0,45,14730.0,176,14760.0,45,14725.0,245,14765.0,27,14720.0,165
1597988701104200960,1597988701000000000,2020-08-21 13:45:01.000000,14740.0,14985.0,14720.0,14780.0,nan,14841.435,110393,8191952550.0,115007,14745.0,94,14740.0,367,14750.0,90,14735.0,299,14755.0,45,14730.0,174,14760.0,45,14725.0,245,14765.0,27,14720.0,165
1597988701608314112,1597988701500000000,2020-08-21 13:45:01.500000,14745.0,14985.0,14720.0,14780.0,nan,14841.43,110398,8192321175.0,115007,14745.0,97,14740.0,367,14750.0,90,14735.0,299,14755.0,45,14730.0,174,14760.0,45,14725.0,245,14765.0,28,14720.0,165
1597988703116246016,1597988703000000000,2020-08-21 13:45:03.000000,14745.0,14985.0,14720.0,14780.0,nan,14841.43,110399,8192394900.0,115008,14745.0,96,14740.0,367,14750.0,90,14735.0,299,14755.0,45,14730.0,174,14760.0,45,14725.0,245,14765.0,28,14720.0,165
1597988703609859072,1597988703500000000,2020-08-21 13:45:03.500000,14745.0,14985.0,14720.0,14780.0,nan,14841.43,110399,8192394900.0,115008,14745.0,96,14740.0,367,14750.0,77,14735.0,299,14755.0,45,14730.0,174,14760.0,45,14725.0,245,14765.0,28,14720.0,165
1597988704151675904,1597988704000000000,2020-08-21 13:45:04.000000,14745.0,14985.0,14720.0,14780.0,nan,14841.43,110399,8192394900.0,115008,14745.0,110,14740.0,367,14750.0,77,14735.0,299,14755.0,45,14730.0,174,14760.0,45,14725.0,245,14765.0,28,14720.0,165
1597988706122232064,1597988706000000000,2020-08-21 13:45:06.000000,14745.0,14985.0,14720.0,14780.0,nan,14841.43,110399,8192394900.0,115008,14745.0,127,14740.0,368,14750.0,77,14735.0,299,14755.0,45,14730.0,174,14760.0,45,14725.0,245,14765.0,28,14720.0,165
1597988707121328896,1597988707000000000,2020-08-21 13:45:07.000000,14740.0,14985.0,14720.0,14780.0,nan,14841.093,110766,8219442800.0,115109,14740.0,11,14735.0,299,14745.0,133,14730.0,174,14750.0,77,14725.0,245,14755.0,45,14720.0,165,14760.0,45,14715.0,330
1597988707605394944,1597988707500000000,2020-08-21 13:45:07.500000,14740.0,14985.0,14720.0,14780.0,nan,14841.085,110775,8220106100.0,115109,14740.0,47,14735.0,300,14745.0,114,14730.0,174,14750.0,73,14725.0,232,14755.0,54,14720.0,165,14760.0,45,14715.0,330
1597988708126209024,1597988708000000000,2020-08-21 13:45:08.000000,14740.0,14985.0,14720.0,14780.0,nan,14841.085,110775,8220106100.0,115109,14740.0,60,14735.0,300,14745.0,110,14730.0,174,14750.0,72,14725.0,232,14755.0,54,14720.0,165,14760.0,44,14715.0,330
1597988708606788096,1597988708500000000,2020-08-21 13:45:08.500000,14740.0,14985.0,14720.0,14780.0,nan,14841.085,110775,8220106100.0,115109,14740.0,60,14735.0,300,14745.0,110,14730.0,174,14750.0,73,14725.0,232,14755.0,54,14720.0,165,14760.0,44,14715.0,330
1597988710604272896,1597988710500000000,2020-08-21 13:45:10.500000,14740.0,14985.0,14720.0,14780.0,nan,14841.085,110775,8220106100.0,115109,14740.0,80,14735.0,300,14745.0,110,14730.0,174,14750.0,73,14725.0,232,14755.0,54,14720.0,165,14760.0,44,14715.0,330
1597988712602557952,1597988712500000000,2020-08-21 13:45:12.500000,14740.0,14985.0,14720.0,14780.0,nan,14841.084,110776,8220179800.0,115109,14740.0,79,14735.0,300,14745.0,110,14730.0,174,14750.0,73,14725.0,232,14755.0,54,14720.0,165,14760.0,44,14715.0,330
1597988713115696128,1597988713000000000,2020-08-21 13:45:13.000000,14740.0,14985.0,14720.0,14780.0,nan,14841.084,110776,8220179800.0,115109,14740.0,80,14735.0,300,14745.0,110,14730.0,174,14750.0,73,14725.0,232,14755.0,54,14720.0,165,14760.0,44,14715.0,330
1597988714616368128,1597988714500000000,2020-08-21 13:45:14.500000,14740.0,14985.0,14720.0,14780.0,nan,14841.083,110777,8220253500.0,115109,14740.0,79,14735.0,300,14745.0,110,14730.0,174,14750.0,73,14725.0,232,14755.0,54,14720.0,165,14760.0,44,14715.0,330
1597988715107880960,1597988715000000000,2020-08-21 13:45:15.000000,14740.0,14985.0,14720.0,14780.0,nan,14841.083,110777,8220253500.0,115109,14740.0,80,14735.0,300,14745.0,110,14730.0,174,14750.0,73,14725.0,232,14755.0,54,14720.0,165,14760.0,44,14715.0,330
1597988716606403072,1597988716500000000,2020-08-21 13:45:16.500000,14740.0,14985.0,14720.0,14780.0,nan,14841.08,110781,8220548300.0,115109,14740.0,76,14735.0,300,14745.0,110,14730.0,174,14750.0,73,14725.0,232,14755.0,54,14720.0,165,14760.0,44,14715.0,330
1597988717108506880,1597988717000000000,2020-08-21 13:45:17.000000,14740.0,14985.0,14720.0,14780.0,nan,14841.01,110857,8226149500.0,115090,14740.0,3,14735.0,301,14745.0,110,14730.0,174,14750.0,73,14725.0,232,14755.0,54,14720.0,165,14760.0,44,14715.0,330
1597988717619322880,1597988717500000000,2020-08-21 13:45:17.500000,14745.0,14985.0,14720.0,14780.0,nan,14841.005,110863,8226591725.0,115091,14745.0,108,14735.0,303,14750.0,73,14730.0,174,14755.0,54,14725.0,232,14760.0,44,14720.0,165,14765.0,27,14715.0,330
1597988718118409984,1597988718000000000,2020-08-21 13:45:18.000000,14745.0,14985.0,14720.0,14780.0,nan,14841.004,110864,8226665450.0,115091,14745.0,107,14740.0,4,14750.0,73,14735.0,304,14755.0,53,14730.0,174,14760.0,45,14725.0,232,14765.0,27,14720.0,165
1597988718608542976,1597988718500000000,2020-08-21 13:45:18.500000,14745.0,14985.0,14720.0,14780.0,nan,14841.004,110864,8226665450.0,115091,14745.0,107,14740.0,26,14750.0,73,14735.0,305,14755.0,53,14730.0,174,14760.0,45,14725.0,232,14765.0,27,14720.0,165
1597988719112216064,1597988719000000000,2020-08-21 13:45:19.000000,14745.0,14985.0,14720.0,14780.0,nan,14841.004,110864,8226665450.0,115091,14745.0,107,14740.0,27,14750.0,73,14735.0,306,14755.0,53,14730.0,174,14760.0,45,14725.0,232,14765.0,27,14720.0,165
1597988719615738112,1597988719500000000,2020-08-21 13:45:19.500000,14745.0,14985.0,14720.0,14780.0,nan,14841.004,110864,8226665450.0,115091,14745.0,107,14740.0,31,14750.0,73,14735.0,306,14755.0,53,14730.0,174,14760.0,45,14725.0,232,14765.0,27,14720.0,165
1597988720123575040,1597988720000000000,2020-08-21 13:45:20.000000,14745.0,14985.0,14720.0,14780.0,nan,14841.004,110864,8226665450.0,115091,14745.0,107,14740.0,33,14750.0,73,14735.0,307,14755.0,53,14730.0,174,14760.0,45,14725.0,232,14765.0,27,14720.0,165
1597988720612733952,1597988720500000000,2020-08-21 13:45:20.500000,14745.0,14985.0,14720.0,14780.0,nan,14841.004,110864,8226665450.0,115091,14745.0,107,14740.0,33,14750.0,73,14735.0,309,14755.0,53,14730.0,174,14760.0,45,14725.0,232,14765.0,27,14720.0,165
1597988722623804928,1597988722500000000,2020-08-21 13:45:22.500000,14745.0,14985.0,14720.0,14780.0,nan,14841.004,110864,8226665450.0,115091,14745.0,108,14740.0,33,14750.0,73,14735.0,309,14755.0,53,14730.0,174,14760.0,45,14725.0,232,14765.0,27,14720.0,165
1597988723103389952,1597988723000000000,2020-08-21 13:45:23.000000,14745.0,14985.0,14720.0,14780.0,nan,14841.004,110864,8226665450.0,115091,14745.0,108,14740.0,34,14750.0,73,14735.0,309,14755.0,53,14730.0,174,14760.0,45,14725.0,232,14765.0,27,14720.0,165
1597988726126309888,1597988726000000000,2020-08-21 13:45:26.000000,14745.0,14985.0,14720.0,14780.0,nan,14841.004,110864,8226665450.0,115091,14745.0,108,14740.0,36,14750.0,73,14735.0,309,14755.0,53,14730.0,174,14760.0,45,14725.0,232,14765.0,27,14720.0,165
1597988726612396032,1597988726500000000,2020-08-21 13:45:26.500000,14745.0,14985.0,14720.0,14780.0,nan,14841.004,110864,8226665450.0,115091,14745.0,108,14740.0,40,14750.0,73,14735.0,309,14755.0,53,14730.0,174,14760.0,45,14725.0,232,14765.0,27,14720.0,165
1597988727105231872,1597988727000000000,2020-08-21 13:45:27.000000,14740.0,14985.0,14720.0,14780.0,nan,14841.003,110865,8226739150.0,115091,14745.0,108,14740.0,40,14750.0,72,14735.0,309,14755.0,53,14730.0,174,14760.0,45,14725.0,232,14765.0,27,14720.0,165
1597988727613082112,1597988727500000000,2020-08-21 13:45:27.500000,14740.0,14985.0,14720.0,14780.0,nan,14841.003,110865,8226739150.0,115091,14745.0,109,14740.0,46,14750.0,72,14735.0,307,14755.0,53,14730.0,174,14760.0,46,14725.0,232,14765.0,27,14720.0,165
1597988728121315072,1597988728000000000,2020-08-21 13:45:28.000000,14740.0,14985.0,14720.0,14780.0,nan,14841.003,110865,8226739150.0,115091,14745.0,109,14740.0,50,14750.0,72,14735.0,303,14755.0,53,14730.0,174,14760.0,46,14725.0,232,14765.0,27,14720.0,165
1597988728627106048,1597988728500000000,2020-08-21 13:45:28.500000,14745.0,14985.0,14720.0,14780.0,nan,14841.002,110866,8226812875.0,115091,14745.0,108,14740.0,51,14750.0,72,14735.0,300,14755.0,53,14730.0,174,14760.0,46,14725.0,232,14765.0,27,14720.0,165
