local_nano_time,quote_nano_time,datetime,last_price,highest,lowest,open,close,average,volume,amount,open_interest,ask_price1,ask_volume1,bid_price1,bid_volume1,ask_price2,ask_volume2,bid_price2,bid_volume2,ask_price3,ask_volume3,bid_price3,bid_volume3,ask_price4,ask_volume4,bid_price4,bid_volume4,ask_price5,ask_volume5,bid_price5,bid_volume5
1597988226230413056,1597988226727000064,2020-08-21 13:37:06.727000,2271.0,2284.0,2256.0,2282.0,nan,2268.0,389810,8840890800.0,294827,2271.0,45,2270.0,255,nan,0,nan,0,nan,0,nan,0,nan,0,nan,0,nan,0,nan,0
1597988226686184960,1597988227224000000,2020-08-21 13:37:07.224000,2271.0,2284.0,2256.0,2282.0,nan,2268.0,389827,8841276360.0,294831,2272.0,400,2271.0,50,nan,0,nan,0,nan,0,nan,0,nan,0,nan,0,nan,0,nan,0
1597988227192193024,1597988227728000000,2020-08-21 13:37:07.728000,2272.0,2284.0,2256.0,2282.0,nan,2268.0,389881,8842501080.0,294829,2272.0,439,2271.0,66,nan,0,nan,0,nan,0,nan,0,nan,0,nan,0,nan,0,nan,0
1597988227702578944,1597988228239000064,2020-08-21 13:37:08.239000,2271.0,2284.0,2256.0,2282.0,nan,2268.0,389948,8844020640.0,294774,2272.0,374,2271.0,189,nan,0,nan,0,nan,0,nan,0,nan,0,nan,0,nan,0,nan,0
1597988228189668096,1597988228728000000,2020-08-21 13:37:08.728000,2271.0,2284.0,2256.0,2282.0,nan,2268.0,389948,8844020640.0,294774,2272.0,375,2271.0,190,nan,0,nan,0,nan,0,nan,0,nan,0,nan,0,nan,0,nan,0
1597988229191610112,1597988229670000128,2020-08-21 13:37:09.670000,2272.0,2284.0,2256.0,2282.0,nan,2268.0,389951,8844088680.0,294772,2272.0,373,2271.0,192,nan,0,nan,0,nan,0,nan,0,nan,0,nan,0,nan,0,nan,0
1597988229711500032,1597988230227000064,2020-08-21 13:37:10.227000,2272.0,2284.0,2256.0,2282.0,nan,2268.0,389958,8844247440.0,294768,2272.0,382,2271.0,222,nan,0,nan,0,nan,0,nan,0,nan,0,nan,0,nan,0,nan,0
1597988230248504064,1597988230713999872,2020-08-21 13:37:10.714000,2272.0,2284.0,2256.0,2282.0,nan,2268.0,389959,8844270120.0,294767,2272.0,383,2271.0,225,nan,0,nan,0,nan,0,nan,0,nan,0,nan,0,nan,0,nan,0
1597988230697491968,1597988231226000128,2020-08-21 13:37:11.226000,2271.0,2284.0,2256.0,2282.0,nan,2268.0,389962,8844338160.0,294766,2272.0,384,2271.0,228,nan,0,nan,0,nan,0,nan,0,nan,0,nan,0,nan,0,nan,0
1597988231207335936,1597988231734999808,2020-08-21 13:37:11.735000,2271.0,2284.0,2256.0,2282.0,nan,2268.0,389962,8844338160.0,294766,2272.0,392,2271.0,271,nan,0,nan,0,nan,0,nan,0,nan,0,nan,0,nan,0,nan,0
1597988231715066112,1597988232226000128,2020-08-21 13:37:12.226000,2271.0,2284.0,2256.0,2282.0,nan,2268.0,389965,8844406200.0,294765,2272.0,392,2271.0,270,nan,0,nan,0,nan,0,nan,0,nan,0,nan,0,nan,0,nan,0
1597988232202048000,1597988232742000128,2020-08-21 13:37:12.742000,2271.0,2284.0,2256.0,2282.0,nan,2268.0,389969,8844496920.0,294765,2272.0,395,2271.0,270,nan,0,nan,0,nan,0,nan,0,nan,0,nan,0,nan,0,nan,0
1597988232707143936,1597988233224999936,2020-08-21 13:37:13.225000,2271.0,2284.0,2256.0,2282.0,nan,2268.0,389980,8844746400.0,294755,2272.0,389,2271.0,268,nan,0,nan,0,nan,0,nan,0,nan,0,nan,0,nan,0,nan,0
1597988233206237952,1597988233696999936,2020-08-21 13:37:13.697000,2271.0,2284.0,2256.0,2282.0,nan,2268.0,389983,8844814440.0,294754,2272.0,390,2271.0,291,nan,0,nan,0,nan,0,nan,0,nan,0,nan,0,nan,0,nan,0
1597988233710347008,1597988234216000000,2020-08-21 13:37:14.216000,2272.0,2284.0,2256.0,2282.0,nan,2268.0,389985,8844859800.0,294754,2272.0,354,2271.0,295,nan,0,nan,0,nan,0,nan,0,nan,0,nan,0,nan,0,nan,0
1597988234206327040,1597988234720999936,2020-08-21 13:37:14.721000,2272.0,2284.0,2256.0,2282.0,nan,2268.0,389990,8844973200.0,294750,2272.0,354,2271.0,292,nan,0,nan,0,nan,0,nan,0,nan,0,nan,0,nan,0,nan,0
1597988234710211072,1597988235193000192,2020-08-21 13:37:15.193000,2271.0,2284.0,2256.0,2282.0,nan,2268.0,390004,8845290720.0,294749,2272.0,351,2271.0,284,nan,0,nan,0,nan,0,nan,0,nan,0,nan,0,nan,0,nan,0
1597988235201352960,1597988235608000000,2020-08-21 13:37:15.608000,2272.0,2284.0,2256.0,2282.0,nan,2268.0,390006,8845336080.0,294751,2272.0,346,2271.0,291,nan,0,nan,0,nan,0,nan,0,nan,0,nan,0,nan,0,nan,0
1597988235862896896,1597988236221999872,2020-08-21 13:37:16.222000,2271.0,2284.0,2256.0,2282.0,nan,2268.0,390007,8845358760.0,294750,2272.0,347,2271.0,290,nan,0,nan,0,nan,0,nan,0,nan,0,nan,0,nan,0,nan,0
1597988236219905024,1597988236734999808,2020-08-21 13:37:16.735000,2271.0,2284.0,2256.0,2282.0,nan,2268.0,390011,8845449480.0,294750,2272.0,352,2271.0,286,nan,0,nan,0,nan,0,nan,0,nan,0,nan,0,nan,0,nan,0
1597988236706546944,1597988237232000000,2020-08-21 13:37:17.232000,2271.0,2284.0,2256.0,2282.0,nan,2268.0,390011,8845449480.0,294750,2272.0,353,2271.0,296,nan,0,nan,0,nan,0,nan,0,nan,0,nan,0,nan,0,nan,0
1597988237220996096,1597988237740000000,2020-08-21 13:37:17.740000,2272.0,2284.0,2256.0,2282.0,nan,2268.0,390012,8845472160.0,294750,2272.0,353,2271.0,296,nan,0,nan,0,nan,0,nan,0,nan,0,nan,0,nan,0,nan,0
1597988237702408960,1597988238211000064,2020-08-21 13:37:18.211000,2272.0,2284.0,2256.0,2282.0,nan,2268.0,390017,8845585560.0,294753,2272.0,349,2271.0,306,nan,0,nan,0,nan,0,nan,0,nan,0,nan,0,nan,0,nan,0
1597988238214715904,1597988238712000000,2020-08-21 13:37:18.712000,2272.0,2284.0,2256.0,2282.0,nan,2268.0,390017,8845585560.0,294753,2272.0,358,2271.0,307,nan,0,nan,0,nan,0,nan,0,nan,0,nan,0,nan,0,nan,0
1597988238711569920,1597988239240999936,2020-08-21 13:37:19.241000,2271.0,2284.0,2256.0,2282.0,nan,2268.0,390039,8846084520.0,294752,2272.0,338,2271.0,306,nan,0,nan,0,nan,0,nan,0,nan,0,nan,0,nan,0,nan,0
1597988239201888000,1597988239690000128,2020-08-21 13:37:19.690000,2272.0,2284.0,2256.0,2282.0,nan,2268.0,390063,8846628840.0,294735,2272.0,345,2271.0,292,nan,0,nan,0,nan,0,nan,0,nan,0,nan,0,nan,0,nan,0
1597988239693788928,1597988240232999936,2020-08-21 13:37:20.233000,2271.0,2284.0,2256.0,2282.0,nan,2268.0,390066,8846696880.0,294733,2272.0,348,2271.0,291,nan,0,nan,0,nan,0,nan,0,nan,0,nan,0,nan,0,nan,0
1597988240204123904,1597988240720999936,2020-08-21 13:37:20.721000,2272.0,2284.0,2256.0,2282.0,nan,2268.0,390069,8846764920.0,294731,2272.0,347,2271.0,298,nan,0,nan,0,nan,0,nan,0,nan,0,nan,0,nan,0,nan,0
1597988240696720896,1597988241204000000,2020-08-21 13:37:21.204000,2272.0,2284.0,2256.0,2282.0,nan,2268.0,390071,8846810280.0,294730,2272.0,345,2271.0,298,nan,0,nan,0,nan,0,nan,0,nan,0,nan,0,nan,0,nan,0
1597988241194635008,1597988241731000064,2020-08-21 13:37:21.731000,2271.0,2284.0,2256.0,2282.0,nan,2268.0,390077,8846946360.0,294724,2272.0,369,2271.0,292,nan,0,nan,0,nan,0,nan,0,nan,0,nan,0,nan,0,nan,0
1597988241710898944,1597988242229000192,2020-08-21 13:37:22.229000,2271.0,2284.0,2256.0,2282.0,nan,2268.0,390083,8847082440.0,294721,2272.0,370,2271.0,288,nan,0,nan,0,nan,0,nan,0,nan,0,nan,0,nan,0,nan,0
1597988242215066112,1597988242733999872,2020-08-21 13:37:22.734000,2271.0,2284.0,2256.0,2282.0,nan,2268.0,390111,8847717480.0,294693,2272.0,371,2271.0,265,nan,0,nan,0,nan,0,nan,0,nan,0,nan,0,nan,0,nan,0
1597988242705765888,1597988243240000000,2020-08-21 13:37:23.240000,2271.0,2284.0,2256.0,2282.0,nan,2268.0,390115,8847808200.0,294695,2272.0,371,2271.0,264,nan,0,nan,0,nan,0,nan,0,nan,0,nan,0,nan,0,nan,0
1597988243193504000,1597988243736999936,2020-08-21 13:37:23.737000,2271.0,2284.0,2256.0,2282.0,nan,2268.0,390115,8847808200.0,294695,2272.0,376,2271.0,265,nan,0,nan,0,nan,0,nan,0,nan,0,nan,0,nan,0,nan,0
1597988243695281920,1597988244160000000,2020-08-21 13:37:24.160000,2271.0,2284.0,2256.0,2282.0,nan,2268.0,390118,8847876240.0,294692,2272.0,376,2271.0,264,nan,0,nan,0,nan,0,nan,0,nan,0,nan,0,nan,0,nan,0
1597988244204300032,1597988244698999808,2020-08-21 13:37:24.699000,2271.0,2284.0,2256.0,2282.0,nan,2268.0,390119,8847898920.0,294691,2272.0,377,2271.0,263,nan,0,nan,0,nan,0,nan,0,nan,0,nan,0,nan,0,nan,0
1597988244730458880,1597988245219000064,2020-08-21 13:37:25.219000,2271.0,2284.0,2256.0,2282.0,nan,2268.0,390119,8847898920.0,294691,2272.0,377,2271.0,264,nan,0,nan,0,nan,0,nan,0,nan,0,nan,0,nan,0,nan,0
1597988245213627904,1597988245700000000,2020-08-21 13:37:25.700000,2271.0,2284.0,2256.0,2282.0,nan,2268.0,390121,8847944280.0,294691,2272.0,377,2271.0,263,nan,0,nan,0,nan,0,nan,0,nan,0,nan,0,nan,0,nan,0
1597988245702214912,1597988246232999936,2020-08-21 13:37:26.233000,2271.0,2284.0,2256.0,2282.0,nan,2268.0,390121,8847944280.0,294691,2272.0,379,2271.0,267,nan,0,nan,0,nan,0,nan,0,nan,0,nan,0,nan,0,nan,0
1597988246242035968,1597988246723000064,2020-08-21 13:37:26.723000,2271.0,2284.0,2256.0,2282.0,nan,2268.0,390128,8848103040.0,294688,2272.0,375,2271.0,265,nan,0,nan,0,nan,0,nan,0,nan,0,nan,0,nan,0,nan,0
1597988246745560064,1597988247234999808,2020-08-21 13:37:27.235000,2271.0,2284.0,2256.0,2282.0,nan,2268.0,390128,8848103040.0,294688,2272.0,377,2271.0,275,nan,0,nan,0,nan,0,nan,0,nan,0,nan,0,nan,0,nan,0
1597988247211278080,1597988247742000128,2020-08-21 13:37:27.742000,2271.0,2284.0,2256.0,2282.0,nan,2268.0,390131,8848171080.0,294686,2272.0,379,2271.0,272,nan,0,nan,0,nan,0,nan,0,nan,0,nan,0,nan,0,nan,0
1597988247714622976,1597988248221999872,2020-08-21 13:37:28.222000,2272.0,2284.0,2256.0,2282.0,nan,2268.0,390132,8848193760.0,294686,2272.0,378,2271.0,283,nan,0,nan,0,nan,0,nan,0,nan,0,nan,0,nan,0,nan,0
1597988248253190912,1597988248727000064,2020-08-21 13:37:28.727000,2272.0,2284.0,2256.0,2282.0,nan,2268.0,390132,8848193760.0,294686,2272.0,386,2271.0,283,nan,0,nan,0,nan,0,nan,0,nan,0,nan,0,nan,0,nan,0
1597988248699575040,1597988249240000000,2020-08-21 13:37:29.240000,2272.0,2284.0,2256.0,2282.0,nan,2268.0,390132,8848193760.0,294686,2272.0,386,2271.0,284,nan,0,nan,0,nan,0,nan,0,nan,0,nan,0,nan,0,nan,0
1597988249350401024,1597988249731000064,2020-08-21 13:37:29.731000,2272.0,2284.0,2256.0,2282.0,nan,2268.0,390137,8848307160.0,294682,2272.0,385,2271.0,280,nan,0,nan,0,nan,0,nan,0,nan,0,nan,0,nan,0,nan,0
1597988249706700032,1597988250240000000,2020-08-21 13:37:30.240000,2272.0,2284.0,2256.0,2282.0,nan,2268.0,390140,8848375200.0,294681,2272.0,386,2271.0,281,nan,0,nan,0,nan,0,nan,0,nan,0,nan,0,nan,0,nan,0
1597988250217822976,1597988250739000064,2020-08-21 13:37:30.739000,2271.0,2284.0,2256.0,2282.0,nan,2268.0,390143,8848443240.0,294679,2272.0,389,2271.0,279,nan,0,nan,0,nan,0,nan,0,nan,0,nan,0,nan,0,nan,0
1597988250733655040,1597988251240000000,2020-08-21 13:37:31.240000,2271.0,2284.0,2256.0,2282.0,nan,2268.0,390143,8848443240.0,294679,2272.0,391,2271.0,280,nan,0,nan,0,nan,0,nan,0,nan,0,nan,0,nan,0,nan,0
1597988251203963904,1597988251737999872,2020-08-21 13:37:31.738000,2271.0,2284.0,2256.0,2282.0,nan,2268.0,390146,8848511280.0,294677,2272.0,392,2271.0,280,nan,0,nan,0,nan,0,nan,0,nan,0,nan,0,nan,0,nan,0
1597988251707664896,1597988252190000128,2020-08-21 13:37:32.190000,2271.0,2284.0,2256.0,2282.0,nan,2268.0,390150,8848602000.0,294675,2272.0,392,2271.0,292,nan,0,nan,0,nan,0,nan,0,nan,0,nan,0,nan,0,nan,0
1597988252205184000,1597988252742000128,2020-08-21 13:37:32.742000,2271.0,2284.0,2256.0,2282.0,nan,2268.0,390150,8848602000.0,294675,2272.0,414,2271.0,300,nan,0,nan,0,nan,0,nan,0,nan,0,nan,0,nan,0,nan,0
1597988252719851008,1597988253240000000,2020-08-21 13:37:33.240000,2272.0,2284.0,2256.0,2282.0,nan,2268.0,390151,8848624680.0,294675,2272.0,413,2271.0,300,nan,0,nan,0,nan,0,nan,0,nan,0,nan,0,nan,0,nan,0
1597988253207194112,1597988253730000128,2020-08-21 13:37:33.730000,2272.0,2284.0,2256.0,2282.0,nan,2268.0,390151,8848624680.0,294675,2272.0,435,2271.0,302,nan,0,nan,0,nan,0,nan,0,nan,0,nan,0,nan,0,nan,0
1597988253716656128,1597988254240999936,2020-08-21 13:37:34.241000,2271.0,2284.0,2256.0,2282.0,nan,2268.0,390152,8848647360.0,294674,2272.0,435,2271.0,305,nan,0,nan,0,nan,0,nan,0,nan,0,nan,0,nan,0,nan,0
1597988254209774080,1597988254739000064,2020-08-21 13:37:34.739000,2271.0,2284.0,2256.0,2282.0,nan,2268.0,390156,8848738080.0,294672,2272.0,433,2271.0,305,nan,0,nan,0,nan,0,nan,0,nan,0,nan,0,nan,0,nan,0
1597988254750368000,1597988255228000000,2020-08-21 13:37:35.228000,2271.0,2284.0,2256.0,2282.0,nan,2268.0,390477,8856018360.0,294462,2271.0,490,2270.0,450,nan,0,nan,0,nan,0,nan,0,nan,0,nan,0,nan,0,nan,0
1597988255208428032,1597988255737999872,2020-08-21 13:37:35.738000,2271.0,2284.0,2256.0,2282.0,nan,2268.0,390525,8857107000.0,294416,2271.0,427,2270.0,456,nan,0,nan,0,nan,0,nan,0,nan,0,nan,0,nan,0,nan,0
1597988255718352896,1597988256232999936,2020-08-21 13:37:36.233000,2271.0,2284.0,2256.0,2282.0,nan,2268.0,390525,8857107000.0,294416,2271.0,443,2270.0,426,nan,0,nan,0,nan,0,nan,0,nan,0,nan,0,nan,0,nan,0
1597988256213989120,1597988256740999936,2020-08-21 13:37:36.741000,2271.0,2284.0,2256.0,2282.0,nan,2268.0,390529,8857197720.0,294413,2271.0,442,2270.0,427,nan,0,nan,0,nan,0,nan,0,nan,0,nan,0,nan,0,nan,0
1597988256718371072,1597988257223000064,2020-08-21 13:37:37.223000,2270.0,2284.0,2256.0,2282.0,nan,2268.0,390533,8857288440.0,294413,2271.0,441,2270.0,425,nan,0,nan,0,nan,0,nan,0,nan,0,nan,0,nan,0,nan,0
1597988257209232896,1597988257727000064,2020-08-21 13:37:37.727000,2270.0,2284.0,2256.0,2282.0,nan,2268.0,390533,8857288440.0,294413,2271.0,441,2270.0,435,nan,0,nan,0,nan,0,nan,0,nan,0,nan,0,nan,0,nan,0
1597988258220941056,1597988258734999808,2020-08-21 13:37:38.735000,2271.0,2284.0,2256.0,2282.0,nan,2268.0,390536,8857356480.0,294413,2271.0,440,2270.0,435,nan,0,nan,0,nan,0,nan,0,nan,0,nan,0,nan,0,nan,0
1597988258724355072,1597988259240000000,2020-08-21 13:37:39.240000,2271.0,2284.0,2256.0,2282.0,nan,2268.0,390537,8857379160.0,294413,2271.0,440,2270.0,438,nan,0,nan,0,nan,0,nan,0,nan,0,nan,0,nan,0,nan,0
1597988259219993088,1597988259724000000,2020-08-21 13:37:39.724000,2271.0,2284.0,2256.0,2282.0,nan,2268.0,390539,8857424520.0,294413,2271.0,438,2270.0,442,nan,0,nan,0,nan,0,nan,0,nan,0,nan,0,nan,0,nan,0
1597988259741616896,1597988260211000064,2020-08-21 13:37:40.211000,2271.0,2284.0,2256.0,2282.0,nan,2268.0,390539,8857424520.0,294413,2271.0,438,2270.0,451,nan,0,nan,0,nan,0,nan,0,nan,0,nan,0,nan,0,nan,0
1597988260217665024,1597988260736999936,2020-08-21 13:37:40.737000,2270.0,2284.0,2256.0,2282.0,nan,2268.0,390540,8857447200.0,294413,2271.0,456,2270.0,450,nan,0,nan,0,nan,0,nan,0,nan,0,nan,0,nan,0,nan,0
1597988260722234880,1597988261242000128,2020-08-21 13:37:41.242000,2270.0,2284.0,2256.0,2282.0,nan,2268.0,390540,8857447200.0,294413,2271.0,465,2270.0,452,nan,0,nan,0,nan,0,nan,0,nan,0,nan,0,nan,0,nan,0
1597988261210326016,1597988261736000000,2020-08-21 13:37:41.736000,2270.0,2284.0,2256.0,2282.0,nan,2268.0,390540,8857447200.0,294413,2271.0,464,2270.0,457,nan,0,nan,0,nan,0,nan,0,nan,0,nan,0,nan,0,nan,0
1597988261715002880,1597988262239000064,2020-08-21 13:37:42.239000,2270.0,2284.0,2256.0,2282.0,nan,2268.0,390540,8857447200.0,294413,2271.0,465,2270.0,459,nan,0,nan,0,nan,0,nan,0,nan,0,nan,0,nan,0,nan,0
1597988262740935936,1597988263232999936,2020-08-21 13:37:43.233000,2270.0,2284.0,2256.0,2282.0,nan,2268.0,390541,8857469880.0,294414,2271.0,465,2270.0,458,nan,0,nan,0,nan,0,nan,0,nan,0,nan,0,nan,0,nan,0
1597988263202959104,1597988263740999936,2020-08-21 13:37:43.741000,2270.0,2284.0,2256.0,2282.0,nan,2268.0,390543,8857515240.0,294414,2271.0,466,2270.0,457,nan,0,nan,0,nan,0,nan,0,nan,0,nan,0,nan,0,nan,0
1597988263701270016,1597988264236999936,2020-08-21 13:37:44.237000,2270.0,2284.0,2256.0,2282.0,nan,2268.0,390543,8857515240.0,294414,2271.0,467,2270.0,460,nan,0,nan,0,nan,0,nan,0,nan,0,nan,0,nan,0,nan,0
1597988264217531904,1597988264740999936,2020-08-21 13:37:44.741000,2270.0,2284.0,2256.0,2282.0,nan,2268.0,390544,8857537920.0,294415,2271.0,467,2270.0,460,nan,0,nan,0,nan,0,nan,0,nan,0,nan,0,nan,0,nan,0
1597988264719944960,1597988265232000000,2020-08-21 13:37:45.232000,2270.0,2284.0,2256.0,2282.0,nan,2268.0,390546,8857583280.0,294414,2271.0,469,2270.0,459,nan,0,nan,0,nan,0,nan,0,nan,0,nan,0,nan,0,nan,0
1597988265209861120,1597988265709000192,2020-08-21 13:37:45.709000,2270.0,2284.0,2256.0,2282.0,nan,2268.0,390546,8857583280.0,294414,2271.0,479,2270.0,459,nan,0,nan,0,nan,0,nan,0,nan,0,nan,0,nan,0,nan,0
1597988266717329920,1597988267224000000,2020-08-21 13:37:47.224000,2271.0,2284.0,2256.0,2282.0,nan,2268.0,390566,8858036880.0,294414,2271.0,459,2270.0,459,nan,0,nan,0,nan,0,nan,0,nan,0,nan,0,nan,0,nan,0
1597988267233245952,1597988267736999936,2020-08-21 13:37:47.737000,2271.0,2284.0,2256.0,2282.0,nan,2268.0,390566,8858036880.0,294414,2271.0,459,2270.0,472,nan,0,nan,0,nan,0,nan,0,nan,0,nan,0,nan,0,nan,0
1597988267728500992,1597988268177999872,2020-08-21 13:37:48.178000,2271.0,2284.0,2256.0,2282.0,nan,2268.0,390576,8858263680.0,294414,2271.0,450,2270.0,476,nan,0,nan,0,nan,0,nan,0,nan,0,nan,0,nan,0,nan,0
1597988268222522112,1597988268732999936,2020-08-21 13:37:48.733000,2270.0,2284.0,2256.0,2282.0,nan,2268.0,390577,8858286360.0,294414,2271.0,448,2270.0,478,nan,0,nan,0,nan,0,nan,0,nan,0,nan,0,nan,0,nan,0
1597988268711595008,1597988269240000000,2020-08-21 13:37:49.240000,2270.0,2284.0,2256.0,2282.0,nan,2268.0,390577,8858286360.0,294414,2271.0,444,2270.0,481,nan,0,nan,0,nan,0,nan,0,nan,0,nan,0,nan,0,nan,0
1597988269222618112,1597988269740000000,2020-08-21 13:37:49.740000,2270.0,2284.0,2256.0,2282.0,nan,2268.0,390577,8858286360.0,294414,2271.0,446,2270.0,482,nan,0,nan,0,nan,0,nan,0,nan,0,nan,0,nan,0,nan,0
1597988269728328960,1597988270220000000,2020-08-21 13:37:50.220000,2270.0,2284.0,2256.0,2282.0,nan,2268.0,390578,8858309040.0,294415,2271.0,446,2270.0,481,nan,0,nan,0,nan,0,nan,0,nan,0,nan,0,nan,0,nan,0
1597988270221361920,1597988270731000064,2020-08-21 13:37:50.731000,2270.0,2284.0,2256.0,2282.0,nan,2268.0,390584,8858445120.0,294421,2271.0,448,2270.0,475,nan,0,nan,0,nan,0,nan,0,nan,0,nan,0,nan,0,nan,0
1597988270723526912,1597988271228000000,2020-08-21 13:37:51.228000,2270.0,2284.0,2256.0,2282.0,nan,2268.0,390584,8858445120.0,294421,2271.0,432,2270.0,476,nan,0,nan,0,nan,0,nan,0,nan,0,nan,0,nan,0,nan,0
1597988271223237888,1597988271740000000,2020-08-21 13:37:51.740000,2270.0,2284.0,2256.0,2282.0,nan,2268.0,390595,8858694600.0,294421,2271.0,420,2270.0,463,nan,0,nan,0,nan,0,nan,0,nan,0,nan,0,nan,0,nan,0
1597988271723449088,1597988272233999872,2020-08-21 13:37:52.234000,2270.0,2284.0,2256.0,2282.0,nan,2268.0,390599,8858785320.0,294421,2271.0,422,2270.0,466,nan,0,nan,0,nan,0,nan,0,nan,0,nan,0,nan,0,nan,0
1597988272230604032,1597988272740000000,2020-08-21 13:37:52.740000,2270.0,2284.0,2256.0,2282.0,nan,2268.0,390619,8859238920.0,294423,2271.0,422,2270.0,464,nan,0,nan,0,nan,0,nan,0,nan,0,nan,0,nan,0,nan,0
1597988272743902976,1597988273233999872,2020-08-21 13:37:53.234000,2270.0,2284.0,2256.0,2282.0,nan,2268.0,390621,8859284280.0,294423,2271.0,424,2270.0,465,nan,0,nan,0,nan,0,nan,0,nan,0,nan,0,nan,0,nan,0
1597988273223140096,1597988273732000000,2020-08-21 13:37:53.732000,2271.0,2284.0,2256.0,2282.0,nan,2268.0,390628,8859443040.0,294418,2271.0,424,2270.0,466,nan,0,nan,0,nan,0,nan,0,nan,0,nan,0,nan,0,nan,0
1597988273722743040,1597988274236000000,2020-08-21 13:37:54.236000,2270.0,2284.0,2256.0,2282.0,nan,2268.0,390629,8859465720.0,294417,2271.0,426,2270.0,460,nan,0,nan,0,nan,0,nan,0,nan,0,nan,0,nan,0,nan,0
1597988274224921088,1597988274724999936,2020-08-21 13:37:54.725000,2270.0,2284.0,2256.0,2282.0,nan,2268.0,390629,8859465720.0,294417,2271.0,427,2270.0,458,nan,0,nan,0,nan,0,nan,0,nan,0,nan,0,nan,0,nan,0
1597988274725475072,1597988275239000064,2020-08-21 13:37:55.239000,2270.0,2284.0,2256.0,2282.0,nan,2268.0,390629,8859465720.0,294417,2271.0,427,2270.0,460,nan,0,nan,0,nan,0,nan,0,nan,0,nan,0,nan,0,nan,0
1597988275217405952,1597988275727000064,2020-08-21 13:37:55.727000,2270.0,2284.0,2256.0,2282.0,nan,2268.0,390629,8859465720.0,294417,2271.0,428,2270.0,465,nan,0,nan,0,nan,0,nan,0,nan,0,nan,0,nan,0,nan,0
1597988275725189888,1597988276240999936,2020-08-21 13:37:56.241000,2271.0,2284.0,2256.0,2282.0,nan,2268.0,390633,8859556440.0,294414,2271.0,427,2270.0,462,nan,0,nan,0,nan,0,nan,0,nan,0,nan,0,nan,0,nan,0
1597988276217280000,1597988276736999936,2020-08-21 13:37:56.737000,2271.0,2284.0,2256.0,2282.0,nan,2268.0,390634,8859579120.0,294414,2271.0,426,2270.0,462,nan,0,nan,0,nan,0,nan,0,nan,0,nan,0,nan,0,nan,0
1597988276807490048,1597988277226000128,2020-08-21 13:37:57.226000,2271.0,2284.0,2256.0,2282.0,nan,2268.0,390634,8859579120.0,294414,2271.0,431,2270.0,474,nan,0,nan,0,nan,0,nan,0,nan,0,nan,0,nan,0,nan,0
1597988277270863872,1597988277706000128,2020-08-21 13:37:57.706000,2270.0,2284.0,2256.0,2282.0,nan,2268.0,390635,8859601800.0,294415,2271.0,434,2270.0,474,nan,0,nan,0,nan,0,nan,0,nan,0,nan,0,nan,0,nan,0
1597988277720336896,1597988278236999936,2020-08-21 13:37:58.237000,2270.0,2284.0,2256.0,2282.0,nan,2268.0,390635,8859601800.0,294415,2271.0,434,2270.0,491,nan,0,nan,0,nan,0,nan,0,nan,0,nan,0,nan,0,nan,0
1597988278217911040,1597988278736000000,2020-08-21 13:37:58.736000,2271.0,2284.0,2256.0,2282.0,nan,2268.0,390640,8859715200.0,294415,2271.0,429,2270.0,492,nan,0,nan,0,nan,0,nan,0,nan,0,nan,0,nan,0,nan,0
1597988278719066112,1597988279236000000,2020-08-21 13:37:59.236000,2271.0,2284.0,2256.0,2282.0,nan,2268.0,390640,8859715200.0,294415,2271.0,431,2270.0,492,nan,0,nan,0,nan,0,nan,0,nan,0,nan,0,nan,0,nan,0
1597988279217042944,1597988279720000000,2020-08-21 13:37:59.720000,2271.0,2284.0,2256.0,2282.0,nan,2268.0,391021,8868356280.0,294521,2272.0,538,2271.0,156,nan,0,nan,0,nan,0,nan,0,nan,0,nan,0,nan,0,nan,0
1597988279729294080,1597988280161999872,2020-08-21 13:38:00.162000,2271.0,2284.0,2256.0,2282.0,nan,2268.0,391043,8868855240.0,294512,2272.0,541,2271.0,140,nan,0,nan,0,nan,0,nan,0,nan,0,nan,0,nan,0,nan,0
1597988280226892032,1597988280742000128,2020-08-21 13:38:00.742000,2271.0,2284.0,2256.0,2282.0,nan,2268.0,391078,8869649040.0,294519,2272.0,538,2271.0,110,nan,0,nan,0,nan,0,nan,0,nan,0,nan,0,nan,0,nan,0
1597988280729239040,1597988281236999936,2020-08-21 13:38:01.237000,2271.0,2284.0,2256.0,2282.0,nan,2268.0,391082,8869739760.0,294516,2272.0,538,2271.0,97,nan,0,nan,0,nan,0,nan,0,nan,0,nan,0,nan,0,nan,0
1597988281211320064,1597988281742000128,2020-08-21 13:38:01.742000,2271.0,2284.0,2256.0,2282.0,nan,2268.0,391176,8871871680.0,294536,2272.0,537,2271.0,65,nan,0,nan,0,nan,0,nan,0,nan,0,nan,0,nan,0,nan,0
1597988281719358976,1597988282193000192,2020-08-21 13:38:02.193000,2271.0,2284.0,2256.0,2282.0,nan,2268.0,391254,8873640720.0,294565,2271.0,2,2270.0,490,nan,0,nan,0,nan,0,nan,0,nan,0,nan,0,nan,0,nan,0
1597988282218095104,1597988282712999936,2020-08-21 13:38:02.713000,2271.0,2284.0,2256.0,2282.0,nan,2268.0,391254,8873640720.0,294565,2271.0,24,2270.0,532,nan,0,nan,0,nan,0,nan,0,nan,0,nan,0,nan,0,nan,0
1597988282732376064,1597988283233999872,2020-08-21 13:38:03.234000,2271.0,2284.0,2256.0,2282.0,nan,2268.0,391257,8873708760.0,294564,2271.0,54,2270.0,536,nan,0,nan,0,nan,0,nan,0,nan,0,nan,0,nan,0,nan,0
1597988283214021120,1597988283733999872,2020-08-21 13:38:03.734000,2271.0,2284.0,2256.0,2282.0,nan,2268.0,391264,8873867520.0,294565,2271.0,64,2270.0,537,nan,0,nan,0,nan,0,nan,0,nan,0,nan,0,nan,0,nan,0
1597988283716834048,1597988284237999872,2020-08-21 13:38:04.238000,2271.0,2284.0,2256.0,2282.0,nan,2268.0,391264,8873867520.0,294565,2271.0,93,2270.0,537,nan,0,nan,0,nan,0,nan,0,nan,0,nan,0,nan,0,nan,0
1597988284231307008,1597988284706000128,2020-08-21 13:38:04.706000,2271.0,2284.0,2256.0,2282.0,nan,2268.0,391275,8874117000.0,294559,2271.0,125,2270.0,559,nan,0,nan,0,nan,0,nan,0,nan,0,nan,0,nan,0,nan,0
1597988284715721984,1597988285234999808,2020-08-21 13:38:05.235000,2271.0,2284.0,2256.0,2282.0,nan,2268.0,391277,8874162360.0,294559,2271.0,124,2270.0,560,nan,0,nan,0,nan,0,nan,0,nan,0,nan,0,nan,0,nan,0
1597988285213163008,1597988285714999808,2020-08-21 13:38:05.715000,2271.0,2284.0,2256.0,2282.0,nan,2268.0,391288,8874411840.0,294563,2271.0,122,2270.0,561,nan,0,nan,0,nan,0,nan,0,nan,0,nan,0,nan,0,nan,0
1597988285712905984,1597988286236999936,2020-08-21 13:38:06.237000,2271.0,2284.0,2256.0,2282.0,nan,2268.0,391304,8874774720.0,294564,2271.0,147,2270.0,560,nan,0,nan,0,nan,0,nan,0,nan,0,nan,0,nan,0,nan,0
1597988286220945920,1597988286732999936,2020-08-21 13:38:06.733000,2271.0,2284.0,2256.0,2282.0,nan,2268.0,391305,8874797400.0,294563,2271.0,148,2270.0,562,nan,0,nan,0,nan,0,nan,0,nan,0,nan,0,nan,0,nan,0
1597988286712093952,1597988287240000000,2020-08-21 13:38:07.240000,2271.0,2284.0,2256.0,2282.0,nan,2268.0,391305,8874797400.0,294563,2271.0,153,2270.0,569,nan,0,nan,0,nan,0,nan,0,nan,0,nan,0,nan,0,nan,0
1597988287225807872,1597988287739000064,2020-08-21 13:38:07.739000,2271.0,2284.0,2256.0,2282.0,nan,2268.0,391309,8874888120.0,294563,2271.0,151,2270.0,570,nan,0,nan,0,nan,0,nan,0,nan,0,nan,0,nan,0,nan,0
1597988287726580992,1597988288242000128,2020-08-21 13:38:08.242000,2271.0,2284.0,2256.0,2282.0,nan,2268.0,391309,8874888120.0,294563,2271.0,153,2270.0,591,nan,0,nan,0,nan,0,nan,0,nan,0,nan,0,nan,0,nan,0
1597988288215686912,1597988288730000128,2020-08-21 13:38:08.730000,2271.0,2284.0,2256.0,2282.0,nan,2268.0,391316,8875046880.0,294563,2271.0,147,2270.0,593,nan,0,nan,0,nan,0,nan,0,nan,0,nan,0,nan,0,nan,0
1597988288731533056,1597988289240999936,2020-08-21 13:38:09.241000,2270.0,2284.0,2256.0,2282.0,nan,2268.0,391403,8877020040.0,294563,2271.0,145,2270.0,607,nan,0,nan,0,nan,0,nan,0,nan,0,nan,0,nan,0,nan,0
1597988289225620992,1597988289729000192,2020-08-21 13:38:09.729000,2271.0,2284.0,2256.0,2282.0,nan,2268.0,391449,8878063320.0,294542,2271.0,106,2270.0,607,nan,0,nan,0,nan,0,nan,0,nan,0,nan,0,nan,0,nan,0
1597988289802624000,1597988290232999936,2020-08-21 13:38:10.233000,2271.0,2284.0,2256.0,2282.0,nan,2268.0,391449,8878063320.0,294542,2271.0,111,2270.0,623,nan,0,nan,0,nan,0,nan,0,nan,0,nan,0,nan,0,nan,0
1597988290227324928,1597988290716999936,2020-08-21 13:38:10.717000,2271.0,2284.0,2256.0,2282.0,nan,2268.0,391450,8878086000.0,294541,2271.0,170,2270.0,652,nan,0,nan,0,nan,0,nan,0,nan,0,nan,0,nan,0,nan,0
1597988290718137088,1597988291242000128,2020-08-21 13:38:11.242000,2271.0,2284.0,2256.0,2282.0,nan,2268.0,391512,8879492160.0,294483,2271.0,109,2270.0,652,nan,0,nan,0,nan,0,nan,0,nan,0,nan,0,nan,0,nan,0
1597988291230219008,1597988291740999936,2020-08-21 13:38:11.741000,2271.0,2284.0,2256.0,2282.0,nan,2268.0,391624,8882032320.0,294493,2272.0,542,2271.0,68,nan,0,nan,0,nan,0,nan,0,nan,0,nan,0,nan,0,nan,0
1597988291721626880,1597988292223000064,2020-08-21 13:38:12.223000,2271.0,2284.0,2256.0,2282.0,nan,2268.0,391626,8882077680.0,294493,2272.0,541,2271.0,173,nan,0,nan,0,nan,0,nan,0,nan,0,nan,0,nan,0,nan,0
1597988292228740096,1597988292713999872,2020-08-21 13:38:12.714000,2271.0,2284.0,2256.0,2282.0,nan,2268.0,391842,8886976560.0,294412,2271.0,9,2270.0,617,nan,0,nan,0,nan,0,nan,0,nan,0,nan,0,nan,0,nan,0
1597988292731020032,1597988293236999936,2020-08-21 13:38:13.237000,2271.0,2284.0,2256.0,2282.0,nan,2268.0,391855,8887271400.0,294406,2272.0,538,2271.0,9,nan,0,nan,0,nan,0,nan,0,nan,0,nan,0,nan,0,nan,0
1597988293220153088,1597988293727000064,2020-08-21 13:38:13.727000,2271.0,2284.0,2256.0,2282.0,nan,2268.0,391868,8887566240.0,294406,2272.0,558,2271.0,67,nan,0,nan,0,nan,0,nan,0,nan,0,nan,0,nan,0,nan,0
1597988293735592960,1597988294223000064,2020-08-21 13:38:14.223000,2271.0,2284.0,2256.0,2282.0,nan,2268.0,391874,8887702320.0,294406,2272.0,562,2271.0,92,nan,0,nan,0,nan,0,nan,0,nan,0,nan,0,nan,0,nan,0
1597988294234892032,1597988294740000000,2020-08-21 13:38:14.740000,2271.0,2284.0,2256.0,2282.0,nan,2268.0,391875,8887725000.0,294406,2272.0,562,2271.0,107,nan,0,nan,0,nan,0,nan,0,nan,0,nan,0,nan,0,nan,0
1597988295242013952,1597988295724999936,2020-08-21 13:38:15.725000,2271.0,2284.0,2256.0,2282.0,nan,2268.0,391877,8887770360.0,294406,2272.0,562,2271.0,110,nan,0,nan,0,nan,0,nan,0,nan,0,nan,0,nan,0,nan,0
1597988295726183936,1597988296236999936,2020-08-21 13:38:16.237000,2271.0,2284.0,2256.0,2282.0,nan,2268.0,391880,8887838400.0,294409,2272.0,562,2271.0,107,nan,0,nan,0,nan,0,nan,0,nan,0,nan,0,nan,0,nan,0
1597988296236129024,1597988296737999872,2020-08-21 13:38:16.738000,2271.0,2284.0,2256.0,2282.0,nan,2268.0,391881,8887861080.0,294409,2272.0,562,2271.0,115,nan,0,nan,0,nan,0,nan,0,nan,0,nan,0,nan,0,nan,0
1597988296748551936,1597988297220000000,2020-08-21 13:38:17.220000,2271.0,2284.0,2256.0,2282.0,nan,2268.0,391886,8887974480.0,294414,2272.0,562,2271.0,110,nan,0,nan,0,nan,0,nan,0,nan,0,nan,0,nan,0,nan,0
1597988297247020032,1597988297716000000,2020-08-21 13:38:17.716000,2271.0,2284.0,2256.0,2282.0,nan,2268.0,391889,8888042520.0,294414,2272.0,564,2271.0,118,nan,0,nan,0,nan,0,nan,0,nan,0,nan,0,nan,0,nan,0
1597988297745167872,1597988298234999808,2020-08-21 13:38:18.235000,2271.0,2284.0,2256.0,2282.0,nan,2268.0,391891,8888087880.0,294414,2272.0,566,2271.0,118,nan,0,nan,0,nan,0,nan,0,nan,0,nan,0,nan,0,nan,0
1597988298226775040,1597988298739000064,2020-08-21 13:38:18.739000,2271.0,2284.0,2256.0,2282.0,nan,2268.0,391893,8888133240.0,294416,2272.0,568,2271.0,118,nan,0,nan,0,nan,0,nan,0,nan,0,nan,0,nan,0,nan,0
1597988299244250880,1597988299731000064,2020-08-21 13:38:19.731000,2271.0,2284.0,2256.0,2282.0,nan,2268.0,391895,8888178600.0,294418,2272.0,565,2271.0,116,nan,0,nan,0,nan,0,nan,0,nan,0,nan,0,nan,0,nan,0
1597988299740001024,1597988300231000064,2020-08-21 13:38:20.231000,2271.0,2284.0,2256.0,2282.0,nan,2268.0,391895,8888178600.0,294418,2272.0,565,2271.0,117,nan,0,nan,0,nan,0,nan,0,nan,0,nan,0,nan,0,nan,0
1597988300243535872,1597988300739000064,2020-08-21 13:38:20.739000,2271.0,2284.0,2256.0,2282.0,nan,2268.0,391902,8888337360.0,294420,2272.0,565,2271.0,100,nan,0,nan,0,nan,0,nan,0,nan,0,nan,0,nan,0,nan,0
1597988300773026048,1597988301226000128,2020-08-21 13:38:21.226000,2272.0,2284.0,2256.0,2282.0,nan,2268.0,391903,8888360040.0,294420,2272.0,564,2271.0,103,nan,0,nan,0,nan,0,nan,0,nan,0,nan,0,nan,0,nan,0
1597988301545591040,1597988301740999936,2020-08-21 13:38:21.741000,2271.0,2284.0,2256.0,2282.0,nan,2268.0,391904,8888382720.0,294420,2272.0,565,2271.0,163,nan,0,nan,0,nan,0,nan,0,nan,0,nan,0,nan,0,nan,0
1597988302025896960,1597988302231000064,2020-08-21 13:38:22.231000,2272.0,2284.0,2256.0,2282.0,nan,2268.0,391950,8889426000.0,294392,2272.0,534,2271.0,163,nan,0,nan,0,nan,0,nan,0,nan,0,nan,0,nan,0,nan,0
1597988302223654912,1597988302743000064,2020-08-21 13:38:22.743000,2271.0,2284.0,2256.0,2282.0,nan,2268.0,391955,8889539400.0,294396,2272.0,550,2271.0,162,nan,0,nan,0,nan,0,nan,0,nan,0,nan,0,nan,0,nan,0
1597988302717569024,1597988303228000000,2020-08-21 13:38:23.228000,2271.0,2284.0,2256.0,2282.0,nan,2268.0,391955,8889539400.0,294396,2272.0,550,2271.0,163,nan,0,nan,0,nan,0,nan,0,nan,0,nan,0,nan,0,nan,0
1597988303219459072,1597988303732000000,2020-08-21 13:38:23.732000,2272.0,2284.0,2256.0,2282.0,nan,2268.0,391961,8889675480.0,294399,2272.0,545,2271.0,163,nan,0,nan,0,nan,0,nan,0,nan,0,nan,0,nan,0,nan,0
1597988303858642944,1597988304239000064,2020-08-21 13:38:24.239000,2271.0,2284.0,2256.0,2282.0,nan,2268.0,391965,8889766200.0,294398,2272.0,548,2271.0,162,nan,0,nan,0,nan,0,nan,0,nan,0,nan,0,nan,0,nan,0
1597988304740545024,1597988305243000064,2020-08-21 13:38:25.243000,2271.0,2284.0,2256.0,2282.0,nan,2268.0,391965,8889766200.0,294398,2272.0,549,2271.0,162,nan,0,nan,0,nan,0,nan,0,nan,0,nan,0,nan,0,nan,0
1597988305220646912,1597988305742000128,2020-08-21 13:38:25.742000,2271.0,2284.0,2256.0,2282.0,nan,2268.0,391967,8889811560.0,294398,2272.0,550,2271.0,161,nan,0,nan,0,nan,0,nan,0,nan,0,nan,0,nan,0,nan,0
1597988305723520000,1597988306240999936,2020-08-21 13:38:26.241000,2271.0,2284.0,2256.0,2282.0,nan,2268.0,391979,8890083720.0,294399,2272.0,549,2271.0,150,nan,0,nan,0,nan,0,nan,0,nan,0,nan,0,nan,0,nan,0
1597988306235727104,1597988306742000128,2020-08-21 13:38:26.742000,2272.0,2284.0,2256.0,2282.0,nan,2268.0,391981,8890129080.0,294401,2272.0,548,2271.0,151,nan,0,nan,0,nan,0,nan,0,nan,0,nan,0,nan,0,nan,0
1597988306734563072,1597988307209000192,2020-08-21 13:38:27.209000,2272.0,2284.0,2256.0,2282.0,nan,2268.0,391986,8890242480.0,294406,2272.0,544,2271.0,154,nan,0,nan,0,nan,0,nan,0,nan,0,nan,0,nan,0,nan,0
1597988307241186048,1597988307742000128,2020-08-21 13:38:27.742000,2272.0,2284.0,2256.0,2282.0,nan,2268.0,391989,8890310520.0,294408,2272.0,553,2271.0,157,nan,0,nan,0,nan,0,nan,0,nan,0,nan,0,nan,0,nan,0
1597988307738597120,1597988308243000064,2020-08-21 13:38:28.243000,2272.0,2284.0,2256.0,2282.0,nan,2268.0,391992,8890378560.0,294408,2272.0,550,2271.0,177,nan,0,nan,0,nan,0,nan,0,nan,0,nan,0,nan,0,nan,0
1597988308243945984,1597988308734999808,2020-08-21 13:38:28.735000,2272.0,2284.0,2256.0,2282.0,nan,2268.0,391992,8890378560.0,294408,2272.0,550,2271.0,178,nan,0,nan,0,nan,0,nan,0,nan,0,nan,0,nan,0,nan,0
1597988308737987072,1597988309229000192,2020-08-21 13:38:29.229000,2272.0,2284.0,2256.0,2282.0,nan,2268.0,392004,8890650720.0,294408,2272.0,553,2271.0,178,nan,0,nan,0,nan,0,nan,0,nan,0,nan,0,nan,0,nan,0
1597988309233843968,1597988309736000000,2020-08-21 13:38:29.736000,2272.0,2284.0,2256.0,2282.0,nan,2268.0,392004,8890650720.0,294408,2272.0,555,2271.0,182,nan,0,nan,0,nan,0,nan,0,nan,0,nan,0,nan,0,nan,0
1597988309994852096,1597988310227000064,2020-08-21 13:38:30.227000,2271.0,2284.0,2256.0,2282.0,nan,2268.0,392012,8890832160.0,294407,2272.0,555,2271.0,187,nan,0,nan,0,nan,0,nan,0,nan,0,nan,0,nan,0,nan,0
1597988310257654016,1597988310736999936,2020-08-21 13:38:30.737000,2271.0,2284.0,2256.0,2282.0,nan,2268.0,392012,8890832160.0,294407,2272.0,556,2271.0,187,nan,0,nan,0,nan,0,nan,0,nan,0,nan,0,nan,0,nan,0
1597988310731564032,1597988311240999936,2020-08-21 13:38:31.241000,2271.0,2284.0,2256.0,2282.0,nan,2268.0,392013,8890854840.0,294406,2272.0,557,2271.0,188,nan,0,nan,0,nan,0,nan,0,nan,0,nan,0,nan,0,nan,0
1597988311743813120,1597988312230000128,2020-08-21 13:38:32.230000,2271.0,2284.0,2256.0,2282.0,nan,2268.0,392015,8890900200.0,294405,2272.0,560,2271.0,187,nan,0,nan,0,nan,0,nan,0,nan,0,nan,0,nan,0,nan,0
1597988312240711936,1597988312696000000,2020-08-21 13:38:32.696000,2271.0,2284.0,2256.0,2282.0,nan,2268.0,392015,8890900200.0,294405,2272.0,554,2271.0,187,nan,0,nan,0,nan,0,nan,0,nan,0,nan,0,nan,0,nan,0
1597988312728346112,1597988313239000064,2020-08-21 13:38:33.239000,2271.0,2284.0,2256.0,2282.0,nan,2268.0,392032,8891285760.0,294390,2272.0,556,2271.0,171,nan,0,nan,0,nan,0,nan,0,nan,0,nan,0,nan,0,nan,0
1597988313234927104,1597988313744000000,2020-08-21 13:38:33.744000,2271.0,2284.0,2256.0,2282.0,nan,2268.0,392032,8891285760.0,294390,2272.0,556,2271.0,172,nan,0,nan,0,nan,0,nan,0,nan,0,nan,0,nan,0,nan,0
1597988313728455936,1597988314244000000,2020-08-21 13:38:34.244000,2271.0,2284.0,2256.0,2282.0,nan,2268.0,392033,8891308440.0,294390,2272.0,559,2271.0,173,nan,0,nan,0,nan,0,nan,0,nan,0,nan,0,nan,0,nan,0
1597988314228118016,1597988314734999808,2020-08-21 13:38:34.735000,2271.0,2284.0,2256.0,2282.0,nan,2268.0,392034,8891331120.0,294389,2272.0,559,2271.0,182,nan,0,nan,0,nan,0,nan,0,nan,0,nan,0,nan,0,nan,0
1597988314741914112,1597988315232999936,2020-08-21 13:38:35.233000,2271.0,2284.0,2256.0,2282.0,nan,2268.0,392035,8891353800.0,294388,2272.0,560,2271.0,183,nan,0,nan,0,nan,0,nan,0,nan,0,nan,0,nan,0,nan,0
1597988315233431040,1597988315729000192,2020-08-21 13:38:35.729000,2272.0,2284.0,2256.0,2282.0,nan,2268.0,392041,8891489880.0,294388,2272.0,566,2271.0,191,nan,0,nan,0,nan,0,nan,0,nan,0,nan,0,nan,0,nan,0
1597988315746441984,1597988316223000064,2020-08-21 13:38:36.223000,2271.0,2284.0,2256.0,2282.0,nan,2268.0,392042,8891512560.0,294388,2272.0,567,2271.0,190,nan,0,nan,0,nan,0,nan,0,nan,0,nan,0,nan,0,nan,0
1597988316230059008,1597988316742000128,2020-08-21 13:38:36.742000,2271.0,2284.0,2256.0,2282.0,nan,2268.0,392042,8891512560.0,294388,2272.0,568,2271.0,190,nan,0,nan,0,nan,0,nan,0,nan,0,nan,0,nan,0,nan,0
1597988316734959104,1597988317240999936,2020-08-21 13:38:37.241000,2271.0,2284.0,2256.0,2282.0,nan,2268.0,392042,8891512560.0,294388,2272.0,569,2271.0,190,nan,0,nan,0,nan,0,nan,0,nan,0,nan,0,nan,0,nan,0
1597988317242306048,1597988317716000000,2020-08-21 13:38:37.716000,2272.0,2284.0,2256.0,2282.0,nan,2268.0,392047,8891625960.0,294387,2272.0,564,2271.0,190,nan,0,nan,0,nan,0,nan,0,nan,0,nan,0,nan,0,nan,0
1597988317747860992,1597988318232000000,2020-08-21 13:38:38.232000,2271.0,2284.0,2256.0,2282.0,nan,2268.0,392048,8891648640.0,294387,2272.0,565,2271.0,193,nan,0,nan,0,nan,0,nan,0,nan,0,nan,0,nan,0,nan,0
1597988318246435072,1597988318716000000,2020-08-21 13:38:38.716000,2271.0,2284.0,2256.0,2282.0,nan,2268.0,392049,8891671320.0,294386,2272.0,567,2271.0,209,nan,0,nan,0,nan,0,nan,0,nan,0,nan,0,nan,0,nan,0
1597988318734588928,1597988319234999808,2020-08-21 13:38:39.235000,2271.0,2284.0,2256.0,2282.0,nan,2268.0,392049,8891671320.0,294386,2272.0,568,2271.0,250,nan,0,nan,0,nan,0,nan,0,nan,0,nan,0,nan,0,nan,0
1597988319237242112,1597988319726000128,2020-08-21 13:38:39.726000,2272.0,2284.0,2256.0,2282.0,nan,2268.0,392055,8891807400.0,294381,2272.0,563,2271.0,251,nan,0,nan,0,nan,0,nan,0,nan,0,nan,0,nan,0,nan,0
1597988319738558976,1597988320240999936,2020-08-21 13:38:40.241000,2271.0,2284.0,2256.0,2282.0,nan,2268.0,392070,8892147600.0,294367,2272.0,563,2271.0,236,nan,0,nan,0,nan,0,nan,0,nan,0,nan,0,nan,0,nan,0
1597988320744034048,1597988321233999872,2020-08-21 13:38:41.234000,2272.0,2284.0,2256.0,2282.0,nan,2268.0,392071,8892170280.0,294367,2272.0,562,2271.0,236,nan,0,nan,0,nan,0,nan,0,nan,0,nan,0,nan,0,nan,0
1597988321240091904,1597988321743000064,2020-08-21 13:38:41.743000,2271.0,2284.0,2256.0,2282.0,nan,2268.0,392076,8892283680.0,294363,2272.0,568,2271.0,235,nan,0,nan,0,nan,0,nan,0,nan,0,nan,0,nan,0,nan,0
1597988321753266944,1597988322233999872,2020-08-21 13:38:42.234000,2271.0,2284.0,2256.0,2282.0,nan,2268.0,392076,8892283680.0,294363,2272.0,568,2271.0,235,nan,0,nan,0,nan,0,nan,0,nan,0,nan,0,nan,0,nan,0
1597988322238705920,1597988322726000128,2020-08-21 13:38:42.726000,2271.0,2284.0,2256.0,2282.0,nan,2268.0,392076,8892283680.0,294363,2272.0,568,2271.0,244,nan,0,nan,0,nan,0,nan,0,nan,0,nan,0,nan,0,nan,0
1597988322735738880,1597988323213999872,2020-08-21 13:38:43.214000,2271.0,2284.0,2256.0,2282.0,nan,2268.0,392076,8892283680.0,294363,2272.0,568,2271.0,245,nan,0,nan,0,nan,0,nan,0,nan,0,nan,0,nan,0,nan,0
1597988323240827904,1597988323732999936,2020-08-21 13:38:43.733000,2271.0,2284.0,2256.0,2282.0,nan,2268.0,392076,8892283680.0,294363,2272.0,568,2271.0,248,nan,0,nan,0,nan,0,nan,0,nan,0,nan,0,nan,0,nan,0
1597988323728004096,1597988324236999936,2020-08-21 13:38:44.237000,2272.0,2284.0,2256.0,2282.0,nan,2268.0,392081,8892397080.0,294364,2272.0,562,2271.0,247,nan,0,nan,0,nan,0,nan,0,nan,0,nan,0,nan,0,nan,0
1597988324240150016,1597988324729000192,2020-08-21 13:38:44.729000,2271.0,2284.0,2256.0,2282.0,nan,2268.0,392083,8892442440.0,294366,2272.0,562,2271.0,247,nan,0,nan,0,nan,0,nan,0,nan,0,nan,0,nan,0,nan,0
1597988324814597120,1597988325237999872,2020-08-21 13:38:45.238000,2271.0,2284.0,2256.0,2282.0,nan,2268.0,392083,8892442440.0,294366,2272.0,561,2271.0,248,nan,0,nan,0,nan,0,nan,0,nan,0,nan,0,nan,0,nan,0
1597988325333904896,1597988325742000128,2020-08-21 13:38:45.742000,2271.0,2284.0,2256.0,2282.0,nan,2268.0,392083,8892442440.0,294366,2272.0,563,2271.0,250,nan,0,nan,0,nan,0,nan,0,nan,0,nan,0,nan,0,nan,0
1597988325865956096,1597988326224000000,2020-08-21 13:38:46.224000,2271.0,2284.0,2256.0,2282.0,nan,2268.0,392083,8892442440.0,294366,2272.0,563,2271.0,256,nan,0,nan,0,nan,0,nan,0,nan,0,nan,0,nan,0,nan,0
1597988326363575040,1597988326737999872,2020-08-21 13:38:46.738000,2271.0,2284.0,2256.0,2282.0,nan,2268.0,392083,8892442440.0,294366,2272.0,563,2271.0,255,nan,0,nan,0,nan,0,nan,0,nan,0,nan,0,nan,0,nan,0
1597988326853903104,1597988327224999936,2020-08-21 13:38:47.225000,2271.0,2284.0,2256.0,2282.0,nan,2268.0,392083,8892442440.0,294366,2272.0,563,2271.0,259,nan,0,nan,0,nan,0,nan,0,nan,0,nan,0,nan,0,nan,0
1597988327280992000,1597988327712000000,2020-08-21 13:38:47.712000,2272.0,2284.0,2256.0,2282.0,nan,2268.0,392085,8892487800.0,294365,2272.0,563,2271.0,258,nan,0,nan,0,nan,0,nan,0,nan,0,nan,0,nan,0,nan,0
1597988327764118016,1597988328180000000,2020-08-21 13:38:48.180000,2272.0,2284.0,2256.0,2282.0,nan,2268.0,392085,8892487800.0,294365,2272.0,574,2271.0,258,nan,0,nan,0,nan,0,nan,0,nan,0,nan,0,nan,0,nan,0
1597988328327614976,1597988328732000000,2020-08-21 13:38:48.732000,2272.0,2284.0,2256.0,2282.0,nan,2268.0,392085,8892487800.0,294365,2272.0,576,2271.0,260,nan,0,nan,0,nan,0,nan,0,nan,0,nan,0,nan,0,nan,0
1597988328801184000,1597988329211000064,2020-08-21 13:38:49.211000,2272.0,2284.0,2256.0,2282.0,nan,2268.0,392085,8892487800.0,294365,2272.0,578,2271.0,261,nan,0,nan,0,nan,0,nan,0,nan,0,nan,0,nan,0,nan,0
1597988329446740992,1597988329716999936,2020-08-21 13:38:49.717000,2271.0,2284.0,2256.0,2282.0,nan,2268.0,392088,8892555840.0,294364,2272.0,579,2271.0,260,nan,0,nan,0,nan,0,nan,0,nan,0,nan,0,nan,0,nan,0
1597988329741786880,1597988330108999936,2020-08-21 13:38:50.109000,2271.0,2284.0,2256.0,2282.0,nan,2268.0,392088,8892555840.0,294364,2272.0,578,2271.0,260,nan,0,nan,0,nan,0,nan,0,nan,0,nan,0,nan,0,nan,0
1597988331244720128,1597988331743000064,2020-08-21 13:38:51.743000,2272.0,2284.0,2256.0,2282.0,nan,2268.0,392091,8892623880.0,294361,2272.0,575,2271.0,258,nan,0,nan,0,nan,0,nan,0,nan,0,nan,0,nan,0,nan,0
1597988331743375872,1597988332230000128,2020-08-21 13:38:52.230000,2271.0,2284.0,2256.0,2282.0,nan,2268.0,392092,8892646560.0,294360,2272.0,575,2271.0,258,nan,0,nan,0,nan,0,nan,0,nan,0,nan,0,nan,0,nan,0
1597988332262639104,1597988332740999936,2020-08-21 13:38:52.741000,2271.0,2284.0,2256.0,2282.0,nan,2268.0,392093,8892669240.0,294360,2272.0,576,2271.0,257,nan,0,nan,0,nan,0,nan,0,nan,0,nan,0,nan,0,nan,0
1597988332749911040,1597988333239000064,2020-08-21 13:38:53.239000,2272.0,2284.0,2256.0,2282.0,nan,2268.0,392094,8892691920.0,294360,2272.0,577,2271.0,260,nan,0,nan,0,nan,0,nan,0,nan,0,nan,0,nan,0,nan,0
1597988333270128896,1597988333742000128,2020-08-21 13:38:53.742000,2272.0,2284.0,2256.0,2282.0,nan,2268.0,392094,8892691920.0,294360,2272.0,578,2271.0,262,nan,0,nan,0,nan,0,nan,0,nan,0,nan,0,nan,0,nan,0
1597988333853500928,1597988334240999936,2020-08-21 13:38:54.241000,2272.0,2284.0,2256.0,2282.0,nan,2268.0,392094,8892691920.0,294360,2272.0,578,2271.0,263,nan,0,nan,0,nan,0,nan,0,nan,0,nan,0,nan,0,nan,0
1597988334253896960,1597988334691000064,2020-08-21 13:38:54.691000,2272.0,2284.0,2256.0,2282.0,nan,2268.0,392095,8892714600.0,294360,2272.0,578,2271.0,263,nan,0,nan,0,nan,0,nan,0,nan,0,nan,0,nan,0,nan,0
1597988334777658112,1597988335183000064,2020-08-21 13:38:55.183000,2271.0,2284.0,2256.0,2282.0,nan,2268.0,392096,8892737280.0,294359,2272.0,577,2271.0,263,nan,0,nan,0,nan,0,nan,0,nan,0,nan,0,nan,0,nan,0
1597988335243000064,1597988335736999936,2020-08-21 13:38:55.737000,2271.0,2284.0,2256.0,2282.0,nan,2268.0,392098,8892782640.0,294357,2272.0,577,2271.0,261,nan,0,nan,0,nan,0,nan,0,nan,0,nan,0,nan,0,nan,0
1597988336242393088,1597988336742000128,2020-08-21 13:38:56.742000,2271.0,2284.0,2256.0,2282.0,nan,2268.0,392099,8892805320.0,294357,2272.0,599,2271.0,260,nan,0,nan,0,nan,0,nan,0,nan,0,nan,0,nan,0,nan,0
1597988336795237120,1597988337237999872,2020-08-21 13:38:57.238000,2271.0,2284.0,2256.0,2282.0,nan,2268.0,392105,8892941400.0,294358,2272.0,595,2271.0,255,nan,0,nan,0,nan,0,nan,0,nan,0,nan,0,nan,0,nan,0
1597988337301040128,1597988337703000064,2020-08-21 13:38:57.703000,2271.0,2284.0,2256.0,2282.0,nan,2268.0,392108,8893009440.0,294358,2272.0,593,2271.0,258,nan,0,nan,0,nan,0,nan,0,nan,0,nan,0,nan,0,nan,0
1597988338253388032,1597988338732000000,2020-08-21 13:38:58.732000,2272.0,2284.0,2256.0,2282.0,nan,2268.0,392109,8893032120.0,294359,2272.0,596,2271.0,258,nan,0,nan,0,nan,0,nan,0,nan,0,nan,0,nan,0,nan,0
1597988338755169024,1597988339243000064,2020-08-21 13:38:59.243000,2271.0,2284.0,2256.0,2282.0,nan,2268.0,392112,8893100160.0,294358,2272.0,597,2271.0,258,nan,0,nan,0,nan,0,nan,0,nan,0,nan,0,nan,0,nan,0
1597988339370230016,1597988339732000000,2020-08-21 13:38:59.732000,2272.0,2284.0,2256.0,2282.0,nan,2268.0,392114,8893145520.0,294360,2272.0,595,2271.0,258,nan,0,nan,0,nan,0,nan,0,nan,0,nan,0,nan,0,nan,0
1597988339765030912,1597988340240999936,2020-08-21 13:39:00.241000,2272.0,2284.0,2256.0,2282.0,nan,2268.0,392118,8893236240.0,294363,2272.0,595,2271.0,257,nan,0,nan,0,nan,0,nan,0,nan,0,nan,0,nan,0,nan,0
1597988340259407104,1597988340736999936,2020-08-21 13:39:00.737000,2272.0,2284.0,2256.0,2282.0,nan,2268.0,392118,8893236240.0,294363,2272.0,596,2271.0,261,nan,0,nan,0,nan,0,nan,0,nan,0,nan,0,nan,0,nan,0
1597988341251986944,1597988341742000128,2020-08-21 13:39:01.742000,2271.0,2284.0,2256.0,2282.0,nan,2268.0,392119,8893258920.0,294363,2272.0,596,2271.0,260,nan,0,nan,0,nan,0,nan,0,nan,0,nan,0,nan,0,nan,0
1597988341789564928,1597988342244000000,2020-08-21 13:39:02.244000,2272.0,2284.0,2256.0,2282.0,nan,2268.0,392121,8893304280.0,294365,2272.0,594,2271.0,259,nan,0,nan,0,nan,0,nan,0,nan,0,nan,0,nan,0,nan,0
1597988342253185024,1597988342734999808,2020-08-21 13:39:02.735000,2272.0,2284.0,2256.0,2282.0,nan,2268.0,392121,8893304280.0,294365,2272.0,594,2271.0,263,nan,0,nan,0,nan,0,nan,0,nan,0,nan,0,nan,0,nan,0
1597988342766720000,1597988343236999936,2020-08-21 13:39:03.237000,2272.0,2284.0,2256.0,2282.0,nan,2268.0,392121,8893304280.0,294365,2272.0,595,2271.0,263,nan,0,nan,0,nan,0,nan,0,nan,0,nan,0,nan,0,nan,0
1597988343251646976,1597988343740000000,2020-08-21 13:39:03.740000,2272.0,2284.0,2256.0,2282.0,nan,2268.0,392121,8893304280.0,294365,2272.0,604,2271.0,263,nan,0,nan,0,nan,0,nan,0,nan,0,nan,0,nan,0,nan,0
1597988343745029120,1597988344221999872,2020-08-21 13:39:04.222000,2272.0,2284.0,2256.0,2282.0,nan,2268.0,392121,8893304280.0,294365,2272.0,631,2271.0,263,nan,0,nan,0,nan,0,nan,0,nan,0,nan,0,nan,0,nan,0
1597988344243148032,1597988344743000064,2020-08-21 13:39:04.743000,2272.0,2284.0,2256.0,2282.0,nan,2268.0,392121,8893304280.0,294365,2272.0,633,2271.0,228,nan,0,nan,0,nan,0,nan,0,nan,0,nan,0,nan,0,nan,0
1597988344750574080,1597988345236999936,2020-08-21 13:39:05.237000,2272.0,2284.0,2256.0,2282.0,nan,2268.0,392121,8893304280.0,294365,2272.0,634,2271.0,228,nan,0,nan,0,nan,0,nan,0,nan,0,nan,0,nan,0,nan,0
1597988345361135104,1597988345742000128,2020-08-21 13:39:05.742000,2271.0,2284.0,2256.0,2282.0,nan,2268.0,392130,8893508400.0,294361,2272.0,635,2271.0,219,nan,0,nan,0,nan,0,nan,0,nan,0,nan,0,nan,0,nan,0
1597988345790766080,1597988346233999872,2020-08-21 13:39:06.234000,2271.0,2284.0,2256.0,2282.0,nan,2268.0,392131,8893531080.0,294361,2272.0,635,2271.0,208,nan,0,nan,0,nan,0,nan,0,nan,0,nan,0,nan,0,nan,0
1597988346260984064,1597988346743000064,2020-08-21 13:39:06.743000,2271.0,2284.0,2256.0,2282.0,nan,2268.0,392132,8893553760.0,294361,2272.0,635,2271.0,210,nan,0,nan,0,nan,0,nan,0,nan,0,nan,0,nan,0,nan,0
1597988346868409088,1597988347239000064,2020-08-21 13:39:07.239000,2271.0,2284.0,2256.0,2282.0,nan,2268.0,392132,8893553760.0,294361,2272.0,652,2271.0,210,nan,0,nan,0,nan,0,nan,0,nan,0,nan,0,nan,0,nan,0
1597988347479416064,1597988347711000064,2020-08-21 13:39:07.711000,2272.0,2284.0,2256.0,2282.0,nan,2268.0,392154,8894052720.0,294380,2272.0,612,2271.0,224,nan,0,nan,0,nan,0,nan,0,nan,0,nan,0,nan,0,nan,0
1597988347746110976,1597988348233999872,2020-08-21 13:39:08.234000,2271.0,2284.0,2256.0,2282.0,nan,2268.0,392155,8894075400.0,294379,2272.0,611,2271.0,225,nan,0,nan,0,nan,0,nan,0,nan,0,nan,0,nan,0,nan,0
1597988348249248000,1597988348707000064,2020-08-21 13:39:08.707000,2271.0,2284.0,2256.0,2282.0,nan,2268.0,392156,8894098080.0,294379,2272.0,623,2271.0,234,nan,0,nan,0,nan,0,nan,0,nan,0,nan,0,nan,0,nan,0
1597988348742804992,1597988349219000064,2020-08-21 13:39:09.219000,2272.0,2284.0,2256.0,2282.0,nan,2268.0,392161,8894211480.0,294382,2272.0,619,2271.0,241,nan,0,nan,0,nan,0,nan,0,nan,0,nan,0,nan,0,nan,0
1597988349333329920,1597988349740000000,2020-08-21 13:39:09.740000,2272.0,2284.0,2256.0,2282.0,nan,2268.0,392161,8894211480.0,294382,2272.0,626,2271.0,242,nan,0,nan,0,nan,0,nan,0,nan,0,nan,0,nan,0,nan,0
1597988349745660928,1597988350240999936,2020-08-21 13:39:10.241000,2272.0,2284.0,2256.0,2282.0,nan,2268.0,392163,8894256840.0,294382,2272.0,623,2271.0,242,nan,0,nan,0,nan,0,nan,0,nan,0,nan,0,nan,0,nan,0
1597988350263144960,1597988350743000064,2020-08-21 13:39:10.743000,2272.0,2284.0,2256.0,2282.0,nan,2268.0,392163,8894256840.0,294382,2272.0,624,2271.0,242,nan,0,nan,0,nan,0,nan,0,nan,0,nan,0,nan,0,nan,0
1597988350893363968,1597988351211000064,2020-08-21 13:39:11.211000,2272.0,2284.0,2256.0,2282.0,nan,2268.0,392163,8894256840.0,294382,2272.0,624,2271.0,245,nan,0,nan,0,nan,0,nan,0,nan,0,nan,0,nan,0,nan,0
1597988351271435008,1597988351736999936,2020-08-21 13:39:11.737000,2271.0,2284.0,2256.0,2282.0,nan,2268.0,392164,8894279520.0,294382,2272.0,625,2271.0,289,nan,0,nan,0,nan,0,nan,0,nan,0,nan,0,nan,0,nan,0
1597988351788293888,1597988352243000064,2020-08-21 13:39:12.243000,2271.0,2284.0,2256.0,2282.0,nan,2268.0,392164,8894279520.0,294382,2272.0,625,2271.0,302,nan,0,nan,0,nan,0,nan,0,nan,0,nan,0,nan,0,nan,0
1597988352353854976,1597988352734999808,2020-08-21 13:39:12.735000,2271.0,2284.0,2256.0,2282.0,nan,2268.0,392164,8894279520.0,294382,2272.0,627,2271.0,298,nan,0,nan,0,nan,0,nan,0,nan,0,nan,0,nan,0,nan,0
1597988352797846016,1597988353220999936,2020-08-21 13:39:13.221000,2272.0,2284.0,2256.0,2282.0,nan,2268.0,392166,8894324880.0,294380,2272.0,625,2271.0,298,nan,0,nan,0,nan,0,nan,0,nan,0,nan,0,nan,0,nan,0
1597988353248371968,1597988353730000128,2020-08-21 13:39:13.730000,2272.0,2284.0,2256.0,2282.0,nan,2268.0,392169,8894392920.0,294379,2272.0,623,2271.0,327,nan,0,nan,0,nan,0,nan,0,nan,0,nan,0,nan,0,nan,0
1597988353762979072,1597988354242000128,2020-08-21 13:39:14.242000,2271.0,2284.0,2256.0,2282.0,nan,2268.0,392170,8894415600.0,294379,2272.0,624,2271.0,367,nan,0,nan,0,nan,0,nan,0,nan,0,nan,0,nan,0,nan,0
1597988354260300032,1597988354724999936,2020-08-21 13:39:14.725000,2271.0,2284.0,2256.0,2282.0,nan,2268.0,392170,8894415600.0,294379,2272.0,661,2271.0,373,nan,0,nan,0,nan,0,nan,0,nan,0,nan,0,nan,0,nan,0
1597988354742025984,1597988355237999872,2020-08-21 13:39:15.238000,2272.0,2284.0,2256.0,2282.0,nan,2268.0,392181,8894665080.0,294384,2272.0,652,2271.0,375,nan,0,nan,0,nan,0,nan,0,nan,0,nan,0,nan,0,nan,0
1597988355245373952,1597988355742000128,2020-08-21 13:39:15.742000,2272.0,2284.0,2256.0,2282.0,nan,2268.0,392181,8894665080.0,294384,2272.0,651,2271.0,376,nan,0,nan,0,nan,0,nan,0,nan,0,nan,0,nan,0,nan,0
1597988355754736896,1597988356224999936,2020-08-21 13:39:16.225000,2272.0,2284.0,2256.0,2282.0,nan,2268.0,392186,8894778480.0,294379,2272.0,676,2271.0,382,nan,0,nan,0,nan,0,nan,0,nan,0,nan,0,nan,0,nan,0
1597988356256432128,1597988356732999936,2020-08-21 13:39:16.733000,2271.0,2284.0,2256.0,2282.0,nan,2268.0,392187,8894801160.0,294379,2272.0,678,2271.0,382,nan,0,nan,0,nan,0,nan,0,nan,0,nan,0,nan,0,nan,0
1597988356756507904,1597988357214999808,2020-08-21 13:39:17.215000,2271.0,2284.0,2256.0,2282.0,nan,2268.0,392187,8894801160.0,294379,2272.0,678,2271.0,384,nan,0,nan,0,nan,0,nan,0,nan,0,nan,0,nan,0,nan,0
1597988357257959936,1597988357663000064,2020-08-21 13:39:17.663000,2271.0,2284.0,2256.0,2282.0,nan,2268.0,392203,8895164040.0,294371,2272.0,678,2271.0,399,nan,0,nan,0,nan,0,nan,0,nan,0,nan,0,nan,0,nan,0
1597988357745680896,1597988358234999808,2020-08-21 13:39:18.235000,2272.0,2284.0,2256.0,2282.0,nan,2268.0,392211,8895345480.0,294371,2272.0,670,2271.0,400,nan,0,nan,0,nan,0,nan,0,nan,0,nan,0,nan,0,nan,0
1597988358248152064,1597988358742000128,2020-08-21 13:39:18.742000,2271.0,2284.0,2256.0,2282.0,nan,2268.0,392212,8895368160.0,294371,2272.0,670,2271.0,400,nan,0,nan,0,nan,0,nan,0,nan,0,nan,0,nan,0,nan,0
1597988359250284032,1597988359740000000,2020-08-21 13:39:19.740000,2271.0,2284.0,2256.0,2282.0,nan,2268.0,392214,8895413520.0,294370,2272.0,669,2271.0,399,nan,0,nan,0,nan,0,nan,0,nan,0,nan,0,nan,0,nan,0
1597988359757430016,1597988360240000000,2020-08-21 13:39:20.240000,2271.0,2284.0,2256.0,2282.0,nan,2268.0,392218,8895504240.0,294371,2272.0,684,2271.0,396,nan,0,nan,0,nan,0,nan,0,nan,0,nan,0,nan,0,nan,0
1597988360259799040,1597988360740999936,2020-08-21 13:39:20.741000,2272.0,2284.0,2256.0,2282.0,nan,2268.0,392224,8895640320.0,294374,2272.0,679,2271.0,382,nan,0,nan,0,nan,0,nan,0,nan,0,nan,0,nan,0,nan,0
1597988360746816000,1597988361153000192,2020-08-21 13:39:21.153000,2271.0,2284.0,2256.0,2282.0,nan,2268.0,392226,8895685680.0,294374,2272.0,680,2271.0,382,nan,0,nan,0,nan,0,nan,0,nan,0,nan,0,nan,0,nan,0
1597988361246956032,1597988361737999872,2020-08-21 13:39:21.738000,2271.0,2284.0,2256.0,2282.0,nan,2268.0,392226,8895685680.0,294374,2272.0,681,2271.0,383,nan,0,nan,0,nan,0,nan,0,nan,0,nan,0,nan,0,nan,0
1597988361750057984,1597988362233999872,2020-08-21 13:39:22.234000,2271.0,2284.0,2256.0,2282.0,nan,2268.0,392228,8895731040.0,294375,2272.0,682,2271.0,381,nan,0,nan,0,nan,0,nan,0,nan,0,nan,0,nan,0,nan,0
1597988362246042880,1597988362736000000,2020-08-21 13:39:22.736000,2271.0,2284.0,2256.0,2282.0,nan,2268.0,392232,8895821760.0,294374,2272.0,683,2271.0,399,nan,0,nan,0,nan,0,nan,0,nan,0,nan,0,nan,0,nan,0
1597988362776680960,1597988363240999936,2020-08-21 13:39:23.241000,2271.0,2284.0,2256.0,2282.0,nan,2268.0,392232,8895821760.0,294374,2272.0,683,2271.0,415,nan,0,nan,0,nan,0,nan,0,nan,0,nan,0,nan,0,nan,0
1597988363263988992,1597988363716000000,2020-08-21 13:39:23.716000,2271.0,2284.0,2256.0,2282.0,nan,2268.0,392232,8895821760.0,294374,2272.0,683,2271.0,419,nan,0,nan,0,nan,0,nan,0,nan,0,nan,0,nan,0,nan,0
1597988363750511104,1597988364230000128,2020-08-21 13:39:24.230000,2271.0,2284.0,2256.0,2282.0,nan,2268.0,392232,8895821760.0,294374,2272.0,686,2271.0,419,nan,0,nan,0,nan,0,nan,0,nan,0,nan,0,nan,0,nan,0
1597988364253285120,1597988364740000000,2020-08-21 13:39:24.740000,2271.0,2284.0,2256.0,2282.0,nan,2268.0,392232,8895821760.0,294374,2272.0,687,2271.0,419,nan,0,nan,0,nan,0,nan,0,nan,0,nan,0,nan,0,nan,0
1597988364754881024,1597988365242000128,2020-08-21 13:39:25.242000,2271.0,2284.0,2256.0,2282.0,nan,2268.0,392233,8895844440.0,294374,2272.0,691,2271.0,422,nan,0,nan,0,nan,0,nan,0,nan,0,nan,0,nan,0,nan,0
1597988365253780992,1597988365728000000,2020-08-21 13:39:25.728000,2271.0,2284.0,2256.0,2282.0,nan,2268.0,392233,8895844440.0,294374,2272.0,691,2271.0,432,nan,0,nan,0,nan,0,nan,0,nan,0,nan,0,nan,0,nan,0
1597988365763602944,1597988366243000064,2020-08-21 13:39:26.243000,2271.0,2284.0,2256.0,2282.0,nan,2268.0,392233,8895844440.0,294374,2272.0,723,2271.0,432,nan,0,nan,0,nan,0,nan,0,nan,0,nan,0,nan,0,nan,0
1597988366269422080,1597988366731000064,2020-08-21 13:39:26.731000,2272.0,2284.0,2256.0,2282.0,nan,2268.0,392236,8895912480.0,294373,2272.0,721,2271.0,442,nan,0,nan,0,nan,0,nan,0,nan,0,nan,0,nan,0,nan,0
1597988366766524928,1597988367232000000,2020-08-21 13:39:27.232000,2271.0,2284.0,2256.0,2282.0,nan,2268.0,392237,8895935160.0,294374,2272.0,722,2271.0,442,nan,0,nan,0,nan,0,nan,0,nan,0,nan,0,nan,0,nan,0
1597988367259885056,1597988367731000064,2020-08-21 13:39:27.731000,2272.0,2284.0,2256.0,2282.0,nan,2268.0,392238,8895957840.0,294373,2272.0,721,2271.0,442,nan,0,nan,0,nan,0,nan,0,nan,0,nan,0,nan,0,nan,0
1597988367751977984,1597988368209000192,2020-08-21 13:39:28.209000,2272.0,2284.0,2256.0,2282.0,nan,2268.0,392238,8895957840.0,294373,2272.0,721,2271.0,443,nan,0,nan,0,nan,0,nan,0,nan,0,nan,0,nan,0,nan,0
1597988368266917120,1597988368736999936,2020-08-21 13:39:28.737000,2271.0,2284.0,2256.0,2282.0,nan,2268.0,392239,8895980520.0,294374,2272.0,720,2271.0,434,nan,0,nan,0,nan,0,nan,0,nan,0,nan,0,nan,0,nan,0
1597988368764803072,1597988369236999936,2020-08-21 13:39:29.237000,2272.0,2284.0,2256.0,2282.0,nan,2268.0,392247,8896161960.0,294377,2272.0,713,2271.0,435,nan,0,nan,0,nan,0,nan,0,nan,0,nan,0,nan,0,nan,0
1597988370273033984,1597988370739000064,2020-08-21 13:39:30.739000,2271.0,2284.0,2256.0,2282.0,nan,2268.0,392255,8896343400.0,294376,2272.0,712,2271.0,430,nan,0,nan,0,nan,0,nan,0,nan,0,nan,0,nan,0,nan,0
1597988370760688128,1597988371223000064,2020-08-21 13:39:31.223000,2271.0,2284.0,2256.0,2282.0,nan,2268.0,392255,8896343400.0,294376,2272.0,717,2271.0,429,nan,0,nan,0,nan,0,nan,0,nan,0,nan,0,nan,0,nan,0
1597988371758690048,1597988372240999936,2020-08-21 13:39:32.241000,2271.0,2284.0,2256.0,2282.0,nan,2268.0,392256,8896366080.0,294377,2272.0,719,2271.0,428,nan,0,nan,0,nan,0,nan,0,nan,0,nan,0,nan,0,nan,0
1597988372254881024,1597988372739000064,2020-08-21 13:39:32.739000,2271.0,2284.0,2256.0,2282.0,nan,2268.0,392256,8896366080.0,294377,2272.0,719,2271.0,459,nan,0,nan,0,nan,0,nan,0,nan,0,nan,0,nan,0,nan,0
1597988373267812096,1597988373724999936,2020-08-21 13:39:33.725000,2271.0,2284.0,2256.0,2282.0,nan,2268.0,392256,8896366080.0,294377,2272.0,719,2271.0,460,nan,0,nan,0,nan,0,nan,0,nan,0,nan,0,nan,0,nan,0
1597988373762854912,1597988374216999936,2020-08-21 13:39:34.217000,2271.0,2284.0,2256.0,2282.0,nan,2268.0,392260,8896456800.0,294381,2272.0,719,2271.0,456,nan,0,nan,0,nan,0,nan,0,nan,0,nan,0,nan,0,nan,0
1597988374261632000,1597988374736999936,2020-08-21 13:39:34.737000,2272.0,2284.0,2256.0,2282.0,nan,2268.0,392266,8896592880.0,294381,2272.0,728,2271.0,469,nan,0,nan,0,nan,0,nan,0,nan,0,nan,0,nan,0,nan,0
1597988374772787968,1597988375244000000,2020-08-21 13:39:35.244000,2271.0,2284.0,2256.0,2282.0,nan,2268.0,392267,8896615560.0,294381,2272.0,729,2271.0,460,nan,0,nan,0,nan,0,nan,0,nan,0,nan,0,nan,0,nan,0
1597988375256033024,1597988375732000000,2020-08-21 13:39:35.732000,2271.0,2284.0,2256.0,2282.0,nan,2268.0,392268,8896638240.0,294381,2272.0,732,2271.0,460,nan,0,nan,0,nan,0,nan,0,nan,0,nan,0,nan,0,nan,0
1597988375759789056,1597988376240000000,2020-08-21 13:39:36.240000,2271.0,2284.0,2256.0,2282.0,nan,2268.0,392269,8896660920.0,294381,2272.0,734,2271.0,459,nan,0,nan,0,nan,0,nan,0,nan,0,nan,0,nan,0,nan,0
1597988376766843904,1597988377236999936,2020-08-21 13:39:37.237000,2271.0,2284.0,2256.0,2282.0,nan,2268.0,392269,8896660920.0,294381,2272.0,734,2271.0,460,nan,0,nan,0,nan,0,nan,0,nan,0,nan,0,nan,0,nan,0
1597988377265603072,1597988377743000064,2020-08-21 13:39:37.743000,2271.0,2284.0,2256.0,2282.0,nan,2268.0,392269,8896660920.0,294381,2272.0,735,2271.0,461,nan,0,nan,0,nan,0,nan,0,nan,0,nan,0,nan,0,nan,0
1597988378375632896,1597988378743000064,2020-08-21 13:39:38.743000,2271.0,2284.0,2256.0,2282.0,nan,2268.0,392269,8896660920.0,294381,2272.0,724,2271.0,461,nan,0,nan,0,nan,0,nan,0,nan,0,nan,0,nan,0,nan,0
1597988378761954048,1597988379204999936,2020-08-21 13:39:39.205000,2271.0,2284.0,2256.0,2282.0,nan,2268.0,392281,8896933080.0,294377,2272.0,726,2271.0,452,nan,0,nan,0,nan,0,nan,0,nan,0,nan,0,nan,0,nan,0
1597988379276229120,1597988379720999936,2020-08-21 13:39:39.721000,2272.0,2284.0,2256.0,2282.0,nan,2268.0,392282,8896955760.0,294377,2272.0,725,2271.0,452,nan,0,nan,0,nan,0,nan,0,nan,0,nan,0,nan,0,nan,0
1597988379765539072,1597988380232999936,2020-08-21 13:39:40.233000,2271.0,2284.0,2256.0,2282.0,nan,2268.0,392289,8897114520.0,294377,2272.0,720,2271.0,448,nan,0,nan,0,nan,0,nan,0,nan,0,nan,0,nan,0,nan,0
1597988380274447872,1597988380729000192,2020-08-21 13:39:40.729000,2272.0,2284.0,2256.0,2282.0,nan,2268.0,392294,8897227920.0,294372,2272.0,715,2271.0,448,nan,0,nan,0,nan,0,nan,0,nan,0,nan,0,nan,0,nan,0
1597988381268357120,1597988381719000064,2020-08-21 13:39:41.719000,2272.0,2284.0,2256.0,2282.0,nan,2268.0,392303,8897432040.0,294367,2272.0,708,2271.0,442,nan,0,nan,0,nan,0,nan,0,nan,0,nan,0,nan,0,nan,0
1597988381758607104,1597988382240999936,2020-08-21 13:39:42.241000,2271.0,2284.0,2256.0,2282.0,nan,2268.0,392304,8897454720.0,294368,2272.0,713,2271.0,444,nan,0,nan,0,nan,0,nan,0,nan,0,nan,0,nan,0,nan,0
1597988382771407872,1597988383234999808,2020-08-21 13:39:43.235000,2271.0,2284.0,2256.0,2282.0,nan,2268.0,392304,8897454720.0,294368,2272.0,718,2271.0,454,nan,0,nan,0,nan,0,nan,0,nan,0,nan,0,nan,0,nan,0
1597988383774614016,1597988384208000000,2020-08-21 13:39:44.208000,2272.0,2284.0,2256.0,2282.0,nan,2268.0,392305,8897477400.0,294368,2272.0,717,2271.0,454,nan,0,nan,0,nan,0,nan,0,nan,0,nan,0,nan,0,nan,0
1597988384257304064,1597988384744000000,2020-08-21 13:39:44.744000,2272.0,2284.0,2256.0,2282.0,nan,2268.0,392305,8897477400.0,294368,2272.0,721,2271.0,464,nan,0,nan,0,nan,0,nan,0,nan,0,nan,0,nan,0,nan,0
1597988384756122112,1597988385243000064,2020-08-21 13:39:45.243000,2272.0,2284.0,2256.0,2282.0,nan,2268.0,392305,8897477400.0,294368,2272.0,721,2271.0,466,nan,0,nan,0,nan,0,nan,0,nan,0,nan,0,nan,0,nan,0
1597988385279134976,1597988385733999872,2020-08-21 13:39:45.734000,2272.0,2284.0,2256.0,2282.0,nan,2268.0,392306,8897500080.0,294368,2272.0,720,2271.0,467,nan,0,nan,0,nan,0,nan,0,nan,0,nan,0,nan,0,nan,0
1597988385758123008,1597988386194000128,2020-08-21 13:39:46.194000,2272.0,2284.0,2256.0,2282.0,nan,2268.0,392315,8897704200.0,294368,2272.0,712,2271.0,468,nan,0,nan,0,nan,0,nan,0,nan,0,nan,0,nan,0,nan,0
1597988386260698112,1597988386704999936,2020-08-21 13:39:46.705000,2272.0,2284.0,2256.0,2282.0,nan,2268.0,392345,8898384600.0,294338,2272.0,684,2271.0,469,nan,0,nan,0,nan,0,nan,0,nan,0,nan,0,nan,0,nan,0
1597988386756727040,1597988387200999936,2020-08-21 13:39:47.201000,2271.0,2284.0,2256.0,2282.0,nan,2268.0,392394,8899495920.0,294307,2272.0,636,2271.0,476,nan,0,nan,0,nan,0,nan,0,nan,0,nan,0,nan,0,nan,0
1597988387271062016,1597988387728000000,2020-08-21 13:39:47.728000,2271.0,2284.0,2256.0,2282.0,nan,2268.0,392394,8899495920.0,294307,2272.0,634,2271.0,476,nan,0,nan,0,nan,0,nan,0,nan,0,nan,0,nan,0,nan,0
1597988387767097088,1597988388223000064,2020-08-21 13:39:48.223000,2272.0,2284.0,2256.0,2282.0,nan,2268.0,392396,8899541280.0,294306,2272.0,633,2271.0,476,nan,0,nan,0,nan,0,nan,0,nan,0,nan,0,nan,0,nan,0
1597988388262586880,1597988388739000064,2020-08-21 13:39:48.739000,2272.0,2284.0,2256.0,2282.0,nan,2268.0,392398,8899586640.0,294307,2272.0,632,2271.0,476,nan,0,nan,0,nan,0,nan,0,nan,0,nan,0,nan,0,nan,0
1597988388761659904,1597988389243000064,2020-08-21 13:39:49.243000,2272.0,2284.0,2256.0,2282.0,nan,2268.0,392399,8899609320.0,294308,2272.0,631,2271.0,480,nan,0,nan,0,nan,0,nan,0,nan,0,nan,0,nan,0,nan,0
1597988389272570880,1597988389707000064,2020-08-21 13:39:49.707000,2271.0,2284.0,2256.0,2282.0,nan,2268.0,392449,8900743320.0,294333,2272.0,631,2271.0,430,nan,0,nan,0,nan,0,nan,0,nan,0,nan,0,nan,0,nan,0
1597988389755755008,1597988390240000000,2020-08-21 13:39:50.240000,2271.0,2284.0,2256.0,2282.0,nan,2268.0,392449,8900743320.0,294333,2272.0,631,2271.0,427,nan,0,nan,0,nan,0,nan,0,nan,0,nan,0,nan,0,nan,0
1597988390272588032,1597988390744000000,2020-08-21 13:39:50.744000,2272.0,2284.0,2256.0,2282.0,nan,2268.0,392454,8900856720.0,294331,2272.0,628,2271.0,425,nan,0,nan,0,nan,0,nan,0,nan,0,nan,0,nan,0,nan,0
1597988390768527872,1597988391240999936,2020-08-21 13:39:51.241000,2271.0,2284.0,2256.0,2282.0,nan,2268.0,392468,8901174240.0,294332,2272.0,618,2271.0,424,nan,0,nan,0,nan,0,nan,0,nan,0,nan,0,nan,0,nan,0
1597988391270449920,1597988391742000128,2020-08-21 13:39:51.742000,2271.0,2284.0,2256.0,2282.0,nan,2268.0,392468,8901174240.0,294332,2272.0,619,2271.0,424,nan,0,nan,0,nan,0,nan,0,nan,0,nan,0,nan,0,nan,0
1597988391774131968,1597988392243000064,2020-08-21 13:39:52.243000,2272.0,2284.0,2256.0,2282.0,nan,2268.0,392469,8901196920.0,294332,2272.0,622,2271.0,425,nan,0,nan,0,nan,0,nan,0,nan,0,nan,0,nan,0,nan,0
1597988392265438976,1597988392736999936,2020-08-21 13:39:52.737000,2271.0,2284.0,2256.0,2282.0,nan,2268.0,392489,8901650520.0,294316,2272.0,622,2271.0,405,nan,0,nan,0,nan,0,nan,0,nan,0,nan,0,nan,0,nan,0
1597988392775241984,1597988393233999872,2020-08-21 13:39:53.234000,2272.0,2284.0,2256.0,2282.0,nan,2268.0,392490,8901673200.0,294315,2272.0,621,2271.0,408,nan,0,nan,0,nan,0,nan,0,nan,0,nan,0,nan,0,nan,0
1597988393280504064,1597988393729000192,2020-08-21 13:39:53.729000,2272.0,2284.0,2256.0,2282.0,nan,2268.0,392501,8901922680.0,294306,2272.0,600,2271.0,408,nan,0,nan,0,nan,0,nan,0,nan,0,nan,0,nan,0,nan,0
1597988393775153920,1597988394243000064,2020-08-21 13:39:54.243000,2272.0,2284.0,2256.0,2282.0,nan,2268.0,392501,8901922680.0,294306,2272.0,600,2271.0,418,nan,0,nan,0,nan,0,nan,0,nan,0,nan,0,nan,0,nan,0
1597988394273118976,1597988394743000064,2020-08-21 13:39:54.743000,2272.0,2284.0,2256.0,2282.0,nan,2268.0,392502,8901945360.0,294305,2272.0,600,2271.0,430,nan,0,nan,0,nan,0,nan,0,nan,0,nan,0,nan,0,nan,0
1597988394783102976,1597988395243000064,2020-08-21 13:39:55.243000,2272.0,2284.0,2256.0,2282.0,nan,2268.0,392505,8902013400.0,294305,2272.0,598,2271.0,430,nan,0,nan,0,nan,0,nan,0,nan,0,nan,0,nan,0,nan,0
1597988395275379968,1597988395743000064,2020-08-21 13:39:55.743000,2272.0,2284.0,2256.0,2282.0,nan,2268.0,392505,8902013400.0,294305,2272.0,599,2271.0,430,nan,0,nan,0,nan,0,nan,0,nan,0,nan,0,nan,0,nan,0
1597988395777972992,1597988396236000000,2020-08-21 13:39:56.236000,2271.0,2284.0,2256.0,2282.0,nan,2268.0,392506,8902036080.0,294306,2272.0,603,2271.0,429,nan,0,nan,0,nan,0,nan,0,nan,0,nan,0,nan,0,nan,0
1597988396269592064,1597988396729000192,2020-08-21 13:39:56.729000,2271.0,2284.0,2256.0,2282.0,nan,2268.0,392506,8902036080.0,294306,2272.0,607,2271.0,419,nan,0,nan,0,nan,0,nan,0,nan,0,nan,0,nan,0,nan,0
1597988396775211008,1597988397231000064,2020-08-21 13:39:57.231000,2272.0,2284.0,2256.0,2282.0,nan,2268.0,392508,8902081440.0,294306,2272.0,606,2271.0,420,nan,0,nan,0,nan,0,nan,0,nan,0,nan,0,nan,0,nan,0
1597988397277678080,1597988397743000064,2020-08-21 13:39:57.743000,2271.0,2284.0,2256.0,2282.0,nan,2268.0,392509,8902104120.0,294306,2272.0,606,2271.0,419,nan,0,nan,0,nan,0,nan,0,nan,0,nan,0,nan,0,nan,0
1597988397812556032,1597988398239000064,2020-08-21 13:39:58.239000,2272.0,2284.0,2256.0,2282.0,nan,2268.0,392514,8902217520.0,294301,2272.0,593,2271.0,421,nan,0,nan,0,nan,0,nan,0,nan,0,nan,0,nan,0,nan,0
1597988398278522880,1597988398740999936,2020-08-21 13:39:58.741000,2272.0,2284.0,2256.0,2282.0,nan,2268.0,392514,8902217520.0,294301,2272.0,601,2271.0,422,nan,0,nan,0,nan,0,nan,0,nan,0,nan,0,nan,0,nan,0
1597988398788084992,1597988399239000064,2020-08-21 13:39:59.239000,2272.0,2284.0,2256.0,2282.0,nan,2268.0,392514,8902217520.0,294301,2272.0,604,2271.0,419,nan,0,nan,0,nan,0,nan,0,nan,0,nan,0,nan,0,nan,0
1597988399277646080,1597988399743000064,2020-08-21 13:39:59.743000,2272.0,2284.0,2256.0,2282.0,nan,2268.0,392514,8902217520.0,294301,2272.0,605,2271.0,428,nan,0,nan,0,nan,0,nan,0,nan,0,nan,0,nan,0,nan,0
1597988400785367040,1597988401224999936,2020-08-21 13:40:01.225000,2272.0,2284.0,2256.0,2282.0,nan,2268.0,392514,8902217520.0,294301,2272.0,608,2271.0,428,nan,0,nan,0,nan,0,nan,0,nan,0,nan,0,nan,0,nan,0
1597988401275184896,1597988401703000064,2020-08-21 13:40:01.703000,2272.0,2284.0,2256.0,2282.0,nan,2268.0,392530,8902580400.0,294290,2272.0,599,2271.0,423,nan,0,nan,0,nan,0,nan,0,nan,0,nan,0,nan,0,nan,0
1597988401787279104,1597988402216999936,2020-08-21 13:40:02.217000,2272.0,2284.0,2256.0,2282.0,nan,2268.0,392616,8904530880.0,294227,2272.0,519,2271.0,433,nan,0,nan,0,nan,0,nan,0,nan,0,nan,0,nan,0,nan,0
1597988402287267072,1597988402742000128,2020-08-21 13:40:02.742000,2272.0,2284.0,2256.0,2282.0,nan,2268.0,392680,8905982400.0,294238,2272.0,455,2271.0,434,nan,0,nan,0,nan,0,nan,0,nan,0,nan,0,nan,0,nan,0
1597988402772058880,1597988403240999936,2020-08-21 13:40:03.241000,2272.0,2284.0,2256.0,2282.0,nan,2268.0,392680,8905982400.0,294238,2272.0,453,2271.0,445,nan,0,nan,0,nan,0,nan,0,nan,0,nan,0,nan,0,nan,0
1597988403275657984,1597988403719000064,2020-08-21 13:40:03.719000,2272.0,2284.0,2256.0,2282.0,nan,2268.0,392680,8905982400.0,294238,2272.0,467,2271.0,445,nan,0,nan,0,nan,0,nan,0,nan,0,nan,0,nan,0,nan,0
1597988403767512064,1597988404240000000,2020-08-21 13:40:04.240000,2272.0,2284.0,2256.0,2282.0,nan,2268.0,392687,8906141160.0,294239,2272.0,460,2271.0,445,nan,0,nan,0,nan,0,nan,0,nan,0,nan,0,nan,0,nan,0
1597988404297246976,1597988404734999808,2020-08-21 13:40:04.735000,2272.0,2284.0,2256.0,2282.0,nan,2268.0,392687,8906141160.0,294239,2272.0,465,2271.0,451,nan,0,nan,0,nan,0,nan,0,nan,0,nan,0,nan,0,nan,0
1597988404763269888,1597988405221999872,2020-08-21 13:40:05.222000,2271.0,2284.0,2256.0,2282.0,nan,2268.0,392692,8906254560.0,294241,2272.0,493,2271.0,448,nan,0,nan,0,nan,0,nan,0,nan,0,nan,0,nan,0,nan,0
1597988405268548096,1597988405729000192,2020-08-21 13:40:05.729000,2271.0,2284.0,2256.0,2282.0,nan,2268.0,392692,8906254560.0,294241,2272.0,494,2271.0,456,nan,0,nan,0,nan,0,nan,0,nan,0,nan,0,nan,0,nan,0
1597988405766870016,1597988406210000128,2020-08-21 13:40:06.210000,2271.0,2284.0,2256.0,2282.0,nan,2268.0,392692,8906254560.0,294241,2272.0,495,2271.0,490,nan,0,nan,0,nan,0,nan,0,nan,0,nan,0,nan,0,nan,0
1597988406273157120,1597988406744999936,2020-08-21 13:40:06.745000,2271.0,2284.0,2256.0,2282.0,nan,2268.0,392692,8906254560.0,294241,2272.0,498,2271.0,490,nan,0,nan,0,nan,0,nan,0,nan,0,nan,0,nan,0,nan,0
1597988406773441024,1597988407236999936,2020-08-21 13:40:07.237000,2271.0,2284.0,2256.0,2282.0,nan,2268.0,392693,8906277240.0,294242,2272.0,498,2271.0,490,nan,0,nan,0,nan,0,nan,0,nan,0,nan,0,nan,0,nan,0
1597988407322532096,1597988407719000064,2020-08-21 13:40:07.719000,2271.0,2284.0,2256.0,2282.0,nan,2268.0,392693,8906277240.0,294242,2272.0,507,2271.0,494,nan,0,nan,0,nan,0,nan,0,nan,0,nan,0,nan,0,nan,0
1597988407771514112,1597988408239000064,2020-08-21 13:40:08.239000,2271.0,2284.0,2256.0,2282.0,nan,2268.0,392693,8906277240.0,294242,2272.0,512,2271.0,494,nan,0,nan,0,nan,0,nan,0,nan,0,nan,0,nan,0,nan,0
1597988408285804032,1597988408740000000,2020-08-21 13:40:08.740000,2271.0,2284.0,2256.0,2282.0,nan,2268.0,392693,8906277240.0,294242,2272.0,514,2271.0,494,nan,0,nan,0,nan,0,nan,0,nan,0,nan,0,nan,0,nan,0
1597988408818405888,1597988409211000064,2020-08-21 13:40:09.211000,2271.0,2284.0,2256.0,2282.0,nan,2268.0,392694,8906299920.0,294242,2272.0,513,2271.0,494,nan,0,nan,0,nan,0,nan,0,nan,0,nan,0,nan,0,nan,0
1597988409280783104,1597988409736999936,2020-08-21 13:40:09.737000,2271.0,2284.0,2256.0,2282.0,nan,2268.0,392694,8906299920.0,294242,2272.0,516,2271.0,504,nan,0,nan,0,nan,0,nan,0,nan,0,nan,0,nan,0,nan,0
1597988409772870912,1597988410194999808,2020-08-21 13:40:10.195000,2271.0,2284.0,2256.0,2282.0,nan,2268.0,392694,8906299920.0,294242,2272.0,517,2271.0,504,nan,0,nan,0,nan,0,nan,0,nan,0,nan,0,nan,0,nan,0
1597988410283009024,1597988410712000000,2020-08-21 13:40:10.712000,2271.0,2284.0,2256.0,2282.0,nan,2268.0,392694,8906299920.0,294242,2272.0,524,2271.0,505,nan,0,nan,0,nan,0,nan,0,nan,0,nan,0,nan,0,nan,0
1597988410768189952,1597988411239000064,2020-08-21 13:40:11.239000,2271.0,2284.0,2256.0,2282.0,nan,2268.0,392694,8906299920.0,294242,2272.0,523,2271.0,506,nan,0,nan,0,nan,0,nan,0,nan,0,nan,0,nan,0,nan,0
1597988411272839936,1597988411730000128,2020-08-21 13:40:11.730000,2271.0,2284.0,2256.0,2282.0,nan,2268.0,392695,8906322600.0,294242,2272.0,526,2271.0,505,nan,0,nan,0,nan,0,nan,0,nan,0,nan,0,nan,0,nan,0
1597988411776877056,1597988412224999936,2020-08-21 13:40:12.225000,2271.0,2284.0,2256.0,2282.0,nan,2268.0,392695,8906322600.0,294242,2272.0,526,2271.0,508,nan,0,nan,0,nan,0,nan,0,nan,0,nan,0,nan,0,nan,0
1597988412271257088,1597988412708000000,2020-08-21 13:40:12.708000,2272.0,2284.0,2256.0,2282.0,nan,2268.0,392696,8906345280.0,294242,2272.0,547,2271.0,509,nan,0,nan,0,nan,0,nan,0,nan,0,nan,0,nan,0,nan,0
1597988412778940928,1597988413236999936,2020-08-21 13:40:13.237000,2272.0,2284.0,2256.0,2282.0,nan,2268.0,392701,8906458680.0,294242,2272.0,542,2271.0,509,nan,0,nan,0,nan,0,nan,0,nan,0,nan,0,nan,0,nan,0
1597988413284657920,1597988413709000192,2020-08-21 13:40:13.709000,2272.0,2284.0,2256.0,2282.0,nan,2268.0,392701,8906458680.0,294242,2272.0,542,2271.0,522,nan,0,nan,0,nan,0,nan,0,nan,0,nan,0,nan,0,nan,0
1597988413790550016,1597988414230000128,2020-08-21 13:40:14.230000,2272.0,2284.0,2256.0,2282.0,nan,2268.0,392703,8906504040.0,294243,2272.0,540,2271.0,521,nan,0,nan,0,nan,0,nan,0,nan,0,nan,0,nan,0,nan,0
1597988414284454912,1597988414728000000,2020-08-21 13:40:14.728000,2271.0,2284.0,2256.0,2282.0,nan,2268.0,392705,8906549400.0,294244,2272.0,545,2271.0,521,nan,0,nan,0,nan,0,nan,0,nan,0,nan,0,nan,0,nan,0
1597988414797131008,1597988415240999936,2020-08-21 13:40:15.241000,2272.0,2284.0,2256.0,2282.0,nan,2268.0,392709,8906640120.0,294246,2272.0,548,2271.0,520,nan,0,nan,0,nan,0,nan,0,nan,0,nan,0,nan,0,nan,0
1597988415286817024,1597988415740999936,2020-08-21 13:40:15.741000,2272.0,2284.0,2256.0,2282.0,nan,2268.0,392710,8906662800.0,294247,2272.0,547,2271.0,520,nan,0,nan,0,nan,0,nan,0,nan,0,nan,0,nan,0,nan,0
1597988415790807040,1597988416231000064,2020-08-21 13:40:16.231000,2272.0,2284.0,2256.0,2282.0,nan,2268.0,392711,8906685480.0,294248,2272.0,546,2271.0,520,nan,0,nan,0,nan,0,nan,0,nan,0,nan,0,nan,0,nan,0
1597988417287284992,1597988417744000000,2020-08-21 13:40:17.744000,2272.0,2284.0,2256.0,2282.0,nan,2268.0,392795,8908590600.0,294176,2272.0,458,2271.0,520,nan,0,nan,0,nan,0,nan,0,nan,0,nan,0,nan,0,nan,0
1597988417811577088,1597988418243000064,2020-08-21 13:40:18.243000,2272.0,2284.0,2256.0,2282.0,nan,2268.0,392796,8908613280.0,294177,2272.0,448,2271.0,522,nan,0,nan,0,nan,0,nan,0,nan,0,nan,0,nan,0,nan,0
1597988418289218048,1597988418734999808,2020-08-21 13:40:18.735000,2271.0,2284.0,2256.0,2282.0,nan,2268.0,392799,8908681320.0,294180,2272.0,448,2271.0,529,nan,0,nan,0,nan,0,nan,0,nan,0,nan,0,nan,0,nan,0
1597988418794146048,1597988419226000128,2020-08-21 13:40:19.226000,2271.0,2284.0,2256.0,2282.0,nan,2268.0,392800,8908704000.0,294180,2272.0,453,2271.0,517,nan,0,nan,0,nan,0,nan,0,nan,0,nan,0,nan,0,nan,0
1597988419297050880,1597988419665999872,2020-08-21 13:40:19.666000,2272.0,2284.0,2256.0,2282.0,nan,2268.0,392803,8908772040.0,294182,2272.0,450,2271.0,519,nan,0,nan,0,nan,0,nan,0,nan,0,nan,0,nan,0,nan,0
1597988419795919104,1597988420226000128,2020-08-21 13:40:20.226000,2271.0,2284.0,2256.0,2282.0,nan,2268.0,392804,8908794720.0,294182,2272.0,451,2271.0,518,nan,0,nan,0,nan,0,nan,0,nan,0,nan,0,nan,0,nan,0
1597988420290614016,1597988420744000000,2020-08-21 13:40:20.744000,2271.0,2284.0,2256.0,2282.0,nan,2268.0,392809,8908908120.0,294186,2272.0,448,2271.0,518,nan,0,nan,0,nan,0,nan,0,nan,0,nan,0,nan,0,nan,0
1597988420772248064,1597988421230000128,2020-08-21 13:40:21.230000,2271.0,2284.0,2256.0,2282.0,nan,2268.0,392810,8908930800.0,294185,2272.0,448,2271.0,557,nan,0,nan,0,nan,0,nan,0,nan,0,nan,0,nan,0,nan,0
1597988421275550976,1597988421740000000,2020-08-21 13:40:21.740000,2271.0,2284.0,2256.0,2282.0,nan,2268.0,392811,8908953480.0,294186,2272.0,448,2271.0,560,nan,0,nan,0,nan,0,nan,0,nan,0,nan,0,nan,0,nan,0
1597988421784421888,1597988422221999872,2020-08-21 13:40:22.222000,2271.0,2284.0,2256.0,2282.0,nan,2268.0,392812,8908976160.0,294186,2272.0,448,2271.0,568,nan,0,nan,0,nan,0,nan,0,nan,0,nan,0,nan,0,nan,0
1597988422287973888,1597988422721999872,2020-08-21 13:40:22.722000,2272.0,2284.0,2256.0,2282.0,nan,2268.0,392818,8909112240.0,294186,2272.0,445,2271.0,567,nan,0,nan,0,nan,0,nan,0,nan,0,nan,0,nan,0,nan,0
1597988422772819968,1597988423237999872,2020-08-21 13:40:23.238000,2272.0,2284.0,2256.0,2282.0,nan,2268.0,392818,8909112240.0,294186,2272.0,445,2271.0,583,nan,0,nan,0,nan,0,nan,0,nan,0,nan,0,nan,0,nan,0
1597988423282272000,1597988423736999936,2020-08-21 13:40:23.737000,2271.0,2284.0,2256.0,2282.0,nan,2268.0,392821,8909180280.0,294186,2272.0,453,2271.0,582,nan,0,nan,0,nan,0,nan,0,nan,0,nan,0,nan,0,nan,0
1597988423804580096,1597988424240000000,2020-08-21 13:40:24.240000,2271.0,2284.0,2256.0,2282.0,nan,2268.0,392823,8909225640.0,294187,2272.0,462,2271.0,581,nan,0,nan,0,nan,0,nan,0,nan,0,nan,0,nan,0,nan,0
1597988424311760896,1597988424730000128,2020-08-21 13:40:24.730000,2271.0,2284.0,2256.0,2282.0,nan,2268.0,392823,8909225640.0,294187,2272.0,464,2271.0,581,nan,0,nan,0,nan,0,nan,0,nan,0,nan,0,nan,0,nan,0
1597988424788687104,1597988425211000064,2020-08-21 13:40:25.211000,2272.0,2284.0,2256.0,2282.0,nan,2268.0,392826,8909293680.0,294190,2272.0,461,2271.0,581,nan,0,nan,0,nan,0,nan,0,nan,0,nan,0,nan,0,nan,0
1597988425276679936,1597988425719000064,2020-08-21 13:40:25.719000,2271.0,2284.0,2256.0,2282.0,nan,2268.0,392831,8909407080.0,294188,2272.0,463,2271.0,578,nan,0,nan,0,nan,0,nan,0,nan,0,nan,0,nan,0,nan,0
1597988425791066880,1597988426244999936,2020-08-21 13:40:26.245000,2272.0,2284.0,2256.0,2282.0,nan,2268.0,392832,8909429760.0,294189,2272.0,462,2271.0,578,nan,0,nan,0,nan,0,nan,0,nan,0,nan,0,nan,0,nan,0
1597988426295252992,1597988426712000000,2020-08-21 13:40:26.712000,2272.0,2284.0,2256.0,2282.0,nan,2268.0,392834,8909475120.0,294191,2272.0,465,2271.0,579,nan,0,nan,0,nan,0,nan,0,nan,0,nan,0,nan,0,nan,0
1597988427294791936,1597988427740000000,2020-08-21 13:40:27.740000,2271.0,2284.0,2256.0,2282.0,nan,2268.0,392838,8909565840.0,294191,2272.0,466,2271.0,575,nan,0,nan,0,nan,0,nan,0,nan,0,nan,0,nan,0,nan,0
1597988428281933056,1597988428744999936,2020-08-21 13:40:28.745000,2271.0,2284.0,2256.0,2282.0,nan,2268.0,392838,8909565840.0,294191,2272.0,467,2271.0,575,nan,0,nan,0,nan,0,nan,0,nan,0,nan,0,nan,0,nan,0
1597988428780852992,1597988429244999936,2020-08-21 13:40:29.245000,2271.0,2284.0,2256.0,2282.0,nan,2268.0,392838,8909565840.0,294191,2272.0,471,2271.0,575,nan,0,nan,0,nan,0,nan,0,nan,0,nan,0,nan,0,nan,0
1597988429283361024,1597988429729000192,2020-08-21 13:40:29.729000,2272.0,2284.0,2256.0,2282.0,nan,2268.0,392871,8910314280.0,294196,2272.0,470,2271.0,575,nan,0,nan,0,nan,0,nan,0,nan,0,nan,0,nan,0,nan,0
1597988429801004032,1597988430239000064,2020-08-21 13:40:30.239000,2272.0,2284.0,2256.0,2282.0,nan,2268.0,392871,8910314280.0,294196,2272.0,471,2271.0,575,nan,0,nan,0,nan,0,nan,0,nan,0,nan,0,nan,0,nan,0
1597988430396091904,1597988430742000128,2020-08-21 13:40:30.742000,2272.0,2284.0,2256.0,2282.0,nan,2268.0,392872,8910336960.0,294196,2272.0,471,2271.0,575,nan,0,nan,0,nan,0,nan,0,nan,0,nan,0,nan,0,nan,0
1597988430805586944,1597988431200999936,2020-08-21 13:40:31.201000,2272.0,2284.0,2256.0,2282.0,nan,2268.0,392944,8911969920.0,294150,2272.0,410,2271.0,585,nan,0,nan,0,nan,0,nan,0,nan,0,nan,0,nan,0,nan,0
1597988431314788096,1597988431661999872,2020-08-21 13:40:31.662000,2272.0,2284.0,2256.0,2282.0,nan,2268.0,392956,8912242080.0,294140,2272.0,399,2271.0,579,nan,0,nan,0,nan,0,nan,0,nan,0,nan,0,nan,0,nan,0
1597988431814284032,1597988432244999936,2020-08-21 13:40:32.245000,2272.0,2284.0,2256.0,2282.0,nan,2268.0,392956,8912242080.0,294140,2272.0,402,2271.0,592,nan,0,nan,0,nan,0,nan,0,nan,0,nan,0,nan,0,nan,0
1597988432294188032,1597988432740999936,2020-08-21 13:40:32.741000,2272.0,2284.0,2256.0,2282.0,nan,2268.0,392958,8912287440.0,294140,2272.0,402,2271.0,582,nan,0,nan,0,nan,0,nan,0,nan,0,nan,0,nan,0,nan,0
1597988432811941120,1597988433243000064,2020-08-21 13:40:33.243000,2272.0,2284.0,2256.0,2282.0,nan,2268.0,392960,8912332800.0,294140,2272.0,400,2271.0,582,nan,0,nan,0,nan,0,nan,0,nan,0,nan,0,nan,0,nan,0
1597988433298742016,1597988433737999872,2020-08-21 13:40:33.738000,2272.0,2284.0,2256.0,2282.0,nan,2268.0,392961,8912355480.0,294141,2272.0,399,2271.0,592,nan,0,nan,0,nan,0,nan,0,nan,0,nan,0,nan,0,nan,0
1597988433839674112,1597988434242000128,2020-08-21 13:40:34.242000,2272.0,2284.0,2256.0,2282.0,nan,2268.0,392962,8912378160.0,294141,2272.0,398,2271.0,592,nan,0,nan,0,nan,0,nan,0,nan,0,nan,0,nan,0,nan,0
1597988434300529920,1597988434737999872,2020-08-21 13:40:34.738000,2272.0,2284.0,2256.0,2282.0,nan,2268.0,392962,8912378160.0,294141,2272.0,398,2271.0,601,nan,0,nan,0,nan,0,nan,0,nan,0,nan,0,nan,0,nan,0
1597988434788500992,1597988435239000064,2020-08-21 13:40:35.239000,2272.0,2284.0,2256.0,2282.0,nan,2268.0,392972,8912604960.0,294149,2272.0,389,2271.0,602,nan,0,nan,0,nan,0,nan,0,nan,0,nan,0,nan,0,nan,0
1597988435301213952,1597988435726000128,2020-08-21 13:40:35.726000,2272.0,2284.0,2256.0,2282.0,nan,2268.0,392972,8912604960.0,294149,2272.0,373,2271.0,606,nan,0,nan,0,nan,0,nan,0,nan,0,nan,0,nan,0,nan,0
1597988435812244992,1597988436244000000,2020-08-21 13:40:36.244000,2272.0,2284.0,2256.0,2282.0,nan,2268.0,392972,8912604960.0,294149,2272.0,377,2271.0,610,nan,0,nan,0,nan,0,nan,0,nan,0,nan,0,nan,0,nan,0
1597988436303461888,1597988436740000000,2020-08-21 13:40:36.740000,2272.0,2284.0,2256.0,2282.0,nan,2268.0,392972,8912604960.0,294149,2272.0,378,2271.0,610,nan,0,nan,0,nan,0,nan,0,nan,0,nan,0,nan,0,nan,0
1597988436798680064,1597988437242000128,2020-08-21 13:40:37.242000,2272.0,2284.0,2256.0,2282.0,nan,2268.0,392972,8912604960.0,294149,2272.0,379,2271.0,610,nan,0,nan,0,nan,0,nan,0,nan,0,nan,0,nan,0,nan,0
1597988437310865920,1597988437720000000,2020-08-21 13:40:37.720000,2272.0,2284.0,2256.0,2282.0,nan,2268.0,392977,8912718360.0,294149,2272.0,374,2271.0,610,nan,0,nan,0,nan,0,nan,0,nan,0,nan,0,nan,0,nan,0
1597988437813476096,1597988438233999872,2020-08-21 13:40:38.234000,2272.0,2284.0,2256.0,2282.0,nan,2268.0,392977,8912718360.0,294149,2272.0,376,2271.0,610,nan,0,nan,0,nan,0,nan,0,nan,0,nan,0,nan,0,nan,0
1597988438816172032,1597988439244999936,2020-08-21 13:40:39.245000,2272.0,2284.0,2256.0,2282.0,nan,2268.0,392986,8912922480.0,294158,2272.0,367,2271.0,610,nan,0,nan,0,nan,0,nan,0,nan,0,nan,0,nan,0,nan,0
1597988439308296960,1597988439734999808,2020-08-21 13:40:39.735000,2272.0,2284.0,2256.0,2282.0,nan,2268.0,392986,8912922480.0,294158,2272.0,368,2271.0,610,nan,0,nan,0,nan,0,nan,0,nan,0,nan,0,nan,0,nan,0
1597988440305395968,1597988440744999936,2020-08-21 13:40:40.745000,2272.0,2284.0,2256.0,2282.0,nan,2268.0,392990,8913013200.0,294162,2272.0,364,2271.0,613,nan,0,nan,0,nan,0,nan,0,nan,0,nan,0,nan,0,nan,0
1597988441307492096,1597988441744000000,2020-08-21 13:40:41.744000,2272.0,2284.0,2256.0,2282.0,nan,2268.0,392991,8913035880.0,294163,2272.0,372,2271.0,613,nan,0,nan,0,nan,0,nan,0,nan,0,nan,0,nan,0,nan,0
1597988441788931072,1597988442187000064,2020-08-21 13:40:42.187000,2272.0,2284.0,2256.0,2282.0,nan,2268.0,392991,8913035880.0,294163,2272.0,370,2271.0,613,nan,0,nan,0,nan,0,nan,0,nan,0,nan,0,nan,0,nan,0
1597988442306586112,1597988442744999936,2020-08-21 13:40:42.745000,2272.0,2284.0,2256.0,2282.0,nan,2268.0,392991,8913035880.0,294163,2272.0,370,2271.0,611,nan,0,nan,0,nan,0,nan,0,nan,0,nan,0,nan,0,nan,0
1597988442791546112,1597988443239000064,2020-08-21 13:40:43.239000,2272.0,2284.0,2256.0,2282.0,nan,2268.0,392991,8913035880.0,294163,2272.0,376,2271.0,610,nan,0,nan,0,nan,0,nan,0,nan,0,nan,0,nan,0,nan,0
1597988443311713024,1597988443744999936,2020-08-21 13:40:43.745000,2272.0,2284.0,2256.0,2282.0,nan,2268.0,392991,8913035880.0,294163,2272.0,378,2271.0,610,nan,0,nan,0,nan,0,nan,0,nan,0,nan,0,nan,0,nan,0
1597988443782351104,1597988444208000000,2020-08-21 13:40:44.208000,2272.0,2284.0,2256.0,2282.0,nan,2268.0,392991,8913035880.0,294163,2272.0,380,2271.0,610,nan,0,nan,0,nan,0,nan,0,nan,0,nan,0,nan,0,nan,0
1597988444364111104,1597988444746000128,2020-08-21 13:40:44.746000,2272.0,2284.0,2256.0,2282.0,nan,2268.0,392991,8913035880.0,294163,2272.0,381,2271.0,610,nan,0,nan,0,nan,0,nan,0,nan,0,nan,0,nan,0,nan,0
1597988444785339904,1597988445216999936,2020-08-21 13:40:45.217000,2272.0,2284.0,2256.0,2282.0,nan,2268.0,392991,8913035880.0,294163,2272.0,380,2271.0,610,nan,0,nan,0,nan,0,nan,0,nan,0,nan,0,nan,0,nan,0
1597988445296184064,1597988445717999872,2020-08-21 13:40:45.718000,2271.0,2284.0,2256.0,2282.0,nan,2268.0,392992,8913058560.0,294162,2272.0,384,2271.0,600,nan,0,nan,0,nan,0,nan,0,nan,0,nan,0,nan,0,nan,0
1597988445784093952,1597988446243000064,2020-08-21 13:40:46.243000,2271.0,2284.0,2256.0,2282.0,nan,2268.0,392992,8913058560.0,294162,2272.0,389,2271.0,608,nan,0,nan,0,nan,0,nan,0,nan,0,nan,0,nan,0,nan,0
1597988446290063104,1597988446740999936,2020-08-21 13:40:46.741000,2272.0,2284.0,2256.0,2282.0,nan,2268.0,393071,8914850280.0,294109,2272.0,325,2271.0,607,nan,0,nan,0,nan,0,nan,0,nan,0,nan,0,nan,0,nan,0
1597988446789871104,1597988447240000000,2020-08-21 13:40:47.240000,2272.0,2284.0,2256.0,2282.0,nan,2268.0,393078,8915009040.0,294106,2272.0,316,2271.0,605,nan,0,nan,0,nan,0,nan,0,nan,0,nan,0,nan,0,nan,0
1597988447385957120,1597988447744999936,2020-08-21 13:40:47.745000,2272.0,2284.0,2256.0,2282.0,nan,2268.0,393081,8915077080.0,294106,2272.0,313,2271.0,605,nan,0,nan,0,nan,0,nan,0,nan,0,nan,0,nan,0,nan,0
1597988447796678912,1597988448232000000,2020-08-21 13:40:48.232000,2272.0,2284.0,2256.0,2282.0,nan,2268.0,393081,8915077080.0,294106,2272.0,312,2271.0,607,nan,0,nan,0,nan,0,nan,0,nan,0,nan,0,nan,0,nan,0
1597988448297196032,1597988448746000128,2020-08-21 13:40:48.746000,2272.0,2284.0,2256.0,2282.0,nan,2268.0,393083,8915122440.0,294106,2272.0,310,2271.0,608,nan,0,nan,0,nan,0,nan,0,nan,0,nan,0,nan,0,nan,0
1597988448793156096,1597988449244999936,2020-08-21 13:40:49.245000,2271.0,2284.0,2256.0,2282.0,nan,2268.0,393097,8915439960.0,294095,2272.0,297,2271.0,594,nan,0,nan,0,nan,0,nan,0,nan,0,nan,0,nan,0,nan,0
1597988449307784960,1597988449632999936,2020-08-21 13:40:49.633000,2272.0,2284.0,2256.0,2282.0,nan,2268.0,393105,8915621400.0,294101,2272.0,292,2271.0,594,nan,0,nan,0,nan,0,nan,0,nan,0,nan,0,nan,0,nan,0
1597988449798809088,1597988450244000000,2020-08-21 13:40:50.244000,2271.0,2284.0,2256.0,2282.0,nan,2268.0,393106,8915644080.0,294100,2272.0,313,2271.0,599,nan,0,nan,0,nan,0,nan,0,nan,0,nan,0,nan,0,nan,0
1597988450291781120,1597988450732000000,2020-08-21 13:40:50.732000,2272.0,2284.0,2256.0,2282.0,nan,2268.0,393187,8917481160.0,294114,2272.0,233,2271.0,605,nan,0,nan,0,nan,0,nan,0,nan,0,nan,0,nan,0,nan,0
1597988450788646912,1597988451224000000,2020-08-21 13:40:51.224000,2272.0,2284.0,2256.0,2282.0,nan,2268.0,393232,8918501760.0,294077,2272.0,188,2271.0,610,nan,0,nan,0,nan,0,nan,0,nan,0,nan,0,nan,0,nan,0
1597988451292773888,1597988451743000064,2020-08-21 13:40:51.743000,2272.0,2284.0,2256.0,2282.0,nan,2268.0,393277,8919522360.0,294102,2272.0,147,2271.0,610,nan,0,nan,0,nan,0,nan,0,nan,0,nan,0,nan,0,nan,0
1597988451794665984,1597988452242000128,2020-08-21 13:40:52.242000,2272.0,2284.0,2256.0,2282.0,nan,2268.0,393413,8922606840.0,294125,2272.0,57,2271.0,610,nan,0,nan,0,nan,0,nan,0,nan,0,nan,0,nan,0,nan,0
1597988452305339904,1597988452732999936,2020-08-21 13:40:52.733000,2272.0,2284.0,2256.0,2282.0,nan,2268.0,393417,8922697560.0,294127,2272.0,63,2271.0,612,nan,0,nan,0,nan,0,nan,0,nan,0,nan,0,nan,0,nan,0
1597988452807563008,1597988453180999936,2020-08-21 13:40:53.181000,2272.0,2284.0,2256.0,2282.0,nan,2268.0,393421,8922788280.0,294128,2272.0,141,2271.0,646,nan,0,nan,0,nan,0,nan,0,nan,0,nan,0,nan,0,nan,0
1597988453292745984,1597988453731000064,2020-08-21 13:40:53.731000,2272.0,2284.0,2256.0,2282.0,nan,2268.0,393422,8922810960.0,294128,2272.0,180,2271.0,647,nan,0,nan,0,nan,0,nan,0,nan,0,nan,0,nan,0,nan,0
1597988453817812992,1597988454232999936,2020-08-21 13:40:54.233000,2272.0,2284.0,2256.0,2282.0,nan,2268.0,393425,8922879000.0,294126,2272.0,178,2271.0,647,nan,0,nan,0,nan,0,nan,0,nan,0,nan,0,nan,0,nan,0
1597988454300396032,1597988454709000192,2020-08-21 13:40:54.709000,2272.0,2284.0,2256.0,2282.0,nan,2268.0,393436,8923128480.0,294125,2272.0,228,2271.0,636,nan,0,nan,0,nan,0,nan,0,nan,0,nan,0,nan,0,nan,0
1597988454783685120,1597988455242000128,2020-08-21 13:40:55.242000,2272.0,2284.0,2256.0,2282.0,nan,2268.0,393437,8923151160.0,294125,2272.0,228,2271.0,636,nan,0,nan,0,nan,0,nan,0,nan,0,nan,0,nan,0,nan,0
1597988455282703104,1597988455744000000,2020-08-21 13:40:55.744000,2272.0,2284.0,2256.0,2282.0,nan,2268.0,393437,8923151160.0,294125,2272.0,255,2271.0,637,nan,0,nan,0,nan,0,nan,0,nan,0,nan,0,nan,0,nan,0
1597988455784820992,1597988456220999936,2020-08-21 13:40:56.221000,2272.0,2284.0,2256.0,2282.0,nan,2268.0,393438,8923173840.0,294125,2272.0,258,2271.0,636,nan,0,nan,0,nan,0,nan,0,nan,0,nan,0,nan,0,nan,0
1597988456290098944,1597988456736000000,2020-08-21 13:40:56.736000,2272.0,2284.0,2256.0,2282.0,nan,2268.0,393438,8923173840.0,294125,2272.0,260,2271.0,636,nan,0,nan,0,nan,0,nan,0,nan,0,nan,0,nan,0,nan,0
1597988456793624064,1597988457240000000,2020-08-21 13:40:57.240000,2271.0,2284.0,2256.0,2282.0,nan,2268.0,393441,8923241880.0,294122,2272.0,260,2271.0,633,nan,0,nan,0,nan,0,nan,0,nan,0,nan,0,nan,0,nan,0
1597988457298676992,1597988457743000064,2020-08-21 13:40:57.743000,2271.0,2284.0,2256.0,2282.0,nan,2268.0,394079,8937711720.0,294035,2271.0,157,2270.0,708,nan,0,nan,0,nan,0,nan,0,nan,0,nan,0,nan,0,nan,0
1597988457788623872,1597988458244000000,2020-08-21 13:40:58.244000,2271.0,2284.0,2256.0,2282.0,nan,2268.0,394095,8938074600.0,294019,2271.0,145,2270.0,715,nan,0,nan,0,nan,0,nan,0,nan,0,nan,0,nan,0,nan,0
1597988458298948096,1597988458742000128,2020-08-21 13:40:58.742000,2271.0,2284.0,2256.0,2282.0,nan,2268.0,394095,8938074600.0,294019,2271.0,146,2270.0,715,nan,0,nan,0,nan,0,nan,0,nan,0,nan,0,nan,0,nan,0
1597988458789730048,1597988459173000192,2020-08-21 13:40:59.173000,2271.0,2284.0,2256.0,2282.0,nan,2268.0,394096,8938097280.0,294018,2271.0,147,2270.0,719,nan,0,nan,0,nan,0,nan,0,nan,0,nan,0,nan,0,nan,0
1597988459299232000,1597988459730000128,2020-08-21 13:40:59.730000,2271.0,2284.0,2256.0,2282.0,nan,2268.0,394096,8938097280.0,294018,2271.0,147,2270.0,720,nan,0,nan,0,nan,0,nan,0,nan,0,nan,0,nan,0,nan,0
1597988460294353920,1597988460742000128,2020-08-21 13:41:00.742000,2271.0,2284.0,2256.0,2282.0,nan,2268.0,394097,8938119960.0,294018,2271.0,148,2270.0,720,nan,0,nan,0,nan,0,nan,0,nan,0,nan,0,nan,0,nan,0
1597988460805164032,1597988461244000000,2020-08-21 13:41:01.244000,2271.0,2284.0,2256.0,2282.0,nan,2268.0,394097,8938119960.0,294018,2271.0,148,2270.0,722,nan,0,nan,0,nan,0,nan,0,nan,0,nan,0,nan,0,nan,0
1597988461390828032,1597988461696999936,2020-08-21 13:41:01.697000,2271.0,2284.0,2256.0,2282.0,nan,2268.0,394097,8938119960.0,294018,2271.0,150,2270.0,722,nan,0,nan,0,nan,0,nan,0,nan,0,nan,0,nan,0,nan,0
1597988461798742016,1597988462244999936,2020-08-21 13:41:02.245000,2271.0,2284.0,2256.0,2282.0,nan,2268.0,394097,8938119960.0,294018,2271.0,150,2270.0,723,nan,0,nan,0,nan,0,nan,0,nan,0,nan,0,nan,0,nan,0
1597988462331482880,1597988462739000064,2020-08-21 13:41:02.739000,2271.0,2284.0,2256.0,2282.0,nan,2268.0,394098,8938142640.0,294018,2271.0,149,2270.0,695,nan,0,nan,0,nan,0,nan,0,nan,0,nan,0,nan,0,nan,0
1597988463802490112,1597988464237999872,2020-08-21 13:41:04.238000,2271.0,2284.0,2256.0,2282.0,nan,2268.0,394103,8938256040.0,294013,2271.0,144,2270.0,695,nan,0,nan,0,nan,0,nan,0,nan,0,nan,0,nan,0,nan,0
1597988464306358016,1597988464740000000,2020-08-21 13:41:04.740000,2271.0,2284.0,2256.0,2282.0,nan,2268.0,394104,8938278720.0,294013,2271.0,144,2270.0,695,nan,0,nan,0,nan,0,nan,0,nan,0,nan,0,nan,0,nan,0
1597988464797708032,1597988465236999936,2020-08-21 13:41:05.237000,2270.0,2284.0,2256.0,2282.0,nan,2268.0,394106,8938324080.0,294013,2271.0,144,2270.0,693,nan,0,nan,0,nan,0,nan,0,nan,0,nan,0,nan,0,nan,0
1597988465306366976,1597988465744999936,2020-08-21 13:41:05.745000,2270.0,2284.0,2256.0,2282.0,nan,2268.0,394111,8938437480.0,294013,2271.0,147,2270.0,690,nan,0,nan,0,nan,0,nan,0,nan,0,nan,0,nan,0,nan,0
1597988465808827904,1597988466186000128,2020-08-21 13:41:06.186000,2270.0,2284.0,2256.0,2282.0,nan,2268.0,394111,8938437480.0,294013,2271.0,189,2270.0,690,nan,0,nan,0,nan,0,nan,0,nan,0,nan,0,nan,0,nan,0
1597988466300686080,1597988466744999936,2020-08-21 13:41:06.745000,2270.0,2284.0,2256.0,2282.0,nan,2268.0,394111,8938437480.0,294013,2271.0,190,2270.0,690,nan,0,nan,0,nan,0,nan,0,nan,0,nan,0,nan,0,nan,0
1597988466808605952,1597988467242000128,2020-08-21 13:41:07.242000,2270.0,2284.0,2256.0,2282.0,nan,2268.0,394111,8938437480.0,294013,2271.0,192,2270.0,690,nan,0,nan,0,nan,0,nan,0,nan,0,nan,0,nan,0,nan,0
1597988467309474048,1597988467708000000,2020-08-21 13:41:07.708000,2270.0,2284.0,2256.0,2282.0,nan,2268.0,394111,8938437480.0,294013,2271.0,214,2270.0,690,nan,0,nan,0,nan,0,nan,0,nan,0,nan,0,nan,0,nan,0
1597988467794235904,1597988468187000064,2020-08-21 13:41:08.187000,2270.0,2284.0,2256.0,2282.0,nan,2268.0,394111,8938437480.0,294013,2271.0,215,2270.0,690,nan,0,nan,0,nan,0,nan,0,nan,0,nan,0,nan,0,nan,0
1597988468295276032,1597988468670000128,2020-08-21 13:41:08.670000,2270.0,2284.0,2256.0,2282.0,nan,2268.0,394111,8938437480.0,294013,2271.0,226,2270.0,690,nan,0,nan,0,nan,0,nan,0,nan,0,nan,0,nan,0,nan,0
1597988468811974912,1597988469217999872,2020-08-21 13:41:09.218000,2270.0,2284.0,2256.0,2282.0,nan,2268.0,394116,8938550880.0,294013,2271.0,233,2270.0,687,nan,0,nan,0,nan,0,nan,0,nan,0,nan,0,nan,0,nan,0
1597988469315902976,1597988469713999872,2020-08-21 13:41:09.714000,2270.0,2284.0,2256.0,2282.0,nan,2268.0,394116,8938550880.0,294013,2271.0,234,2270.0,687,nan,0,nan,0,nan,0,nan,0,nan,0,nan,0,nan,0,nan,0
1597988469817076992,1597988470233999872,2020-08-21 13:41:10.234000,2270.0,2284.0,2256.0,2282.0,nan,2268.0,394116,8938550880.0,294013,2271.0,237,2270.0,688,nan,0,nan,0,nan,0,nan,0,nan,0,nan,0,nan,0,nan,0
1597988470297093888,1597988470730000128,2020-08-21 13:41:10.730000,2270.0,2284.0,2256.0,2282.0,nan,2268.0,394117,8938573560.0,294014,2271.0,242,2270.0,634,nan,0,nan,0,nan,0,nan,0,nan,0,nan,0,nan,0,nan,0
1597988470810753024,1597988471236000000,2020-08-21 13:41:11.236000,2270.0,2284.0,2256.0,2282.0,nan,2268.0,394117,8938573560.0,294014,2271.0,243,2270.0,684,nan,0,nan,0,nan,0,nan,0,nan,0,nan,0,nan,0,nan,0
1597988471320762112,1597988471719000064,2020-08-21 13:41:11.719000,2270.0,2284.0,2256.0,2282.0,nan,2268.0,394127,8938800360.0,294014,2271.0,244,2270.0,676,nan,0,nan,0,nan,0,nan,0,nan,0,nan,0,nan,0,nan,0
1597988471812278016,1597988472231000064,2020-08-21 13:41:12.231000,2270.0,2284.0,2256.0,2282.0,nan,2268.0,394134,8938959120.0,294012,2271.0,251,2270.0,679,nan,0,nan,0,nan,0,nan,0,nan,0,nan,0,nan,0,nan,0
1597988472305083904,1597988472744000000,2020-08-21 13:41:12.744000,2270.0,2284.0,2256.0,2282.0,nan,2268.0,394137,8939027160.0,294009,2271.0,253,2270.0,676,nan,0,nan,0,nan,0,nan,0,nan,0,nan,0,nan,0,nan,0
1597988472804425984,1597988473236000000,2020-08-21 13:41:13.236000,2270.0,2284.0,2256.0,2282.0,nan,2268.0,394137,8939027160.0,294009,2271.0,254,2270.0,676,nan,0,nan,0,nan,0,nan,0,nan,0,nan,0,nan,0,nan,0
1597988473311625984,1597988473736999936,2020-08-21 13:41:13.737000,2270.0,2284.0,2256.0,2282.0,nan,2268.0,394137,8939027160.0,294009,2271.0,255,2270.0,676,nan,0,nan,0,nan,0,nan,0,nan,0,nan,0,nan,0,nan,0
1597988473798209024,1597988474236000000,2020-08-21 13:41:14.236000,2270.0,2284.0,2256.0,2282.0,nan,2268.0,394137,8939027160.0,294009,2271.0,257,2270.0,676,nan,0,nan,0,nan,0,nan,0,nan,0,nan,0,nan,0,nan,0
1597988474309004032,1597988474733999872,2020-08-21 13:41:14.734000,2271.0,2284.0,2256.0,2282.0,nan,2268.0,394142,8939140560.0,294009,2271.0,252,2270.0,676,nan,0,nan,0,nan,0,nan,0,nan,0,nan,0,nan,0,nan,0
1597988474807774976,1597988475232000000,2020-08-21 13:41:15.232000,2271.0,2284.0,2256.0,2282.0,nan,2268.0,394142,8939140560.0,294009,2271.0,277,2270.0,676,nan,0,nan,0,nan,0,nan,0,nan,0,nan,0,nan,0,nan,0
1597988475306836992,1597988475724999936,2020-08-21 13:41:15.725000,2271.0,2284.0,2256.0,2282.0,nan,2268.0,394142,8939140560.0,294009,2271.0,279,2270.0,676,nan,0,nan,0,nan,0,nan,0,nan,0,nan,0,nan,0,nan,0
1597988475806296064,1597988476232000000,2020-08-21 13:41:16.232000,2271.0,2284.0,2256.0,2282.0,nan,2268.0,394142,8939140560.0,294009,2271.0,279,2270.0,677,nan,0,nan,0,nan,0,nan,0,nan,0,nan,0,nan,0,nan,0
1597988476310035968,1597988476743000064,2020-08-21 13:41:16.743000,2271.0,2284.0,2256.0,2282.0,nan,2268.0,394143,8939163240.0,294008,2271.0,280,2270.0,677,nan,0,nan,0,nan,0,nan,0,nan,0,nan,0,nan,0,nan,0
1597988476814642944,1597988477193000192,2020-08-21 13:41:17.193000,2271.0,2284.0,2256.0,2282.0,nan,2268.0,394143,8939163240.0,294008,2271.0,281,2270.0,677,nan,0,nan,0,nan,0,nan,0,nan,0,nan,0,nan,0,nan,0
1597988477296845056,1597988477734999808,2020-08-21 13:41:17.735000,2271.0,2284.0,2256.0,2282.0,nan,2268.0,394143,8939163240.0,294008,2271.0,281,2270.0,678,nan,0,nan,0,nan,0,nan,0,nan,0,nan,0,nan,0,nan,0
1597988477799280128,1597988478232000000,2020-08-21 13:41:18.232000,2271.0,2284.0,2256.0,2282.0,nan,2268.0,394143,8939163240.0,294008,2271.0,281,2270.0,680,nan,0,nan,0,nan,0,nan,0,nan,0,nan,0,nan,0,nan,0
1597988478324090880,1597988478742000128,2020-08-21 13:41:18.742000,2271.0,2284.0,2256.0,2282.0,nan,2268.0,394143,8939163240.0,294008,2271.0,277,2270.0,681,nan,0,nan,0,nan,0,nan,0,nan,0,nan,0,nan,0,nan,0
1597988478808935936,1597988479240999936,2020-08-21 13:41:19.241000,2271.0,2284.0,2256.0,2282.0,nan,2268.0,394144,8939185920.0,294007,2271.0,278,2270.0,680,nan,0,nan,0,nan,0,nan,0,nan,0,nan,0,nan,0,nan,0
1597988479301702912,1597988479746000128,2020-08-21 13:41:19.746000,2271.0,2284.0,2256.0,2282.0,nan,2268.0,394144,8939185920.0,294007,2271.0,276,2270.0,680,nan,0,nan,0,nan,0,nan,0,nan,0,nan,0,nan,0,nan,0
1597988479796473088,1597988480232000000,2020-08-21 13:41:20.232000,2271.0,2284.0,2256.0,2282.0,nan,2268.0,394148,8939276640.0,294009,2271.0,274,2270.0,680,nan,0,nan,0,nan,0,nan,0,nan,0,nan,0,nan,0,nan,0
1597988480316238080,1597988480733999872,2020-08-21 13:41:20.734000,2271.0,2284.0,2256.0,2282.0,nan,2268.0,394149,8939299320.0,294010,2271.0,273,2270.0,689,nan,0,nan,0,nan,0,nan,0,nan,0,nan,0,nan,0,nan,0
1597988480806107904,1597988481242000128,2020-08-21 13:41:21.242000,2271.0,2284.0,2256.0,2282.0,nan,2268.0,394150,8939322000.0,294010,2271.0,273,2270.0,689,nan,0,nan,0,nan,0,nan,0,nan,0,nan,0,nan,0,nan,0
1597988481829771008,1597988482243000064,2020-08-21 13:41:22.243000,2271.0,2284.0,2256.0,2282.0,nan,2268.0,394150,8939322000.0,294010,2271.0,273,2270.0,688,nan,0,nan,0,nan,0,nan,0,nan,0,nan,0,nan,0,nan,0
1597988482312081920,1597988482739000064,2020-08-21 13:41:22.739000,2271.0,2284.0,2256.0,2282.0,nan,2268.0,394150,8939322000.0,294010,2271.0,273,2270.0,689,nan,0,nan,0,nan,0,nan,0,nan,0,nan,0,nan,0,nan,0
1597988482818813952,1597988483240000000,2020-08-21 13:41:23.240000,2271.0,2284.0,2256.0,2282.0,nan,2268.0,394150,8939322000.0,294010,2271.0,287,2270.0,685,nan,0,nan,0,nan,0,nan,0,nan,0,nan,0,nan,0,nan,0
1597988483315139072,1597988483746000128,2020-08-21 13:41:23.746000,2271.0,2284.0,2256.0,2282.0,nan,2268.0,394150,8939322000.0,294010,2271.0,287,2270.0,686,nan,0,nan,0,nan,0,nan,0,nan,0,nan,0,nan,0,nan,0
1597988483804722944,1597988484239000064,2020-08-21 13:41:24.239000,2271.0,2284.0,2256.0,2282.0,nan,2268.0,394150,8939322000.0,294010,2271.0,266,2270.0,686,nan,0,nan,0,nan,0,nan,0,nan,0,nan,0,nan,0,nan,0
1597988484305726976,1597988484732000000,2020-08-21 13:41:24.732000,2271.0,2284.0,2256.0,2282.0,nan,2268.0,394155,8939435400.0,294009,2271.0,261,2270.0,685,nan,0,nan,0,nan,0,nan,0,nan,0,nan,0,nan,0,nan,0
1597988484810472960,1597988485237999872,2020-08-21 13:41:25.238000,2270.0,2284.0,2256.0,2282.0,nan,2268.0,394156,8939458080.0,294008,2271.0,262,2270.0,684,nan,0,nan,0,nan,0,nan,0,nan,0,nan,0,nan,0,nan,0
1597988485305348096,1597988485655000064,2020-08-21 13:41:25.655000,2270.0,2284.0,2256.0,2282.0,nan,2268.0,394156,8939458080.0,294008,2271.0,263,2270.0,685,nan,0,nan,0,nan,0,nan,0,nan,0,nan,0,nan,0,nan,0
1597988486306419968,1597988486736000000,2020-08-21 13:41:26.736000,2270.0,2284.0,2256.0,2282.0,nan,2268.0,394156,8939458080.0,294008,2271.0,263,2270.0,681,nan,0,nan,0,nan,0,nan,0,nan,0,nan,0,nan,0,nan,0
1597988486816706048,1597988487246000128,2020-08-21 13:41:27.246000,2270.0,2284.0,2256.0,2282.0,nan,2268.0,394156,8939458080.0,294008,2271.0,269,2270.0,681,nan,0,nan,0,nan,0,nan,0,nan,0,nan,0,nan,0,nan,0
1597988487319759872,1597988487737999872,2020-08-21 13:41:27.738000,2270.0,2284.0,2256.0,2282.0,nan,2268.0,394158,8939503440.0,294007,2271.0,269,2270.0,731,nan,0,nan,0,nan,0,nan,0,nan,0,nan,0,nan,0,nan,0
1597988487809531904,1597988488209000192,2020-08-21 13:41:28.209000,2270.0,2284.0,2256.0,2282.0,nan,2268.0,394158,8939503440.0,294007,2271.0,269,2270.0,692,nan,0,nan,0,nan,0,nan,0,nan,0,nan,0,nan,0,nan,0
1597988488314308096,1597988488746000128,2020-08-21 13:41:28.746000,2270.0,2284.0,2256.0,2282.0,nan,2268.0,394160,8939548800.0,294007,2271.0,269,2270.0,683,nan,0,nan,0,nan,0,nan,0,nan,0,nan,0,nan,0,nan,0
1597988488899815936,1597988489240999936,2020-08-21 13:41:29.241000,2270.0,2284.0,2256.0,2282.0,nan,2268.0,394163,8939616840.0,294004,2271.0,269,2270.0,679,nan,0,nan,0,nan,0,nan,0,nan,0,nan,0,nan,0,nan,0
1597988489324922880,1597988489736999936,2020-08-21 13:41:29.737000,2270.0,2284.0,2256.0,2282.0,nan,2268.0,394164,8939639520.0,294004,2271.0,269,2270.0,679,nan,0,nan,0,nan,0,nan,0,nan,0,nan,0,nan,0,nan,0
