local_nano_time,quote_nano_time,datetime,last_price,highest,lowest,open,close,average,volume,amount,open_interest,ask_price1,ask_volume1,bid_price1,bid_volume1,ask_price2,ask_volume2,bid_price2,bid_volume2,ask_price3,ask_volume3,bid_price3,bid_volume3,ask_price4,ask_volume4,bid_price4,bid_volume4,ask_price5,ask_volume5,bid_price5,bid_volume5
1597988226623313920,1597988226913000192,2020-08-21 13:37:06.913000,1982.0,1985.0,1911.0,1939.0,nan,1952.008,1214816,23713310580.0,450324,1983.0,1235,1982.0,148,1984.0,429,1981.0,476,1985.0,984,1980.0,598,1986.0,408,1979.0,594,1987.0,408,1978.0,337
1597988227124350976,1597988227436000000,2020-08-21 13:37:07.436000,1982.0,1985.0,1911.0,1939.0,nan,1952.014,1215030,23717552060.0,450342,1982.0,185,1981.0,480,1983.0,1244,1980.0,598,1984.0,429,1979.0,594,1985.0,984,1978.0,337,1986.0,408,1977.0,477
1597988227626718976,1597988227936000000,2020-08-21 13:37:07.936000,1982.0,1985.0,1911.0,1939.0,nan,1952.014,1215040,23717750260.0,450352,1982.0,228,1981.0,488,1983.0,1262,1980.0,598,1984.0,429,1979.0,593,1985.0,983,1978.0,337,1986.0,408,1977.0,477
1597988228117160960,1597988228427000064,2020-08-21 13:37:08.427000,1982.0,1985.0,1911.0,1939.0,nan,1952.014,1215045,23717849360.0,450353,1982.0,264,1981.0,486,1983.0,1262,1980.0,598,1984.0,429,1979.0,593,1985.0,983,1978.0,337,1986.0,408,1977.0,477
1597988228621213952,1597988228901999872,2020-08-21 13:37:08.902000,1981.0,1985.0,1911.0,1939.0,nan,1952.014,1215046,23717869170.0,450354,1982.0,271,1981.0,487,1983.0,1268,1980.0,606,1984.0,429,1979.0,593,1985.0,983,1978.0,337,1986.0,408,1977.0,477
1597988229118330112,1597988229431000064,2020-08-21 13:37:09.431000,1981.0,1985.0,1911.0,1939.0,nan,1952.014,1215055,23718047540.0,450361,1982.0,270,1981.0,481,1983.0,1269,1980.0,606,1984.0,430,1979.0,593,1985.0,984,1978.0,337,1986.0,408,1977.0,477
1597988229619831040,1597988229932000000,2020-08-21 13:37:09.932000,1982.0,1985.0,1911.0,1939.0,nan,1952.016,1215112,23719177280.0,450368,1982.0,249,1981.0,481,1983.0,1275,1980.0,607,1984.0,430,1979.0,593,1985.0,985,1978.0,338,1986.0,408,1977.0,477
1597988230143337984,1597988230432000000,2020-08-21 13:37:10.432000,1982.0,1985.0,1911.0,1939.0,nan,1952.016,1215114,23719216910.0,450369,1982.0,249,1981.0,484,1983.0,1282,1980.0,607,1984.0,430,1979.0,590,1985.0,985,1978.0,338,1986.0,408,1977.0,477
1597988230616615936,1597988230935000064,2020-08-21 13:37:10.935000,1981.0,1985.0,1911.0,1939.0,nan,1952.016,1215115,23719236720.0,450370,1982.0,257,1981.0,486,1983.0,1282,1980.0,607,1984.0,432,1979.0,590,1985.0,985,1978.0,338,1986.0,408,1977.0,477
1597988231126497024,1597988231436999936,2020-08-21 13:37:11.437000,1981.0,1985.0,1911.0,1939.0,nan,1952.016,1215135,23719632920.0,450384,1982.0,269,1981.0,472,1983.0,1284,1980.0,607,1984.0,432,1979.0,590,1985.0,985,1978.0,338,1986.0,408,1977.0,478
1597988231628795904,1597988231910000128,2020-08-21 13:37:11.910000,1982.0,1985.0,1911.0,1939.0,nan,1952.018,1215192,23720762660.0,450391,1982.0,222,1981.0,476,1983.0,1285,1980.0,607,1984.0,432,1979.0,590,1985.0,985,1978.0,338,1986.0,408,1977.0,478
1597988232127909120,1597988232423000064,2020-08-21 13:37:12.423000,1981.0,1985.0,1911.0,1939.0,nan,1952.018,1215204,23721000480.0,450391,1982.0,220,1981.0,476,1983.0,1285,1980.0,607,1984.0,432,1979.0,591,1985.0,985,1978.0,338,1986.0,408,1977.0,478
1597988232621171968,1597988232932000000,2020-08-21 13:37:12.932000,1981.0,1985.0,1911.0,1939.0,nan,1952.019,1215257,23722050430.0,450431,1982.0,242,1981.0,488,1983.0,1285,1980.0,607,1984.0,432,1979.0,591,1985.0,985,1978.0,338,1986.0,408,1977.0,478
1597988233121843968,1597988233405999872,2020-08-21 13:37:13.406000,1981.0,1985.0,1911.0,1939.0,nan,1952.02,1215289,23722684650.0,450433,1982.0,230,1981.0,497,1983.0,1287,1980.0,607,1984.0,432,1979.0,591,1985.0,986,1978.0,338,1986.0,408,1977.0,478
1597988233630036992,1597988233912000000,2020-08-21 13:37:13.912000,1982.0,1985.0,1911.0,1939.0,nan,1952.02,1215290,23722704470.0,450433,1982.0,231,1981.0,499,1983.0,1282,1980.0,606,1984.0,432,1979.0,591,1985.0,986,1978.0,338,1986.0,408,1977.0,479
1597988234142065920,1597988234427000064,2020-08-21 13:37:14.427000,1982.0,1985.0,1911.0,1939.0,nan,1952.02,1215290,23722704470.0,450433,1982.0,226,1981.0,499,1983.0,1282,1980.0,606,1984.0,433,1979.0,591,1985.0,986,1978.0,338,1986.0,408,1977.0,479
1597988234625324032,1597988234937999872,2020-08-21 13:37:14.938000,1981.0,1985.0,1911.0,1939.0,nan,1952.02,1215292,23722744090.0,450435,1982.0,242,1981.0,500,1983.0,1282,1980.0,605,1984.0,433,1979.0,591,1985.0,987,1978.0,338,1986.0,408,1977.0,479
1597988235132111872,1597988235413000192,2020-08-21 13:37:15.413000,1981.0,1985.0,1911.0,1939.0,nan,1952.021,1215313,23723160100.0,450450,1982.0,245,1981.0,487,1983.0,1284,1980.0,605,1984.0,433,1979.0,591,1985.0,987,1978.0,338,1986.0,407,1977.0,479
1597988235625390080,1597988235905999872,2020-08-21 13:37:15.906000,1981.0,1985.0,1911.0,1939.0,nan,1952.021,1215313,23723160100.0,450450,1982.0,249,1981.0,487,1983.0,1284,1980.0,605,1984.0,433,1979.0,591,1985.0,987,1978.0,338,1986.0,407,1977.0,479
1597988236116093952,1597988236432000000,2020-08-21 13:37:16.432000,1981.0,1985.0,1911.0,1939.0,nan,1952.021,1215326,23723417630.0,450450,1982.0,250,1981.0,473,1983.0,1285,1980.0,605,1984.0,433,1979.0,591,1985.0,987,1978.0,338,1986.0,407,1977.0,479
1597988236619859968,1597988236918999808,2020-08-21 13:37:16.919000,1982.0,1985.0,1911.0,1939.0,nan,1952.021,1215334,23723576150.0,450453,1982.0,252,1981.0,470,1983.0,1285,1980.0,605,1984.0,433,1979.0,591,1985.0,987,1978.0,338,1986.0,407,1977.0,479
1597988237130737920,1597988237435000064,2020-08-21 13:37:17.435000,1982.0,1985.0,1911.0,1939.0,nan,1952.021,1215334,23723576150.0,450453,1982.0,252,1981.0,471,1983.0,1265,1980.0,605,1984.0,433,1979.0,591,1985.0,987,1978.0,338,1986.0,407,1977.0,479
1597988237627768064,1597988237934000128,2020-08-21 13:37:17.934000,1982.0,1985.0,1911.0,1939.0,nan,1952.021,1215336,23723615780.0,450454,1982.0,271,1981.0,471,1983.0,1276,1980.0,605,1984.0,433,1979.0,591,1985.0,985,1978.0,338,1986.0,407,1977.0,479
1597988238114478080,1597988238430000128,2020-08-21 13:37:18.430000,1981.0,1985.0,1911.0,1939.0,nan,1952.021,1215337,23723635590.0,450455,1982.0,274,1981.0,470,1983.0,1276,1980.0,606,1984.0,434,1979.0,591,1985.0,985,1978.0,341,1986.0,407,1977.0,479
1597988238622264064,1597988238932000000,2020-08-21 13:37:18.932000,1981.0,1985.0,1911.0,1939.0,nan,1952.021,1215339,23723675210.0,450455,1982.0,274,1981.0,467,1983.0,1278,1980.0,606,1984.0,434,1979.0,592,1985.0,985,1978.0,341,1986.0,408,1977.0,479
1597988239114982912,1597988239420999936,2020-08-21 13:37:19.421000,1982.0,1985.0,1911.0,1939.0,nan,1952.023,1215420,23725280630.0,450459,1982.0,225,1981.0,469,1983.0,1277,1980.0,607,1984.0,434,1979.0,590,1985.0,985,1978.0,341,1986.0,408,1977.0,479
1597988239630619904,1597988239932000000,2020-08-21 13:37:19.932000,1982.0,1985.0,1911.0,1939.0,nan,1952.025,1215486,23726588750.0,450435,1982.0,195,1981.0,469,1983.0,1276,1980.0,607,1984.0,434,1979.0,590,1985.0,985,1978.0,341,1986.0,409,1977.0,479
1597988240125396992,1597988240416999936,2020-08-21 13:37:20.417000,1981.0,1985.0,1911.0,1939.0,nan,1952.025,1215490,23726667990.0,450438,1982.0,202,1981.0,466,1983.0,1276,1980.0,607,1984.0,434,1979.0,591,1985.0,985,1978.0,341,1986.0,409,1977.0,479
1597988240627919872,1597988240916000000,2020-08-21 13:37:20.916000,1982.0,1985.0,1911.0,1939.0,nan,1952.025,1215508,23727024750.0,450436,1982.0,185,1981.0,467,1983.0,1276,1980.0,608,1984.0,433,1979.0,591,1985.0,985,1978.0,341,1986.0,410,1977.0,479
1597988241129138944,1597988241423000064,2020-08-21 13:37:21.423000,1982.0,1985.0,1911.0,1939.0,nan,1952.028,1215597,23728788680.0,450441,1982.0,110,1981.0,472,1983.0,1276,1980.0,608,1984.0,433,1979.0,591,1985.0,985,1978.0,341,1986.0,409,1977.0,479
1597988241634309888,1597988241936000000,2020-08-21 13:37:21.936000,1981.0,1985.0,1911.0,1939.0,nan,1952.029,1215663,23730096600.0,450486,1982.0,89,1981.0,454,1983.0,1276,1980.0,608,1984.0,433,1979.0,591,1985.0,985,1978.0,340,1986.0,409,1977.0,479
1597988242140389888,1597988242423000064,2020-08-21 13:37:22.423000,1981.0,1985.0,1911.0,1939.0,nan,1952.029,1215666,23730156040.0,450488,1982.0,171,1981.0,453,1983.0,1280,1980.0,608,1984.0,433,1979.0,591,1985.0,985,1978.0,340,1986.0,409,1977.0,479
1597988242651964928,1597988242935000064,2020-08-21 13:37:22.935000,1982.0,1985.0,1911.0,1939.0,nan,1952.029,1215668,23730195680.0,450490,1982.0,254,1981.0,461,1983.0,1281,1980.0,609,1984.0,433,1979.0,590,1985.0,985,1978.0,340,1986.0,409,1977.0,479
1597988243119650048,1597988243432000000,2020-08-21 13:37:23.432000,1981.0,1985.0,1911.0,1939.0,nan,1952.03,1215687,23730572240.0,450503,1982.0,259,1981.0,449,1983.0,1281,1980.0,610,1984.0,433,1979.0,590,1985.0,985,1978.0,340,1986.0,409,1977.0,479
1597988243630660096,1597988243917999872,2020-08-21 13:37:23.918000,1982.0,1985.0,1911.0,1939.0,nan,1952.03,1215691,23730651520.0,450502,1982.0,263,1981.0,449,1983.0,1281,1980.0,609,1984.0,434,1979.0,590,1985.0,985,1978.0,340,1986.0,409,1977.0,479
1597988244113722880,1597988244433000192,2020-08-21 13:37:24.433000,1982.0,1985.0,1911.0,1939.0,nan,1952.03,1215691,23730651520.0,450502,1982.0,329,1981.0,457,1983.0,1281,1980.0,609,1984.0,434,1979.0,590,1985.0,985,1978.0,340,1986.0,409,1977.0,479
1597988244627501056,1597988244932000000,2020-08-21 13:37:24.932000,1982.0,1985.0,1911.0,1939.0,nan,1952.03,1215693,23730691150.0,450501,1982.0,359,1981.0,456,1983.0,1281,1980.0,609,1984.0,434,1979.0,590,1985.0,985,1978.0,341,1986.0,409,1977.0,479
1597988245134524928,1597988245427000064,2020-08-21 13:37:25.427000,1981.0,1985.0,1911.0,1939.0,nan,1952.03,1215695,23730730770.0,450502,1982.0,372,1981.0,454,1983.0,1291,1980.0,609,1984.0,433,1979.0,591,1985.0,986,1978.0,337,1986.0,409,1977.0,479
1597988245626051072,1597988245882999808,2020-08-21 13:37:25.883000,1981.0,1985.0,1911.0,1939.0,nan,1952.03,1215698,23730790210.0,450503,1982.0,376,1981.0,451,1983.0,1292,1980.0,609,1984.0,433,1979.0,595,1985.0,986,1978.0,337,1986.0,409,1977.0,479
1597988246154626048,1597988246423000064,2020-08-21 13:37:26.423000,1982.0,1985.0,1911.0,1939.0,nan,1952.03,1215699,23730810030.0,450502,1982.0,321,1981.0,443,1983.0,1293,1980.0,609,1984.0,433,1979.0,595,1985.0,986,1978.0,337,1986.0,409,1977.0,479
1597988246666330112,1597988246932000000,2020-08-21 13:37:26.932000,1982.0,1985.0,1911.0,1939.0,nan,1952.03,1215703,23730889290.0,450503,1982.0,287,1981.0,450,1983.0,1293,1980.0,609,1984.0,432,1979.0,595,1985.0,987,1978.0,337,1986.0,409,1977.0,480
1597988247126471936,1597988247436999936,2020-08-21 13:37:27.437000,1982.0,1985.0,1911.0,1939.0,nan,1952.031,1215717,23731166770.0,450511,1982.0,308,1981.0,466,1983.0,1293,1980.0,609,1984.0,432,1979.0,595,1985.0,987,1978.0,337,1986.0,409,1977.0,480
1597988247625295872,1597988247912000000,2020-08-21 13:37:27.912000,1982.0,1985.0,1911.0,1939.0,nan,1952.031,1215742,23731662250.0,450519,1982.0,286,1981.0,474,1983.0,1293,1980.0,608,1984.0,432,1979.0,595,1985.0,987,1978.0,337,1986.0,409,1977.0,480
1597988248153733120,1597988248420999936,2020-08-21 13:37:28.421000,1981.0,1985.0,1911.0,1939.0,nan,1952.031,1215744,23731701870.0,450517,1982.0,290,1981.0,472,1983.0,1293,1980.0,608,1984.0,432,1979.0,595,1985.0,987,1978.0,337,1986.0,409,1977.0,480
1597988248636806912,1597988248938999808,2020-08-21 13:37:28.939000,1982.0,1985.0,1911.0,1939.0,nan,1952.031,1215745,23731721690.0,450517,1982.0,299,1981.0,472,1983.0,1293,1980.0,609,1984.0,432,1979.0,595,1985.0,987,1978.0,337,1986.0,410,1977.0,480
1597988249114268928,1597988249420000000,2020-08-21 13:37:29.420000,1981.0,1985.0,1911.0,1939.0,nan,1952.031,1215750,23731820780.0,450517,1982.0,299,1981.0,472,1983.0,1298,1980.0,607,1984.0,432,1979.0,595,1985.0,987,1978.0,337,1986.0,410,1977.0,478
1597988249612728064,1597988249930000128,2020-08-21 13:37:29.930000,1981.0,1985.0,1911.0,1939.0,nan,1952.031,1215750,23731820780.0,450517,1982.0,300,1981.0,475,1983.0,1298,1980.0,607,1984.0,432,1979.0,595,1985.0,987,1978.0,337,1986.0,410,1977.0,479
1597988250184723968,1597988250435000064,2020-08-21 13:37:30.435000,1981.0,1985.0,1911.0,1939.0,nan,1952.031,1215750,23731820780.0,450517,1982.0,302,1981.0,475,1983.0,1289,1980.0,608,1984.0,432,1979.0,595,1985.0,987,1978.0,337,1986.0,410,1977.0,481
1597988250629551104,1597988250933000192,2020-08-21 13:37:30.933000,1981.0,1985.0,1911.0,1939.0,nan,1952.031,1215752,23731860410.0,450518,1982.0,303,1981.0,475,1983.0,1289,1980.0,610,1984.0,432,1979.0,595,1985.0,987,1978.0,337,1986.0,410,1977.0,481
1597988251129722880,1597988251436000000,2020-08-21 13:37:31.436000,1981.0,1985.0,1911.0,1939.0,nan,1952.031,1215753,23731880220.0,450518,1982.0,308,1981.0,477,1983.0,1289,1980.0,610,1984.0,432,1979.0,595,1985.0,987,1978.0,337,1986.0,410,1977.0,481
1597988251648794880,1597988251914000128,2020-08-21 13:37:31.914000,1982.0,1985.0,1911.0,1939.0,nan,1952.032,1215763,23732078420.0,450527,1982.0,301,1981.0,477,1983.0,1289,1980.0,610,1984.0,429,1979.0,597,1985.0,987,1978.0,337,1986.0,410,1977.0,481
1597988252131397888,1597988252421999872,2020-08-21 13:37:32.422000,1982.0,1985.0,1911.0,1939.0,nan,1952.032,1215763,23732078420.0,450527,1982.0,302,1981.0,478,1983.0,1288,1980.0,610,1984.0,430,1979.0,598,1985.0,987,1978.0,338,1986.0,410,1977.0,481
1597988252639344896,1597988252933000192,2020-08-21 13:37:32.933000,1981.0,1985.0,1911.0,1939.0,nan,1952.032,1215765,23732118050.0,450527,1982.0,313,1981.0,483,1983.0,1288,1980.0,610,1984.0,430,1979.0,598,1985.0,989,1978.0,341,1986.0,410,1977.0,481
1597988253131020032,1597988253424000000,2020-08-21 13:37:33.424000,1982.0,1985.0,1911.0,1939.0,nan,1952.032,1215776,23732336070.0,450537,1982.0,306,1981.0,484,1983.0,1288,1980.0,610,1984.0,430,1979.0,598,1985.0,989,1978.0,341,1986.0,410,1977.0,481
1597988253625948928,1597988253898999808,2020-08-21 13:37:33.899000,1981.0,1985.0,1911.0,1939.0,nan,1952.032,1215779,23732395500.0,450535,1982.0,306,1981.0,481,1983.0,1288,1980.0,614,1984.0,380,1979.0,598,1985.0,989,1978.0,341,1986.0,410,1977.0,483
1597988254117920000,1597988254438999808,2020-08-21 13:37:34.439000,1982.0,1985.0,1911.0,1939.0,nan,1952.032,1215781,23732435130.0,450535,1982.0,352,1981.0,479,1983.0,1289,1980.0,614,1984.0,380,1979.0,598,1985.0,989,1978.0,341,1986.0,410,1977.0,483
1597988254622309888,1597988254935000064,2020-08-21 13:37:34.935000,1982.0,1985.0,1911.0,1939.0,nan,1952.032,1215785,23732514390.0,450533,1982.0,371,1981.0,481,1983.0,1289,1980.0,614,1984.0,380,1979.0,598,1985.0,989,1978.0,341,1986.0,410,1977.0,483
1597988255618036992,1597988255931000064,2020-08-21 13:37:35.931000,1982.0,1985.0,1911.0,1939.0,nan,1952.032,1215786,23732534210.0,450533,1982.0,392,1981.0,484,1983.0,1293,1980.0,614,1984.0,381,1979.0,598,1985.0,989,1978.0,341,1986.0,410,1977.0,483
1597988256112772096,1597988256426000128,2020-08-21 13:37:36.426000,1981.0,1985.0,1911.0,1939.0,nan,1952.032,1215797,23732752130.0,450524,1982.0,397,1981.0,474,1983.0,1293,1980.0,614,1984.0,381,1979.0,598,1985.0,989,1978.0,341,1986.0,415,1977.0,483
1597988256639255040,1597988256924999936,2020-08-21 13:37:36.925000,1982.0,1985.0,1911.0,1939.0,nan,1952.033,1215799,23732791760.0,450524,1982.0,395,1981.0,463,1983.0,1293,1980.0,614,1984.0,377,1979.0,598,1985.0,989,1978.0,341,1986.0,415,1977.0,486
1597988257116756992,1597988257427000064,2020-08-21 13:37:37.427000,1981.0,1985.0,1911.0,1939.0,nan,1952.033,1215800,23732811570.0,450523,1982.0,395,1981.0,436,1983.0,1293,1980.0,614,1984.0,377,1979.0,597,1985.0,989,1978.0,341,1986.0,415,1977.0,486
1597988257615118080,1597988257933000192,2020-08-21 13:37:37.933000,1981.0,1985.0,1911.0,1939.0,nan,1952.033,1215802,23732851190.0,450523,1982.0,411,1981.0,434,1983.0,1293,1980.0,618,1984.0,377,1979.0,597,1985.0,989,1978.0,341,1986.0,415,1977.0,486
1597988258112612096,1597988258416999936,2020-08-21 13:37:38.417000,1982.0,1985.0,1911.0,1939.0,nan,1952.033,1215805,23732910650.0,450523,1982.0,421,1981.0,435,1983.0,1293,1980.0,619,1984.0,376,1979.0,598,1985.0,989,1978.0,341,1986.0,415,1977.0,486
1597988258607639040,1597988258935000064,2020-08-21 13:37:38.935000,1981.0,1985.0,1911.0,1939.0,nan,1952.033,1215817,23733148480.0,450523,1982.0,411,1981.0,416,1983.0,1293,1980.0,619,1984.0,376,1979.0,598,1985.0,989,1978.0,341,1986.0,415,1977.0,486
1597988259124888064,1597988259405999872,2020-08-21 13:37:39.406000,1981.0,1985.0,1911.0,1939.0,nan,1952.034,1215859,23733980510.0,450514,1982.0,422,1981.0,376,1983.0,1258,1980.0,619,1984.0,376,1979.0,598,1985.0,989,1978.0,341,1986.0,415,1977.0,486
1597988259631667968,1597988259921999872,2020-08-21 13:37:39.922000,1981.0,1985.0,1911.0,1939.0,nan,1952.043,1216238,23741488530.0,450426,1981.0,289,1980.0,637,1982.0,439,1979.0,598,1983.0,1258,1978.0,341,1984.0,376,1977.0,486,1985.0,989,1976.0,461
1597988260122609920,1597988260427000064,2020-08-21 13:37:40.427000,1980.0,1985.0,1911.0,1939.0,nan,1952.044,1216260,23741924340.0,450426,1981.0,328,1980.0,636,1982.0,543,1979.0,598,1983.0,1258,1978.0,342,1984.0,377,1977.0,492,1985.0,990,1976.0,461
1597988260618782976,1597988260932000000,2020-08-21 13:37:40.932000,1980.0,1985.0,1911.0,1939.0,nan,1952.044,1216278,23742280900.0,450427,1981.0,322,1980.0,644,1982.0,545,1979.0,598,1983.0,1257,1978.0,342,1984.0,377,1977.0,492,1985.0,990,1976.0,462
1597988261148844032,1597988261436000000,2020-08-21 13:37:41.436000,1980.0,1985.0,1911.0,1939.0,nan,1952.044,1216278,23742280900.0,450427,1981.0,323,1980.0,644,1982.0,562,1979.0,598,1983.0,1255,1978.0,342,1984.0,377,1977.0,492,1985.0,990,1976.0,462
1597988261606589952,1597988261931000064,2020-08-21 13:37:41.931000,1980.0,1985.0,1911.0,1939.0,nan,1952.044,1216278,23742280900.0,450427,1981.0,325,1980.0,644,1982.0,564,1979.0,598,1983.0,1255,1978.0,342,1984.0,377,1977.0,493,1985.0,990,1976.0,462
1597988262118408960,1597988262435000064,2020-08-21 13:37:42.435000,1980.0,1985.0,1911.0,1939.0,nan,1952.044,1216282,23742360130.0,450426,1981.0,322,1980.0,645,1982.0,566,1979.0,598,1983.0,1255,1978.0,342,1984.0,377,1977.0,493,1985.0,990,1976.0,463
1597988262629252096,1597988262910000128,2020-08-21 13:37:42.910000,1980.0,1985.0,1911.0,1939.0,nan,1952.044,1216283,23742379930.0,450427,1981.0,322,1980.0,644,1982.0,571,1979.0,598,1983.0,1255,1978.0,342,1984.0,377,1977.0,493,1985.0,990,1976.0,463
1597988263109170944,1597988263379000064,2020-08-21 13:37:43.379000,1981.0,1985.0,1911.0,1939.0,nan,1952.044,1216287,23742459150.0,450428,1981.0,320,1980.0,645,1982.0,572,1979.0,597,1983.0,1255,1978.0,342,1984.0,376,1977.0,493,1985.0,990,1976.0,463
1597988263623740928,1597988263930000128,2020-08-21 13:37:43.930000,1981.0,1985.0,1911.0,1939.0,nan,1952.045,1216317,23743053410.0,450403,1981.0,294,1980.0,642,1982.0,574,1979.0,598,1983.0,1255,1978.0,342,1984.0,376,1977.0,493,1985.0,990,1976.0,464
1597988264120173056,1597988264433000192,2020-08-21 13:37:44.433000,1980.0,1985.0,1911.0,1939.0,nan,1952.045,1216318,23743073210.0,450404,1981.0,294,1980.0,640,1982.0,583,1979.0,598,1983.0,1252,1978.0,342,1984.0,376,1977.0,493,1985.0,990,1976.0,464
1597988264622471936,1597988264935000064,2020-08-21 13:37:44.935000,1980.0,1985.0,1911.0,1939.0,nan,1952.045,1216320,23743112810.0,450403,1981.0,295,1980.0,640,1982.0,583,1979.0,598,1983.0,1249,1978.0,342,1984.0,376,1977.0,493,1985.0,990,1976.0,464
1597988265134426880,1597988265413000192,2020-08-21 13:37:45.413000,1980.0,1985.0,1911.0,1939.0,nan,1952.045,1216322,23743152410.0,450403,1981.0,313,1980.0,638,1982.0,597,1979.0,598,1983.0,1248,1978.0,342,1984.0,378,1977.0,493,1985.0,986,1976.0,464
1597988265626430976,1597988265935000064,2020-08-21 13:37:45.935000,1980.0,1985.0,1911.0,1939.0,nan,1952.045,1216322,23743152410.0,450403,1981.0,365,1980.0,639,1982.0,607,1979.0,598,1983.0,1248,1978.0,342,1984.0,378,1977.0,493,1985.0,986,1976.0,464
1597988266149304064,1597988266424999936,2020-08-21 13:37:46.425000,1980.0,1985.0,1911.0,1939.0,nan,1952.045,1216326,23743231640.0,450400,1981.0,386,1980.0,629,1982.0,606,1979.0,598,1983.0,1248,1978.0,342,1984.0,378,1977.0,493,1985.0,986,1976.0,464
1597988266612093952,1597988266924000000,2020-08-21 13:37:46.924000,1980.0,1985.0,1911.0,1939.0,nan,1952.045,1216327,23743251440.0,450400,1981.0,386,1980.0,635,1982.0,605,1979.0,598,1983.0,1259,1978.0,351,1984.0,378,1977.0,493,1985.0,986,1976.0,464
1597988267139065088,1597988267416999936,2020-08-21 13:37:47.417000,1980.0,1985.0,1911.0,1939.0,nan,1952.045,1216338,23743469320.0,450392,1981.0,381,1980.0,641,1982.0,606,1979.0,598,1983.0,1259,1978.0,351,1984.0,378,1977.0,493,1985.0,986,1976.0,464
1597988267620655104,1597988267938999808,2020-08-21 13:37:47.939000,1980.0,1985.0,1911.0,1939.0,nan,1952.046,1216353,23743766440.0,450390,1981.0,370,1980.0,674,1982.0,608,1979.0,598,1983.0,1259,1978.0,351,1984.0,378,1977.0,493,1985.0,986,1976.0,464
1597988268133863936,1597988268428999936,2020-08-21 13:37:48.429000,1981.0,1985.0,1911.0,1939.0,nan,1952.046,1216356,23743825860.0,450390,1981.0,368,1980.0,674,1982.0,610,1979.0,598,1983.0,1259,1978.0,351,1984.0,378,1977.0,493,1985.0,986,1976.0,464
1597988268637251072,1597988268924999936,2020-08-21 13:37:48.925000,1981.0,1985.0,1911.0,1939.0,nan,1952.046,1216356,23743825860.0,450390,1981.0,371,1980.0,675,1982.0,610,1979.0,598,1983.0,1258,1978.0,351,1984.0,378,1977.0,493,1985.0,986,1976.0,464
1597988269128408064,1597988269407000064,2020-08-21 13:37:49.407000,1980.0,1985.0,1911.0,1939.0,nan,1952.046,1216361,23743924860.0,450390,1981.0,371,1980.0,671,1982.0,610,1979.0,600,1983.0,1257,1978.0,351,1984.0,378,1977.0,493,1985.0,986,1976.0,464
1597988269629910016,1597988269923000064,2020-08-21 13:37:49.923000,1980.0,1985.0,1911.0,1939.0,nan,1952.046,1216365,23744004070.0,450388,1981.0,389,1980.0,669,1982.0,609,1979.0,600,1983.0,1257,1978.0,351,1984.0,378,1977.0,493,1985.0,984,1976.0,464
1597988270132918016,1597988270424000000,2020-08-21 13:37:50.424000,1981.0,1985.0,1911.0,1939.0,nan,1952.046,1216366,23744023880.0,450387,1981.0,390,1980.0,669,1982.0,619,1979.0,600,1983.0,1256,1978.0,351,1984.0,378,1977.0,493,1985.0,984,1976.0,467
1597988270609778944,1597988270935000064,2020-08-21 13:37:50.935000,1980.0,1985.0,1911.0,1939.0,nan,1952.046,1216386,23744419880.0,450393,1981.0,393,1980.0,650,1982.0,619,1979.0,600,1983.0,1256,1978.0,361,1984.0,378,1977.0,493,1985.0,984,1976.0,467
1597988271123386880,1597988271434000128,2020-08-21 13:37:51.434000,1980.0,1985.0,1911.0,1939.0,nan,1952.046,1216387,23744439680.0,450394,1981.0,394,1980.0,651,1982.0,620,1979.0,600,1983.0,1255,1978.0,361,1984.0,375,1977.0,493,1985.0,984,1976.0,467
1597988271607431936,1597988271913000192,2020-08-21 13:37:51.913000,1980.0,1985.0,1911.0,1939.0,nan,1952.047,1216389,23744479290.0,450394,1981.0,398,1980.0,653,1982.0,631,1979.0,600,1983.0,1255,1978.0,361,1984.0,375,1977.0,493,1985.0,984,1976.0,467
1597988272119633920,1597988272432000000,2020-08-21 13:37:52.432000,1980.0,1985.0,1911.0,1939.0,nan,1952.047,1216394,23744578320.0,450396,1981.0,395,1980.0,652,1982.0,650,1979.0,601,1983.0,1256,1978.0,361,1984.0,375,1977.0,493,1985.0,984,1976.0,467
1597988272624485888,1597988272932000000,2020-08-21 13:37:52.932000,1980.0,1985.0,1911.0,1939.0,nan,1952.047,1216397,23744637730.0,450396,1981.0,395,1980.0,653,1982.0,659,1979.0,601,1983.0,1256,1978.0,361,1984.0,375,1977.0,493,1985.0,980,1976.0,467
1597988273108081920,1597988273434000128,2020-08-21 13:37:53.434000,1980.0,1985.0,1911.0,1939.0,nan,1952.047,1216399,23744677330.0,450396,1981.0,395,1980.0,651,1982.0,671,1979.0,601,1983.0,1255,1978.0,361,1984.0,375,1977.0,493,1985.0,980,1976.0,467
1597988273608894976,1597988273932000000,2020-08-21 13:37:53.932000,1981.0,1985.0,1911.0,1939.0,nan,1952.047,1216400,23744697140.0,450396,1981.0,394,1980.0,654,1982.0,671,1979.0,600,1983.0,1255,1978.0,361,1984.0,376,1977.0,493,1985.0,980,1976.0,467
1597988274121413120,1597988274432000000,2020-08-21 13:37:54.432000,1980.0,1985.0,1911.0,1939.0,nan,1952.047,1216402,23744736740.0,450398,1981.0,399,1980.0,652,1982.0,657,1979.0,600,1983.0,1255,1978.0,363,1984.0,376,1977.0,493,1985.0,980,1976.0,467
1597988274646213888,1597988275022000128,2020-08-21 13:37:55.022000,1980.0,1985.0,1911.0,1939.0,nan,1952.047,1216403,23744756540.0,450398,1981.0,401,1980.0,653,1982.0,657,1979.0,601,1983.0,1255,1978.0,363,1984.0,376,1977.0,493,1985.0,979,1976.0,467
1597988275131092992,1597988275411000064,2020-08-21 13:37:55.411000,1980.0,1985.0,1911.0,1939.0,nan,1952.047,1216403,23744756540.0,450398,1981.0,419,1980.0,653,1982.0,657,1979.0,601,1983.0,1256,1978.0,363,1984.0,376,1977.0,493,1985.0,979,1976.0,467
1597988275651130112,1597988275917999872,2020-08-21 13:37:55.918000,1980.0,1985.0,1911.0,1939.0,nan,1952.047,1216406,23744815940.0,450398,1981.0,427,1980.0,606,1982.0,667,1979.0,601,1983.0,1256,1978.0,368,1984.0,376,1977.0,493,1985.0,979,1976.0,467
1597988276125093888,1597988276423000064,2020-08-21 13:37:56.423000,1980.0,1985.0,1911.0,1939.0,nan,1952.047,1216409,23744875350.0,450400,1981.0,457,1980.0,604,1982.0,664,1979.0,602,1983.0,1256,1978.0,368,1984.0,376,1977.0,493,1985.0,979,1976.0,467
1597988276639432960,1597988276926000128,2020-08-21 13:37:56.926000,1980.0,1985.0,1911.0,1939.0,nan,1952.047,1216410,23744895150.0,450400,1981.0,457,1980.0,608,1982.0,664,1979.0,602,1983.0,1258,1978.0,378,1984.0,376,1977.0,493,1985.0,979,1976.0,467
1597988277231236096,1597988277428999936,2020-08-21 13:37:57.429000,1980.0,1985.0,1911.0,1939.0,nan,1952.047,1216412,23744934750.0,450401,1981.0,458,1980.0,607,1982.0,668,1979.0,602,1983.0,1257,1978.0,378,1984.0,376,1977.0,493,1985.0,979,1976.0,467
1597988277628416000,1597988277920000000,2020-08-21 13:37:57.920000,1980.0,1985.0,1911.0,1939.0,nan,1952.047,1216412,23744934750.0,450401,1981.0,446,1980.0,606,1982.0,664,1979.0,602,1983.0,1257,1978.0,378,1984.0,376,1977.0,493,1985.0,979,1976.0,467
1597988278135508992,1597988278436000000,2020-08-21 13:37:58.436000,1981.0,1985.0,1911.0,1939.0,nan,1952.047,1216415,23744994160.0,450403,1981.0,448,1980.0,605,1982.0,664,1979.0,602,1983.0,1260,1978.0,378,1984.0,376,1977.0,493,1985.0,979,1976.0,467
1597988278632509952,1597988278937999872,2020-08-21 13:37:58.938000,1980.0,1985.0,1911.0,1939.0,nan,1952.047,1216422,23745132760.0,450404,1981.0,449,1980.0,598,1982.0,664,1979.0,602,1983.0,1260,1978.0,378,1984.0,376,1977.0,493,1985.0,978,1976.0,467
1597988279140864000,1597988279436000000,2020-08-21 13:37:59.436000,1980.0,1985.0,1911.0,1939.0,nan,1952.047,1216427,23745231800.0,450405,1981.0,445,1980.0,598,1982.0,667,1979.0,602,1983.0,1260,1978.0,378,1984.0,376,1977.0,493,1985.0,978,1976.0,467
1597988279658370048,1597988280138000128,2020-08-21 13:38:00.138000,1981.0,1985.0,1911.0,1939.0,nan,1952.048,1216431,23745311030.0,450406,1981.0,453,1980.0,597,1982.0,667,1979.0,602,1983.0,1260,1978.0,378,1984.0,376,1977.0,493,1985.0,978,1976.0,468
1597988280132933120,1597988280436000000,2020-08-21 13:38:00.436000,1980.0,1985.0,1911.0,1939.0,nan,1952.048,1216447,23745627830.0,450417,1981.0,456,1980.0,581,1982.0,665,1979.0,602,1983.0,1260,1978.0,378,1984.0,376,1977.0,493,1985.0,978,1976.0,468
1597988280614656000,1597988280933000192,2020-08-21 13:38:00.933000,1981.0,1985.0,1911.0,1939.0,nan,1952.048,1216449,23745667450.0,450417,1981.0,464,1980.0,581,1982.0,666,1979.0,602,1983.0,1260,1978.0,378,1984.0,376,1977.0,493,1985.0,968,1976.0,468
1597988281129402112,1597988281405999872,2020-08-21 13:38:01.406000,1981.0,1985.0,1911.0,1939.0,nan,1952.048,1216449,23745667450.0,450417,1981.0,474,1980.0,581,1982.0,664,1979.0,602,1983.0,1260,1978.0,378,1984.0,376,1977.0,493,1985.0,968,1976.0,469
1597988281619482880,1597988281924999936,2020-08-21 13:38:01.925000,1980.0,1985.0,1911.0,1939.0,nan,1952.048,1216452,23745726850.0,450418,1981.0,476,1980.0,581,1982.0,700,1979.0,652,1983.0,1259,1978.0,378,1984.0,374,1977.0,493,1985.0,968,1976.0,469
1597988282131872000,1597988282423000064,2020-08-21 13:38:02.423000,1980.0,1985.0,1911.0,1939.0,nan,1952.048,1216452,23745726850.0,450418,1981.0,479,1980.0,581,1982.0,699,1979.0,652,1983.0,1259,1978.0,379,1984.0,374,1977.0,494,1985.0,968,1976.0,469
1597988282634678016,1597988282935000064,2020-08-21 13:38:02.935000,1980.0,1985.0,1911.0,1939.0,nan,1952.048,1216453,23745746650.0,450418,1981.0,463,1980.0,586,1982.0,699,1979.0,652,1983.0,1259,1978.0,379,1984.0,374,1977.0,494,1985.0,968,1976.0,469
1597988283118981120,1597988283430000128,2020-08-21 13:38:03.430000,1980.0,1985.0,1911.0,1939.0,nan,1952.048,1216464,23745964450.0,450416,1981.0,463,1980.0,576,1982.0,699,1979.0,654,1983.0,1259,1978.0,379,1984.0,374,1977.0,494,1985.0,968,1976.0,469
1597988283625063936,1597988283913000192,2020-08-21 13:38:03.913000,1980.0,1985.0,1911.0,1939.0,nan,1952.048,1216464,23745964450.0,450416,1981.0,465,1980.0,578,1982.0,698,1979.0,657,1983.0,1259,1978.0,377,1984.0,374,1977.0,494,1985.0,968,1976.0,468
1597988284146232064,1597988284435000064,2020-08-21 13:38:04.435000,1980.0,1985.0,1911.0,1939.0,nan,1952.048,1216464,23745964450.0,450416,1981.0,464,1980.0,579,1982.0,699,1979.0,657,1983.0,1269,1978.0,377,1984.0,374,1977.0,494,1985.0,968,1976.0,469
1597988284620461056,1597988284932000000,2020-08-21 13:38:04.932000,1980.0,1985.0,1911.0,1939.0,nan,1952.048,1216467,23746023850.0,450419,1981.0,464,1980.0,593,1982.0,699,1979.0,657,1983.0,1269,1978.0,377,1984.0,373,1977.0,494,1985.0,968,1976.0,469
1597988285122245888,1597988285413000192,2020-08-21 13:38:05.413000,1981.0,1985.0,1911.0,1939.0,nan,1952.048,1216468,23746043660.0,450418,1981.0,528,1980.0,596,1982.0,699,1979.0,655,1983.0,1266,1978.0,377,1984.0,373,1977.0,494,1985.0,968,1976.0,469
1597988285631268096,1597988285937999872,2020-08-21 13:38:05.938000,1981.0,1985.0,1911.0,1939.0,nan,1952.048,1216468,23746043660.0,450418,1981.0,538,1980.0,596,1982.0,698,1979.0,655,1983.0,1266,1978.0,377,1984.0,373,1977.0,494,1985.0,968,1976.0,469
1597988286139524096,1597988286428000000,2020-08-21 13:38:06.428000,1980.0,1985.0,1911.0,1939.0,nan,1952.048,1216469,23746063460.0,450419,1981.0,541,1980.0,595,1982.0,699,1979.0,655,1983.0,1266,1978.0,377,1984.0,373,1977.0,494,1985.0,968,1976.0,469
1597988287130896896,1597988287435000064,2020-08-21 13:38:07.435000,1980.0,1985.0,1911.0,1939.0,nan,1952.048,1216471,23746103060.0,450419,1981.0,541,1980.0,593,1982.0,698,1979.0,655,1983.0,1266,1978.0,377,1984.0,373,1977.0,494,1985.0,968,1976.0,469
1597988287624224000,1597988287937999872,2020-08-21 13:38:07.938000,1981.0,1985.0,1911.0,1939.0,nan,1952.049,1216476,23746202090.0,450417,1981.0,541,1980.0,597,1982.0,698,1979.0,656,1983.0,1266,1978.0,377,1984.0,373,1977.0,494,1985.0,968,1976.0,469
1597988288122070016,1597988288436999936,2020-08-21 13:38:08.437000,1980.0,1985.0,1911.0,1939.0,nan,1952.049,1216477,23746221890.0,450417,1981.0,541,1980.0,596,1982.0,698,1979.0,656,1983.0,1265,1978.0,377,1984.0,372,1977.0,494,1985.0,978,1976.0,469
1597988288615766016,1597988288913000192,2020-08-21 13:38:08.913000,1980.0,1985.0,1911.0,1939.0,nan,1952.049,1216495,23746578290.0,450425,1981.0,561,1980.0,578,1982.0,708,1979.0,657,1983.0,1265,1978.0,377,1984.0,372,1977.0,494,1985.0,978,1976.0,469
1597988289110800896,1597988289432000000,2020-08-21 13:38:09.432000,1980.0,1985.0,1911.0,1939.0,nan,1952.049,1216495,23746578290.0,450425,1981.0,570,1980.0,578,1982.0,710,1979.0,657,1983.0,1265,1978.0,377,1984.0,372,1977.0,494,1985.0,978,1976.0,469
1597988289637432064,1597988289911000064,2020-08-21 13:38:09.911000,1980.0,1985.0,1911.0,1939.0,nan,1952.049,1216499,23746657490.0,450425,1981.0,570,1980.0,575,1982.0,712,1979.0,657,1983.0,1265,1978.0,377,1984.0,372,1977.0,494,1985.0,978,1976.0,469
1597988290121455104,1597988290417999872,2020-08-21 13:38:10.418000,1980.0,1985.0,1911.0,1939.0,nan,1952.049,1216502,23746716900.0,450426,1981.0,570,1980.0,575,1982.0,712,1979.0,657,1983.0,1266,1978.0,377,1984.0,372,1977.0,494,1985.0,978,1976.0,469
1597988290607364096,1597988290931000064,2020-08-21 13:38:10.931000,1981.0,1985.0,1911.0,1939.0,nan,1952.049,1216505,23746776310.0,450428,1981.0,569,1980.0,574,1982.0,713,1979.0,657,1983.0,1267,1978.0,377,1984.0,372,1977.0,494,1985.0,978,1976.0,469
1597988291117058048,1597988291432000000,2020-08-21 13:38:11.432000,1980.0,1985.0,1911.0,1939.0,nan,1952.05,1216523,23747132720.0,450434,1981.0,569,1980.0,555,1982.0,712,1979.0,657,1983.0,1267,1978.0,377,1984.0,371,1977.0,494,1985.0,978,1976.0,469
1597988291626306048,1597988291936000000,2020-08-21 13:38:11.936000,1980.0,1985.0,1911.0,1939.0,nan,1952.05,1216533,23747330720.0,450433,1981.0,569,1980.0,546,1982.0,712,1979.0,658,1983.0,1267,1978.0,377,1984.0,371,1977.0,494,1985.0,978,1976.0,469
1597988292131044096,1597988292436999936,2020-08-21 13:38:12.437000,1980.0,1985.0,1911.0,1939.0,nan,1952.05,1216535,23747370320.0,450435,1981.0,569,1980.0,603,1982.0,712,1979.0,658,1983.0,1267,1978.0,377,1984.0,371,1977.0,494,1985.0,978,1976.0,469
1597988292615973120,1597988292936000000,2020-08-21 13:38:12.936000,1980.0,1985.0,1911.0,1939.0,nan,1952.05,1216536,23747390120.0,450435,1981.0,570,1980.0,616,1982.0,712,1979.0,660,1983.0,1267,1978.0,377,1984.0,371,1977.0,494,1985.0,978,1976.0,469
1597988293127307008,1597988293428000000,2020-08-21 13:38:13.428000,1981.0,1985.0,1911.0,1939.0,nan,1952.051,1216566,23747984420.0,450435,1981.0,525,1980.0,617,1982.0,713,1979.0,660,1983.0,1267,1978.0,379,1984.0,371,1977.0,494,1985.0,978,1976.0,469
1597988293613097984,1597988293931000064,2020-08-21 13:38:13.931000,1981.0,1985.0,1911.0,1939.0,nan,1952.051,1216566,23747984420.0,450435,1981.0,521,1980.0,616,1982.0,713,1979.0,660,1983.0,1267,1978.0,381,1984.0,371,1977.0,494,1985.0,978,1976.0,469
1597988294128665088,1597988294430000128,2020-08-21 13:38:14.430000,1980.0,1985.0,1911.0,1939.0,nan,1952.051,1216568,23748024020.0,450437,1981.0,521,1980.0,614,1982.0,711,1979.0,660,1983.0,1267,1978.0,381,1984.0,371,1977.0,495,1985.0,978,1976.0,469
1597988294621198080,1597988294933000192,2020-08-21 13:38:14.933000,1980.0,1985.0,1911.0,1939.0,nan,1952.051,1216568,23748024020.0,450437,1981.0,522,1980.0,638,1982.0,711,1979.0,660,1983.0,1267,1978.0,381,1984.0,370,1977.0,495,1985.0,978,1976.0,469
1597988295151121920,1597988295438999808,2020-08-21 13:38:15.439000,1981.0,1985.0,1911.0,1939.0,nan,1952.051,1216571,23748083450.0,450437,1981.0,528,1980.0,640,1982.0,711,1979.0,660,1983.0,1267,1978.0,381,1984.0,370,1977.0,495,1985.0,978,1976.0,464
1597988295625789952,1597988295937999872,2020-08-21 13:38:15.938000,1980.0,1985.0,1911.0,1939.0,nan,1952.051,1216572,23748103250.0,450437,1981.0,529,1980.0,639,1982.0,711,1979.0,660,1983.0,1267,1978.0,381,1984.0,370,1977.0,495,1985.0,978,1976.0,464
1597988296129262080,1597988296431000064,2020-08-21 13:38:16.431000,1980.0,1985.0,1911.0,1939.0,nan,1952.051,1216574,23748142850.0,450437,1981.0,529,1980.0,641,1982.0,710,1979.0,660,1983.0,1267,1978.0,381,1984.0,370,1977.0,495,1985.0,978,1976.0,464
1597988296636329984,1597988296903000064,2020-08-21 13:38:16.903000,1980.0,1985.0,1911.0,1939.0,nan,1952.051,1216576,23748182450.0,450439,1981.0,538,1980.0,644,1982.0,710,1979.0,662,1983.0,1267,1978.0,381,1984.0,370,1977.0,495,1985.0,978,1976.0,464
1597988297145246976,1597988297424999936,2020-08-21 13:38:17.425000,1980.0,1985.0,1911.0,1939.0,nan,1952.051,1216577,23748202250.0,450440,1981.0,538,1980.0,644,1982.0,710,1979.0,662,1983.0,1267,1978.0,381,1984.0,370,1977.0,495,1985.0,978,1976.0,464
1597988297630832128,1597988297937999872,2020-08-21 13:38:17.938000,1980.0,1985.0,1911.0,1939.0,nan,1952.051,1216583,23748321050.0,450440,1981.0,540,1980.0,639,1982.0,711,1979.0,662,1983.0,1257,1978.0,381,1984.0,370,1977.0,493,1985.0,978,1976.0,463
1597988298119269120,1597988298433000192,2020-08-21 13:38:18.433000,1981.0,1985.0,1911.0,1939.0,nan,1952.051,1216586,23748380470.0,450439,1981.0,539,1980.0,638,1982.0,711,1979.0,662,1983.0,1257,1978.0,381,1984.0,370,1977.0,503,1985.0,978,1976.0,463
1597988298628308992,1597988298876000000,2020-08-21 13:38:18.876000,1980.0,1985.0,1911.0,1939.0,nan,1952.051,1216588,23748420070.0,450440,1981.0,540,1980.0,637,1982.0,701,1979.0,662,1983.0,1256,1978.0,381,1984.0,370,1977.0,503,1985.0,978,1976.0,463
1597988299134262016,1597988299417999872,2020-08-21 13:38:19.418000,1981.0,1985.0,1911.0,1939.0,nan,1952.051,1216589,23748439880.0,450440,1981.0,544,1980.0,637,1982.0,701,1979.0,662,1983.0,1256,1978.0,381,1984.0,370,1977.0,503,1985.0,978,1976.0,463
1597988299645528064,1597988299933000192,2020-08-21 13:38:19.933000,1981.0,1985.0,1911.0,1939.0,nan,1952.051,1216596,23748578540.0,450443,1981.0,540,1980.0,633,1982.0,701,1979.0,662,1983.0,1256,1978.0,381,1984.0,370,1977.0,503,1985.0,978,1976.0,463
1597988300140911104,1597988300418999808,2020-08-21 13:38:20.419000,1980.0,1985.0,1911.0,1939.0,nan,1952.051,1216599,23748637950.0,450443,1981.0,539,1980.0,631,1982.0,701,1979.0,662,1983.0,1256,1978.0,381,1984.0,370,1977.0,504,1985.0,977,1976.0,463
1597988300623664128,1597988300936999936,2020-08-21 13:38:20.937000,1980.0,1985.0,1911.0,1939.0,nan,1952.052,1216611,23748875560.0,450454,1981.0,533,1980.0,621,1982.0,681,1979.0,662,1983.0,1255,1978.0,381,1984.0,370,1977.0,504,1985.0,977,1976.0,463
1597988301534824960,1597988301433000192,2020-08-21 13:38:21.433000,1980.0,1985.0,1911.0,1939.0,nan,1952.052,1216611,23748875560.0,450454,1981.0,535,1980.0,621,1982.0,681,1979.0,662,1983.0,1255,1978.0,382,1984.0,370,1977.0,504,1985.0,977,1976.0,463
1597988301934923008,1597988301933000192,2020-08-21 13:38:21.933000,1980.0,1985.0,1911.0,1939.0,nan,1952.052,1216611,23748875560.0,450454,1981.0,546,1980.0,621,1982.0,681,1979.0,662,1983.0,1255,1978.0,382,1984.0,370,1977.0,505,1985.0,972,1976.0,463
1597988302143460096,1597988302412000000,2020-08-21 13:38:22.412000,1981.0,1985.0,1911.0,1939.0,nan,1952.052,1216616,23748974610.0,450454,1981.0,541,1980.0,622,1982.0,681,1979.0,662,1983.0,1255,1978.0,382,1984.0,370,1977.0,505,1985.0,972,1976.0,463
1597988302618095104,1597988302926000128,2020-08-21 13:38:22.926000,1980.0,1985.0,1911.0,1939.0,nan,1952.052,1216619,23749034010.0,450456,1981.0,542,1980.0,618,1982.0,681,1979.0,662,1983.0,1254,1978.0,382,1984.0,370,1977.0,505,1985.0,972,1976.0,463
1597988303114400000,1597988303428000000,2020-08-21 13:38:23.428000,1981.0,1985.0,1911.0,1939.0,nan,1952.052,1216623,23749113250.0,450460,1981.0,538,1980.0,618,1982.0,680,1979.0,662,1983.0,1254,1978.0,382,1984.0,370,1977.0,505,1985.0,972,1976.0,463
1597988303815074048,1597988303917999872,2020-08-21 13:38:23.918000,1980.0,1985.0,1911.0,1939.0,nan,1952.052,1216624,23749133050.0,450461,1981.0,543,1980.0,619,1982.0,681,1979.0,662,1983.0,1254,1978.0,382,1984.0,370,1977.0,505,1985.0,972,1976.0,463
1597988304140987904,1597988304435000064,2020-08-21 13:38:24.435000,1980.0,1985.0,1911.0,1939.0,nan,1952.052,1216645,23749548850.0,450478,1981.0,542,1980.0,598,1982.0,682,1979.0,662,1983.0,1254,1978.0,382,1984.0,370,1977.0,505,1985.0,972,1976.0,463
1597988304641352960,1597988304928999936,2020-08-21 13:38:24.929000,1980.0,1985.0,1911.0,1939.0,nan,1952.052,1216646,23749568650.0,450478,1981.0,542,1980.0,597,1982.0,683,1979.0,662,1983.0,1254,1978.0,382,1984.0,370,1977.0,506,1985.0,972,1976.0,463
1597988305123760896,1597988305433000192,2020-08-21 13:38:25.433000,1980.0,1985.0,1911.0,1939.0,nan,1952.053,1216651,23749667650.0,450480,1981.0,542,1980.0,593,1982.0,684,1979.0,663,1983.0,1255,1978.0,382,1984.0,370,1977.0,506,1985.0,972,1976.0,464
1597988305629295104,1597988305936999936,2020-08-21 13:38:25.937000,1981.0,1985.0,1911.0,1939.0,nan,1952.053,1216655,23749746880.0,450481,1981.0,539,1980.0,594,1982.0,684,1979.0,663,1983.0,1255,1978.0,382,1984.0,370,1977.0,506,1985.0,972,1976.0,464
1597988306122971904,1597988306417999872,2020-08-21 13:38:26.418000,1981.0,1985.0,1911.0,1939.0,nan,1952.053,1216678,23750202510.0,450490,1981.0,516,1980.0,594,1982.0,684,1979.0,663,1983.0,1255,1978.0,382,1984.0,370,1977.0,506,1985.0,972,1976.0,464
1597988306625405952,1597988306932000000,2020-08-21 13:38:26.932000,1980.0,1985.0,1911.0,1939.0,nan,1952.053,1216681,23750261910.0,450490,1981.0,517,1980.0,601,1982.0,683,1979.0,663,1983.0,1256,1978.0,382,1984.0,370,1977.0,506,1985.0,972,1976.0,464
1597988307114539008,1597988307413000192,2020-08-21 13:38:27.413000,1981.0,1985.0,1911.0,1939.0,nan,1952.054,1216689,23750420390.0,450490,1981.0,509,1980.0,602,1982.0,682,1979.0,663,1983.0,1256,1978.0,382,1984.0,370,1977.0,506,1985.0,973,1976.0,464
1597988307621248000,1597988307923000064,2020-08-21 13:38:27.923000,1980.0,1985.0,1911.0,1939.0,nan,1952.055,1216750,23751628700.0,450490,1981.0,460,1980.0,593,1982.0,682,1979.0,663,1983.0,1256,1978.0,382,1984.0,370,1977.0,506,1985.0,973,1976.0,464
1597988308126776064,1597988308432000000,2020-08-21 13:38:28.432000,1980.0,1985.0,1911.0,1939.0,nan,1952.055,1216759,23751806900.0,450491,1981.0,446,1980.0,586,1982.0,683,1979.0,661,1983.0,1256,1978.0,384,1984.0,370,1977.0,506,1985.0,973,1976.0,464
1597988308615643904,1597988308936999936,2020-08-21 13:38:28.937000,1980.0,1985.0,1911.0,1939.0,nan,1952.055,1216764,23751905910.0,450492,1981.0,447,1980.0,582,1982.0,683,1979.0,662,1983.0,1256,1978.0,385,1984.0,370,1977.0,505,1985.0,972,1976.0,464
1597988309130073088,1597988309437999872,2020-08-21 13:38:29.438000,1980.0,1985.0,1911.0,1939.0,nan,1952.055,1216764,23751905910.0,450492,1981.0,446,1980.0,586,1982.0,683,1979.0,665,1983.0,1256,1978.0,385,1984.0,369,1977.0,505,1985.0,972,1976.0,464
1597988309913136128,1597988309937999872,2020-08-21 13:38:29.938000,1981.0,1985.0,1911.0,1939.0,nan,1952.055,1216765,23751925720.0,450492,1981.0,452,1980.0,587,1982.0,684,1979.0,665,1983.0,1255,1978.0,385,1984.0,369,1977.0,505,1985.0,972,1976.0,464
1597988310222661888,1597988310433000192,2020-08-21 13:38:30.433000,1981.0,1985.0,1911.0,1939.0,nan,1952.055,1216769,23752004960.0,450492,1981.0,398,1980.0,587,1982.0,689,1979.0,665,1983.0,1255,1978.0,385,1984.0,369,1977.0,505,1985.0,972,1976.0,464
1597988310627033088,1597988310916000000,2020-08-21 13:38:30.916000,1980.0,1985.0,1911.0,1939.0,nan,1952.055,1216772,23752064360.0,450494,1981.0,398,1980.0,584,1982.0,689,1979.0,665,1983.0,1256,1978.0,385,1984.0,369,1977.0,505,1985.0,972,1976.0,464
1597988311125192960,1597988311407000064,2020-08-21 13:38:31.407000,1981.0,1985.0,1911.0,1939.0,nan,1952.055,1216773,23752084170.0,450494,1981.0,415,1980.0,589,1982.0,689,1979.0,665,1983.0,1256,1978.0,385,1984.0,369,1977.0,505,1985.0,972,1976.0,464
1597988311617957120,1597988311936000000,2020-08-21 13:38:31.936000,1980.0,1985.0,1911.0,1939.0,nan,1952.056,1216774,23752103970.0,450494,1981.0,415,1980.0,589,1982.0,689,1979.0,665,1983.0,1256,1978.0,385,1984.0,369,1977.0,505,1985.0,972,1976.0,464
1597988312121267968,1597988312436999936,2020-08-21 13:38:32.437000,1980.0,1985.0,1911.0,1939.0,nan,1952.056,1216804,23752697970.0,450524,1981.0,418,1980.0,560,1982.0,689,1979.0,673,1983.0,1257,1978.0,385,1984.0,369,1977.0,505,1985.0,963,1976.0,464
1597988312637882112,1597988312916999936,2020-08-21 13:38:32.917000,1980.0,1985.0,1911.0,1939.0,nan,1952.069,1217382,23764142370.0,450375,1980.0,32,1979.0,698,1981.0,425,1978.0,385,1982.0,689,1977.0,505,1983.0,1254,1976.0,464,1984.0,369,1975.0,507
1597988313121969920,1597988313424000000,2020-08-21 13:38:33.424000,1980.0,1985.0,1911.0,1939.0,nan,1952.071,1217432,23765132370.0,450347,1981.0,467,1980.0,233,1982.0,689,1979.0,700,1983.0,1253,1978.0,385,1984.0,349,1977.0,505,1985.0,988,1976.0,474
1597988313618808064,1597988313927000064,2020-08-21 13:38:33.927000,1980.0,1985.0,1911.0,1939.0,nan,1952.071,1217464,23765765980.0,450345,1981.0,453,1980.0,260,1982.0,689,1979.0,700,1983.0,1252,1978.0,385,1984.0,349,1977.0,505,1985.0,988,1976.0,472
1597988314141455872,1597988314420999936,2020-08-21 13:38:34.421000,1980.0,1985.0,1911.0,1939.0,nan,1952.071,1217470,23765884830.0,450345,1981.0,448,1980.0,292,1982.0,689,1979.0,700,1983.0,1253,1978.0,385,1984.0,349,1977.0,505,1985.0,988,1976.0,473
1597988314617197056,1597988314897000192,2020-08-21 13:38:34.897000,1980.0,1985.0,1911.0,1939.0,nan,1952.078,1217774,23771904030.0,450405,1980.0,150,1979.0,700,1981.0,453,1978.0,385,1982.0,694,1977.0,505,1983.0,1253,1976.0,473,1984.0,349,1975.0,493
1597988315112108032,1597988315403000064,2020-08-21 13:38:35.403000,1980.0,1985.0,1911.0,1939.0,nan,1952.083,1217958,23775547230.0,450300,1981.0,463,1980.0,177,1982.0,694,1979.0,701,1983.0,1253,1978.0,385,1984.0,349,1977.0,515,1985.0,988,1976.0,473
1597988315693707008,1597988315878000128,2020-08-21 13:38:35.878000,1980.0,1985.0,1911.0,1939.0,nan,1952.083,1217966,23775705630.0,450304,1981.0,488,1980.0,207,1982.0,694,1979.0,700,1983.0,1253,1978.0,385,1984.0,349,1977.0,513,1985.0,998,1976.0,473
1597988316130080000,1597988316420000000,2020-08-21 13:38:36.420000,1980.0,1985.0,1911.0,1939.0,nan,1952.083,1217974,23775864030.0,450307,1981.0,495,1980.0,199,1982.0,694,1979.0,700,1983.0,1253,1978.0,385,1984.0,349,1977.0,513,1985.0,999,1976.0,473
1597988316633903104,1597988316920999936,2020-08-21 13:38:36.921000,1980.0,1985.0,1911.0,1939.0,nan,1952.084,1218018,23776735230.0,450309,1981.0,509,1980.0,154,1982.0,694,1979.0,699,1983.0,1253,1978.0,385,1984.0,349,1977.0,513,1985.0,999,1976.0,473
1597988317129241088,1597988317431000064,2020-08-21 13:38:37.431000,1980.0,1985.0,1911.0,1939.0,nan,1952.088,1218181,23779962640.0,450381,1980.0,105,1979.0,699,1981.0,520,1978.0,385,1982.0,695,1977.0,513,1983.0,1253,1976.0,474,1984.0,349,1975.0,493
1597988317616752128,1597988317900999936,2020-08-21 13:38:37.901000,1980.0,1985.0,1911.0,1939.0,nan,1952.088,1218181,23779962640.0,450381,1980.0,160,1979.0,699,1981.0,519,1978.0,385,1982.0,694,1977.0,513,1983.0,1253,1976.0,474,1984.0,349,1975.0,493
1597988318166796032,1597988318714999808,2020-08-21 13:38:38.715000,1980.0,1985.0,1911.0,1939.0,nan,1952.088,1218183,23780002240.0,450380,1980.0,164,1979.0,700,1981.0,546,1978.0,385,1982.0,694,1977.0,513,1983.0,1254,1976.0,474,1984.0,349,1975.0,493
1597988318605310976,1597988318931000064,2020-08-21 13:38:38.931000,1979.0,1985.0,1911.0,1939.0,nan,1952.088,1218185,23780041820.0,450380,1980.0,215,1979.0,698,1981.0,546,1978.0,385,1982.0,694,1977.0,513,1983.0,1254,1976.0,474,1984.0,349,1975.0,493
1597988319115834880,1597988319404000000,2020-08-21 13:38:39.404000,1979.0,1985.0,1911.0,1939.0,nan,1952.088,1218185,23780041820.0,450380,1980.0,262,1979.0,700,1981.0,571,1978.0,385,1982.0,695,1977.0,513,1983.0,1254,1976.0,474,1984.0,349,1975.0,493
1597988319629961984,1597988319927000064,2020-08-21 13:38:39.927000,1980.0,1985.0,1911.0,1939.0,nan,1952.088,1218186,23780061620.0,450379,1980.0,269,1979.0,691,1981.0,571,1978.0,385,1982.0,694,1977.0,512,1983.0,1254,1976.0,474,1984.0,349,1975.0,493
1597988320139884032,1597988320428999936,2020-08-21 13:38:40.429000,1979.0,1985.0,1911.0,1939.0,nan,1952.089,1218237,23781071410.0,450329,1980.0,214,1979.0,691,1981.0,518,1978.0,385,1982.0,694,1977.0,512,1983.0,1254,1976.0,474,1984.0,349,1975.0,493
1597988320621341952,1597988320934000128,2020-08-21 13:38:40.934000,1980.0,1985.0,1911.0,1939.0,nan,1952.089,1218243,23781190170.0,450326,1980.0,201,1979.0,687,1981.0,518,1978.0,385,1982.0,694,1977.0,513,1983.0,1254,1976.0,474,1984.0,349,1975.0,493
1597988321140973056,1597988321436999936,2020-08-21 13:38:41.437000,1979.0,1985.0,1911.0,1939.0,nan,1952.09,1218283,23781982130.0,450292,1980.0,176,1979.0,683,1981.0,515,1978.0,386,1982.0,694,1977.0,513,1983.0,1254,1976.0,474,1984.0,349,1975.0,493
1597988321625944064,1597988321938999808,2020-08-21 13:38:41.939000,1980.0,1985.0,1911.0,1939.0,nan,1952.09,1218294,23782199830.0,450281,1980.0,180,1979.0,673,1981.0,515,1978.0,386,1982.0,690,1977.0,513,1983.0,1254,1976.0,474,1984.0,349,1975.0,493
1597988322130063872,1597988322426000128,2020-08-21 13:38:42.426000,1979.0,1985.0,1911.0,1939.0,nan,1952.09,1218296,23782239420.0,450279,1980.0,245,1979.0,672,1981.0,515,1978.0,385,1982.0,673,1977.0,513,1983.0,1254,1976.0,474,1984.0,349,1975.0,493
1597988322636192000,1597988322928999936,2020-08-21 13:38:42.929000,1979.0,1985.0,1911.0,1939.0,nan,1952.09,1218296,23782239420.0,450279,1980.0,258,1979.0,673,1981.0,517,1978.0,385,1982.0,675,1977.0,513,1983.0,1253,1976.0,474,1984.0,347,1975.0,493
1597988323131450112,1597988323428999936,2020-08-21 13:38:43.429000,1980.0,1985.0,1911.0,1939.0,nan,1952.09,1218298,23782279020.0,450278,1980.0,330,1979.0,674,1981.0,517,1978.0,385,1982.0,675,1977.0,513,1983.0,1253,1976.0,474,1984.0,347,1975.0,493
1597988323627152896,1597988323924999936,2020-08-21 13:38:43.925000,1979.0,1985.0,1911.0,1939.0,nan,1952.09,1218299,23782298810.0,450278,1980.0,529,1979.0,676,1981.0,516,1978.0,387,1982.0,685,1977.0,513,1983.0,1253,1976.0,474,1984.0,347,1975.0,493
1597988324108983040,1597988324424999936,2020-08-21 13:38:44.425000,1980.0,1985.0,1911.0,1939.0,nan,1952.091,1218301,23782338410.0,450278,1980.0,552,1979.0,677,1981.0,511,1978.0,387,1982.0,685,1977.0,513,1983.0,1252,1976.0,474,1984.0,347,1975.0,493
1597988324629434112,1597988324895000064,2020-08-21 13:38:44.895000,1979.0,1985.0,1911.0,1939.0,nan,1952.096,1218551,23787285910.0,450161,1980.0,583,1979.0,426,1981.0,511,1978.0,387,1982.0,685,1977.0,513,1983.0,1252,1976.0,474,1984.0,348,1975.0,493
1597988325137082112,1597988325424000000,2020-08-21 13:38:45.424000,1979.0,1985.0,1911.0,1939.0,nan,1952.105,1218939,23794964430.0,450221,1979.0,411,1978.0,387,1980.0,585,1977.0,513,1981.0,515,1976.0,474,1982.0,685,1975.0,493,1983.0,1252,1974.0,304
1597988325677788928,1597988325935000064,2020-08-21 13:38:45.935000,1978.0,1985.0,1911.0,1939.0,nan,1952.105,1218949,23795162310.0,450221,1979.0,464,1978.0,453,1980.0,602,1977.0,513,1981.0,515,1976.0,474,1982.0,685,1975.0,522,1983.0,1259,1974.0,304
1597988326232241920,1597988326413000192,2020-08-21 13:38:46.413000,1978.0,1985.0,1911.0,1939.0,nan,1952.105,1218970,23795577830.0,450215,1979.0,461,1978.0,454,1980.0,613,1977.0,523,1981.0,515,1976.0,474,1982.0,685,1975.0,522,1983.0,1259,1974.0,305
1597988326700055040,1597988326921999872,2020-08-21 13:38:46.922000,1978.0,1985.0,1911.0,1939.0,nan,1952.106,1218993,23796032890.0,450216,1979.0,459,1978.0,443,1980.0,613,1977.0,523,1981.0,514,1976.0,474,1982.0,685,1975.0,523,1983.0,1258,1974.0,305
1597988327123599104,1597988327434000128,2020-08-21 13:38:47.434000,1978.0,1985.0,1911.0,1939.0,nan,1952.106,1218995,23796072450.0,450216,1979.0,461,1978.0,449,1980.0,613,1977.0,523,1981.0,513,1976.0,474,1982.0,685,1975.0,523,1983.0,1258,1974.0,305
1597988327633833984,1597988327936999936,2020-08-21 13:38:47.937000,1979.0,1985.0,1911.0,1939.0,nan,1952.107,1219042,23797002160.0,450221,1979.0,456,1978.0,396,1980.0,615,1977.0,523,1981.0,529,1976.0,474,1982.0,686,1975.0,523,1983.0,1258,1974.0,305
1597988328252334080,1597988328431000064,2020-08-21 13:38:48.431000,1979.0,1985.0,1911.0,1939.0,nan,1952.107,1219059,23797338430.0,450224,1979.0,509,1978.0,365,1980.0,618,1977.0,523,1981.0,530,1976.0,475,1982.0,686,1975.0,523,1983.0,1258,1974.0,305
1597988328643020032,1597988328881999872,2020-08-21 13:38:48.882000,1979.0,1985.0,1911.0,1939.0,nan,1952.11,1219200,23800128420.0,450170,1979.0,410,1978.0,339,1980.0,629,1977.0,524,1981.0,530,1976.0,475,1982.0,686,1975.0,523,1983.0,1258,1974.0,305
1597988329262839040,1597988329400000000,2020-08-21 13:38:49.400000,1978.0,1985.0,1911.0,1939.0,nan,1952.11,1219205,23800227330.0,450171,1979.0,410,1978.0,352,1980.0,649,1977.0,522,1981.0,530,1976.0,475,1982.0,686,1975.0,523,1983.0,1258,1974.0,305
1597988329627932928,1597988329930000128,2020-08-21 13:38:49.930000,1978.0,1985.0,1911.0,1939.0,nan,1952.119,1219614,23808317400.0,450263,1978.0,180,1977.0,532,1979.0,433,1976.0,473,1980.0,649,1975.0,523,1981.0,531,1974.0,305,1982.0,686,1973.0,361
1597988330149581056,1597988330434000128,2020-08-21 13:38:50.434000,1978.0,1985.0,1911.0,1939.0,nan,1952.123,1219820,23812392080.0,450171,1979.0,450,1978.0,206,1980.0,649,1977.0,536,1981.0,509,1976.0,473,1982.0,686,1975.0,522,1983.0,1267,1974.0,318
1597988330652140032,1597988330931000064,2020-08-21 13:38:50.931000,1978.0,1985.0,1911.0,1939.0,nan,1952.124,1219830,23812589880.0,450166,1979.0,462,1978.0,308,1980.0,647,1977.0,534,1981.0,509,1976.0,483,1982.0,686,1975.0,522,1983.0,1267,1974.0,318
1597988331135013888,1597988331408000000,2020-08-21 13:38:51.408000,1978.0,1985.0,1911.0,1939.0,nan,1952.124,1219831,23812609660.0,450165,1979.0,460,1978.0,338,1980.0,647,1977.0,533,1981.0,497,1976.0,483,1982.0,684,1975.0,512,1983.0,1267,1974.0,318
1597988331618157056,1597988331923000064,2020-08-21 13:38:51.923000,1978.0,1985.0,1911.0,1939.0,nan,1952.124,1219832,23812629440.0,450164,1979.0,449,1978.0,339,1980.0,595,1977.0,534,1981.0,498,1976.0,483,1982.0,683,1975.0,512,1983.0,1257,1974.0,318
1597988332184243968,1597988332427000064,2020-08-21 13:38:52.427000,1979.0,1985.0,1911.0,1939.0,nan,1952.124,1219851,23813005270.0,450147,1979.0,448,1978.0,321,1980.0,595,1977.0,531,1981.0,497,1976.0,483,1982.0,690,1975.0,512,1983.0,1258,1974.0,318
1597988332697553920,1597988332932000000,2020-08-21 13:38:52.932000,1978.0,1985.0,1911.0,1939.0,nan,1952.124,1219853,23813044830.0,450145,1979.0,450,1978.0,320,1980.0,596,1977.0,532,1981.0,496,1976.0,484,1982.0,690,1975.0,514,1983.0,1242,1974.0,318
1597988333146160896,1597988333436000000,2020-08-21 13:38:53.436000,1978.0,1985.0,1911.0,1939.0,nan,1952.125,1219909,23814152510.0,450129,1979.0,451,1978.0,255,1980.0,586,1977.0,531,1981.0,496,1976.0,484,1982.0,690,1975.0,514,1983.0,1242,1974.0,318
1597988333754872064,1597988333913000192,2020-08-21 13:38:53.913000,1978.0,1985.0,1911.0,1939.0,nan,1952.126,1219919,23814350320.0,450124,1979.0,451,1978.0,252,1980.0,587,1977.0,530,1981.0,496,1976.0,484,1982.0,690,1975.0,513,1983.0,1242,1974.0,318
1597988334149980928,1597988334436000000,2020-08-21 13:38:54.436000,1978.0,1985.0,1911.0,1939.0,nan,1952.126,1219940,23814765700.0,450103,1979.0,453,1978.0,238,1980.0,587,1977.0,531,1981.0,489,1976.0,484,1982.0,690,1975.0,513,1983.0,1242,1974.0,318
1597988334654310912,1597988334927000064,2020-08-21 13:38:54.927000,1978.0,1985.0,1911.0,1939.0,nan,1952.126,1219941,23814785480.0,450103,1979.0,453,1978.0,384,1980.0,586,1977.0,532,1981.0,489,1976.0,484,1982.0,670,1975.0,513,1983.0,1242,1974.0,318
1597988335155397120,1597988335376000000,2020-08-21 13:38:55.376000,1978.0,1985.0,1911.0,1939.0,nan,1952.126,1219962,23815200860.0,450082,1979.0,456,1978.0,391,1980.0,589,1977.0,545,1981.0,483,1976.0,483,1982.0,670,1975.0,513,1983.0,1242,1974.0,318
1597988335671571968,1597988335924999936,2020-08-21 13:38:55.925000,1978.0,1985.0,1911.0,1939.0,nan,1952.127,1219968,23815319550.0,450081,1979.0,460,1978.0,388,1980.0,588,1977.0,546,1981.0,471,1976.0,483,1982.0,660,1975.0,523,1983.0,1242,1974.0,318
1597988336170727936,1597988336403000064,2020-08-21 13:38:56.403000,1978.0,1985.0,1911.0,1939.0,nan,1952.129,1220081,23817555300.0,450035,1979.0,325,1978.0,366,1980.0,588,1977.0,546,1981.0,464,1976.0,483,1982.0,660,1975.0,525,1983.0,1231,1974.0,318
1597988336615499008,1597988336936999936,2020-08-21 13:38:56.937000,1978.0,1985.0,1911.0,1939.0,nan,1952.129,1220084,23817614660.0,450034,1979.0,363,1978.0,443,1980.0,588,1977.0,547,1981.0,462,1976.0,482,1982.0,661,1975.0,527,1983.0,1231,1974.0,318
1597988337141529088,1597988337416999936,2020-08-21 13:38:57.417000,1978.0,1985.0,1911.0,1939.0,nan,1952.129,1220084,23817614660.0,450034,1979.0,364,1978.0,459,1980.0,588,1977.0,547,1981.0,461,1976.0,482,1982.0,663,1975.0,526,1983.0,1231,1974.0,318
1597988337641820928,1597988337934000128,2020-08-21 13:38:57.934000,1979.0,1985.0,1911.0,1939.0,nan,1952.129,1220096,23817852040.0,450027,1979.0,363,1978.0,457,1980.0,587,1977.0,547,1981.0,461,1976.0,482,1982.0,658,1975.0,527,1983.0,1231,1974.0,318
1597988338138774016,1597988338428000000,2020-08-21 13:38:58.428000,1978.0,1985.0,1911.0,1939.0,nan,1952.129,1220097,23817871820.0,450027,1979.0,361,1978.0,461,1980.0,577,1977.0,551,1981.0,461,1976.0,482,1982.0,658,1975.0,527,1983.0,1231,1974.0,318
1597988338631950080,1597988338928999936,2020-08-21 13:38:58.929000,1978.0,1985.0,1911.0,1939.0,nan,1952.129,1220097,23817871820.0,450027,1979.0,361,1978.0,470,1980.0,577,1977.0,551,1981.0,461,1976.0,482,1982.0,657,1975.0,527,1983.0,1231,1974.0,318
1597988339275452928,1597988339424000000,2020-08-21 13:38:59.424000,1979.0,1985.0,1911.0,1939.0,nan,1952.13,1220108,23818089460.0,450031,1979.0,356,1978.0,466,1980.0,576,1977.0,552,1981.0,461,1976.0,482,1982.0,657,1975.0,527,1983.0,1231,1974.0,318
1597988339636995072,1597988339934000128,2020-08-21 13:38:59.934000,1979.0,1985.0,1911.0,1939.0,nan,1952.13,1220108,23818089460.0,450031,1979.0,357,1978.0,485,1980.0,579,1977.0,552,1981.0,461,1976.0,479,1982.0,657,1975.0,540,1983.0,1231,1974.0,318
1597988340138685952,1597988340432000000,2020-08-21 13:39:00.432000,1978.0,1985.0,1911.0,1939.0,nan,1952.13,1220118,23818287260.0,450031,1979.0,358,1978.0,477,1980.0,579,1977.0,552,1981.0,461,1976.0,478,1982.0,657,1975.0,549,1983.0,1231,1974.0,318
1597988340667585024,1597988340924000000,2020-08-21 13:39:00.924000,1978.0,1985.0,1911.0,1939.0,nan,1952.13,1220119,23818307040.0,450031,1979.0,377,1978.0,482,1980.0,591,1977.0,551,1981.0,461,1976.0,478,1982.0,658,1975.0,530,1983.0,1231,1974.0,318
1597988341140997120,1597988341415000064,2020-08-21 13:39:01.415000,1978.0,1985.0,1911.0,1939.0,nan,1952.13,1220124,23818405940.0,450031,1979.0,377,1978.0,526,1980.0,591,1977.0,551,1981.0,461,1976.0,478,1982.0,658,1975.0,530,1983.0,1232,1974.0,318
1597988341659613952,1597988341936999936,2020-08-21 13:39:01.937000,1979.0,1985.0,1911.0,1939.0,nan,1952.13,1220125,23818425730.0,450031,1979.0,381,1978.0,527,1980.0,592,1977.0,551,1981.0,460,1976.0,478,1982.0,658,1975.0,530,1983.0,1232,1974.0,318
1597988342166948096,1597988342410000128,2020-08-21 13:39:02.410000,1979.0,1985.0,1911.0,1939.0,nan,1952.13,1220128,23818485090.0,450031,1979.0,319,1978.0,528,1980.0,592,1977.0,552,1981.0,459,1976.0,479,1982.0,655,1975.0,530,1983.0,1232,1974.0,318
1597988342725036032,1597988342924999936,2020-08-21 13:39:02.925000,1979.0,1985.0,1911.0,1939.0,nan,1952.137,1220459,23825035580.0,450094,1980.0,591,1979.0,395,1981.0,448,1978.0,530,1982.0,655,1977.0,552,1983.0,1230,1976.0,481,1984.0,354,1975.0,530
1597988343140016896,1597988343435000064,2020-08-21 13:39:03.435000,1979.0,1985.0,1911.0,1939.0,nan,1952.138,1220471,23825273060.0,450092,1980.0,597,1979.0,444,1981.0,448,1978.0,548,1982.0,655,1977.0,552,1983.0,1230,1976.0,481,1984.0,354,1975.0,532
1597988343640581120,1597988343936999936,2020-08-21 13:39:03.937000,1979.0,1985.0,1911.0,1939.0,nan,1952.138,1220472,23825292850.0,450091,1980.0,619,1979.0,458,1981.0,438,1978.0,549,1982.0,655,1977.0,552,1983.0,1230,1976.0,481,1984.0,354,1975.0,532
1597988344136890880,1597988344374000128,2020-08-21 13:39:04.374000,1979.0,1985.0,1911.0,1939.0,nan,1952.138,1220477,23825391800.0,450088,1980.0,619,1979.0,471,1981.0,441,1978.0,549,1982.0,650,1977.0,552,1983.0,1230,1976.0,482,1984.0,354,1975.0,532
1597988344620459008,1597988344918999808,2020-08-21 13:39:04.919000,1979.0,1985.0,1911.0,1939.0,nan,1952.138,1220477,23825391800.0,450088,1980.0,617,1979.0,502,1981.0,441,1978.0,524,1982.0,645,1977.0,552,1983.0,1230,1976.0,482,1984.0,354,1975.0,532
1597988345143560960,1597988345416999936,2020-08-21 13:39:05.417000,1979.0,1985.0,1911.0,1939.0,nan,1952.138,1220477,23825391800.0,450088,1980.0,617,1979.0,502,1981.0,441,1978.0,559,1982.0,644,1977.0,553,1983.0,1231,1976.0,484,1984.0,354,1975.0,535
1597988345642352896,1597988345923000064,2020-08-21 13:39:05.923000,1979.0,1985.0,1911.0,1939.0,nan,1952.138,1220479,23825431380.0,450087,1980.0,619,1979.0,506,1981.0,441,1978.0,559,1982.0,644,1977.0,552,1983.0,1231,1976.0,484,1984.0,354,1975.0,535
1597988346157003008,1597988346420999936,2020-08-21 13:39:06.421000,1980.0,1985.0,1911.0,1939.0,nan,1952.138,1220480,23825451180.0,450087,1980.0,595,1979.0,507,1981.0,440,1978.0,560,1982.0,644,1977.0,553,1983.0,1231,1976.0,485,1984.0,354,1975.0,535
1597988346649608960,1597988346920000000,2020-08-21 13:39:06.920000,1980.0,1985.0,1911.0,1939.0,nan,1952.138,1220483,23825510570.0,450086,1980.0,594,1979.0,506,1981.0,440,1978.0,560,1982.0,644,1977.0,553,1983.0,1223,1976.0,484,1984.0,354,1975.0,572
1597988347378725888,1597988347420999936,2020-08-21 13:39:07.421000,1980.0,1985.0,1911.0,1939.0,nan,1952.138,1220483,23825510570.0,450086,1980.0,595,1979.0,508,1981.0,439,1978.0,559,1982.0,644,1977.0,553,1983.0,1223,1976.0,485,1984.0,354,1975.0,572
1597988347649018880,1597988347923000064,2020-08-21 13:39:07.923000,1980.0,1985.0,1911.0,1939.0,nan,1952.138,1220489,23825629340.0,450081,1980.0,596,1979.0,520,1981.0,448,1978.0,559,1982.0,645,1977.0,553,1983.0,1223,1976.0,486,1984.0,354,1975.0,572
1597988348143921920,1597988348430000128,2020-08-21 13:39:08.430000,1980.0,1985.0,1911.0,1939.0,nan,1952.138,1220494,23825728340.0,450085,1980.0,592,1979.0,522,1981.0,447,1978.0,559,1982.0,645,1977.0,553,1983.0,1223,1976.0,486,1984.0,354,1975.0,572
1597988348640069120,1597988348932000000,2020-08-21 13:39:08.932000,1980.0,1985.0,1911.0,1939.0,nan,1952.138,1220494,23825728340.0,450085,1980.0,601,1979.0,522,1981.0,446,1978.0,560,1982.0,644,1977.0,553,1983.0,1222,1976.0,486,1984.0,354,1975.0,577
1597988349123473920,1597988349437999872,2020-08-21 13:39:09.438000,1979.0,1985.0,1911.0,1939.0,nan,1952.138,1220496,23825767930.0,450085,1980.0,600,1979.0,521,1981.0,446,1978.0,560,1982.0,645,1977.0,535,1983.0,1221,1976.0,486,1984.0,354,1975.0,577
1597988349607931904,1597988349898000128,2020-08-21 13:39:09.898000,1979.0,1985.0,1911.0,1939.0,nan,1952.138,1220498,23825807520.0,450086,1980.0,580,1979.0,520,1981.0,446,1978.0,578,1982.0,645,1977.0,535,1983.0,1221,1976.0,486,1984.0,353,1975.0,577
1597988350114830080,1597988350412000000,2020-08-21 13:39:10.412000,1979.0,1985.0,1911.0,1939.0,nan,1952.138,1220510,23826045110.0,450096,1980.0,582,1979.0,519,1981.0,446,1978.0,579,1982.0,645,1977.0,535,1983.0,1221,1976.0,489,1984.0,353,1975.0,583
1597988350659961088,1597988350888000000,2020-08-21 13:39:10.888000,1980.0,1985.0,1911.0,1939.0,nan,1952.139,1220513,23826104510.0,450099,1980.0,581,1979.0,530,1981.0,446,1978.0,580,1982.0,644,1977.0,535,1983.0,1221,1976.0,490,1984.0,353,1975.0,587
1597988351145273088,1597988351423000064,2020-08-21 13:39:11.423000,1980.0,1985.0,1911.0,1939.0,nan,1952.139,1220513,23826104510.0,450099,1980.0,581,1979.0,531,1981.0,446,1978.0,580,1982.0,644,1977.0,535,1983.0,1221,1976.0,491,1984.0,353,1975.0,589
1597988351767386112,1597988351935000064,2020-08-21 13:39:11.935000,1980.0,1985.0,1911.0,1939.0,nan,1952.139,1220516,23826163900.0,450101,1980.0,583,1979.0,537,1981.0,446,1978.0,580,1982.0,643,1977.0,535,1983.0,1221,1976.0,491,1984.0,353,1975.0,590
1597988352125266944,1597988352436999936,2020-08-21 13:39:12.437000,1980.0,1985.0,1911.0,1939.0,nan,1952.139,1220516,23826163900.0,450101,1980.0,586,1979.0,540,1981.0,446,1978.0,581,1982.0,643,1977.0,535,1983.0,1221,1976.0,491,1984.0,353,1975.0,590
1597988352687397120,1597988352927000064,2020-08-21 13:39:12.927000,1979.0,1985.0,1911.0,1939.0,nan,1952.139,1220518,23826203490.0,450102,1980.0,586,1979.0,620,1981.0,447,1978.0,581,1982.0,643,1977.0,534,1983.0,1221,1976.0,491,1984.0,353,1975.0,600
1597988353178573056,1597988353404999936,2020-08-21 13:39:13.405000,1980.0,1985.0,1911.0,1939.0,nan,1952.139,1220532,23826480690.0,450100,1980.0,578,1979.0,620,1981.0,447,1978.0,581,1982.0,645,1977.0,534,1983.0,1221,1976.0,491,1984.0,353,1975.0,600
1597988353632962048,1597988353924999936,2020-08-21 13:39:13.925000,1979.0,1985.0,1911.0,1939.0,nan,1952.139,1220533,23826500480.0,450099,1980.0,578,1979.0,619,1981.0,447,1978.0,587,1982.0,646,1977.0,534,1983.0,1221,1976.0,493,1984.0,353,1975.0,600
1597988354131215104,1597988354382999808,2020-08-21 13:39:14.383000,1979.0,1985.0,1911.0,1939.0,nan,1952.139,1220535,23826540060.0,450097,1980.0,578,1979.0,620,1981.0,447,1978.0,585,1982.0,646,1977.0,535,1983.0,1217,1976.0,493,1984.0,353,1975.0,600
1597988354635398912,1597988354903000064,2020-08-21 13:39:14.903000,1980.0,1985.0,1911.0,1939.0,nan,1952.139,1220536,23826559860.0,450097,1980.0,577,1979.0,640,1981.0,447,1978.0,542,1982.0,646,1977.0,535,1983.0,1217,1976.0,493,1984.0,353,1975.0,600
1597988355123629056,1597988355434000128,2020-08-21 13:39:15.434000,1979.0,1985.0,1911.0,1939.0,nan,1952.139,1220538,23826599450.0,450098,1980.0,576,1979.0,640,1981.0,449,1978.0,542,1982.0,646,1977.0,535,1983.0,1217,1976.0,493,1984.0,353,1975.0,600
1597988355631847936,1597988355934000128,2020-08-21 13:39:15.934000,1979.0,1985.0,1911.0,1939.0,nan,1952.139,1220541,23826658820.0,450095,1980.0,577,1979.0,637,1981.0,448,1978.0,542,1982.0,646,1977.0,535,1983.0,1217,1976.0,493,1984.0,355,1975.0,600
1597988356126141952,1597988356436000000,2020-08-21 13:39:16.436000,1979.0,1985.0,1911.0,1939.0,nan,1952.139,1220541,23826658820.0,450095,1980.0,579,1979.0,637,1981.0,448,1978.0,541,1982.0,646,1977.0,570,1983.0,1218,1976.0,493,1984.0,355,1975.0,600
1597988356630555904,1597988356924999936,2020-08-21 13:39:16.925000,1980.0,1985.0,1911.0,1939.0,nan,1952.139,1220542,23826678620.0,450096,1980.0,585,1979.0,638,1981.0,445,1978.0,463,1982.0,646,1977.0,570,1983.0,1218,1976.0,498,1984.0,355,1975.0,603
1597988357130433024,1597988357430000128,2020-08-21 13:39:17.430000,1980.0,1985.0,1911.0,1939.0,nan,1952.139,1220547,23826777620.0,450097,1980.0,579,1979.0,638,1981.0,445,1978.0,463,1982.0,646,1977.0,571,1983.0,1218,1976.0,500,1984.0,355,1975.0,603
1597988357631249920,1597988357931000064,2020-08-21 13:39:17.931000,1980.0,1985.0,1911.0,1939.0,nan,1952.139,1220551,23826856820.0,450096,1980.0,579,1979.0,640,1981.0,445,1978.0,463,1982.0,646,1977.0,571,1983.0,1219,1976.0,498,1984.0,355,1975.0,603
1597988358131314944,1597988358344000000,2020-08-21 13:39:18.344000,1980.0,1985.0,1911.0,1939.0,nan,1952.139,1220551,23826856820.0,450096,1980.0,582,1979.0,640,1981.0,445,1978.0,465,1982.0,646,1977.0,571,1983.0,1219,1976.0,498,1984.0,353,1975.0,603
1597988358631578880,1597988358920000000,2020-08-21 13:39:18.920000,1979.0,1985.0,1911.0,1939.0,nan,1952.139,1220556,23826955800.0,450093,1980.0,580,1979.0,638,1981.0,445,1978.0,465,1982.0,646,1977.0,571,1983.0,1219,1976.0,498,1984.0,353,1975.0,603
1597988359126590976,1597988359424999936,2020-08-21 13:39:19.425000,1979.0,1985.0,1911.0,1939.0,nan,1952.14,1220559,23827015180.0,450091,1980.0,585,1979.0,635,1981.0,445,1978.0,465,1982.0,646,1977.0,571,1983.0,1219,1976.0,498,1984.0,353,1975.0,598
1597988359620478976,1597988359923000064,2020-08-21 13:39:19.923000,1980.0,1985.0,1911.0,1939.0,nan,1952.14,1220561,23827054780.0,450090,1980.0,383,1979.0,636,1981.0,445,1978.0,465,1982.0,646,1977.0,571,1983.0,1219,1976.0,498,1984.0,353,1975.0,598
1597988360125459968,1597988360408999936,2020-08-21 13:39:20.409000,1980.0,1985.0,1911.0,1939.0,nan,1952.14,1220561,23827054780.0,450090,1980.0,357,1979.0,637,1981.0,445,1978.0,465,1982.0,646,1977.0,571,1983.0,1219,1976.0,498,1984.0,353,1975.0,598
1597988360619844096,1597988360845999872,2020-08-21 13:39:20.846000,1980.0,1985.0,1911.0,1939.0,nan,1952.14,1220569,23827213180.0,450090,1980.0,356,1979.0,637,1981.0,445,1978.0,465,1982.0,644,1977.0,581,1983.0,1219,1976.0,498,1984.0,353,1975.0,588
1597988361129730048,1597988361430000128,2020-08-21 13:39:21.430000,1980.0,1985.0,1911.0,1939.0,nan,1952.141,1220601,23827846780.0,450082,1980.0,324,1979.0,637,1981.0,445,1978.0,461,1982.0,644,1977.0,582,1983.0,1187,1976.0,498,1984.0,353,1975.0,588
1597988361624098048,1597988361904000000,2020-08-21 13:39:21.904000,1980.0,1985.0,1911.0,1939.0,nan,1952.141,1220607,23827965570.0,450081,1980.0,350,1979.0,635,1981.0,457,1978.0,461,1982.0,644,1977.0,582,1983.0,1185,1976.0,500,1984.0,353,1975.0,588
1597988362126951936,1597988362424999936,2020-08-21 13:39:22.425000,1980.0,1985.0,1911.0,1939.0,nan,1952.141,1220610,23828024970.0,450080,1980.0,351,1979.0,637,1981.0,458,1978.0,468,1982.0,644,1977.0,582,1983.0,1186,1976.0,499,1984.0,354,1975.0,588
1597988362670241024,1597988362903000064,2020-08-21 13:39:22.903000,1980.0,1985.0,1911.0,1939.0,nan,1952.141,1220614,23828104170.0,450078,1980.0,347,1979.0,684,1981.0,458,1978.0,468,1982.0,644,1977.0,582,1983.0,1186,1976.0,500,1984.0,354,1975.0,588
1597988363140421120,1597988363433000192,2020-08-21 13:39:23.433000,1980.0,1985.0,1911.0,1939.0,nan,1952.141,1220616,23828143770.0,450077,1980.0,345,1979.0,685,1981.0,458,1978.0,468,1982.0,644,1977.0,582,1983.0,1187,1976.0,500,1984.0,351,1975.0,588
1597988363628525056,1597988363923000064,2020-08-21 13:39:23.923000,1980.0,1985.0,1911.0,1939.0,nan,1952.141,1220618,23828183370.0,450076,1980.0,343,1979.0,685,1981.0,458,1978.0,468,1982.0,645,1977.0,582,1983.0,1187,1976.0,500,1984.0,351,1975.0,588
1597988364116638976,1597988364416000000,2020-08-21 13:39:24.416000,1980.0,1985.0,1911.0,1939.0,nan,1952.141,1220619,23828203170.0,450076,1980.0,343,1979.0,686,1981.0,460,1978.0,468,1982.0,650,1977.0,582,1983.0,1188,1976.0,500,1984.0,351,1975.0,588
1597988364618042880,1597988364924999936,2020-08-21 13:39:24.925000,1980.0,1985.0,1911.0,1939.0,nan,1952.141,1220620,23828222970.0,450076,1980.0,352,1979.0,687,1981.0,460,1978.0,468,1982.0,650,1977.0,582,1983.0,1188,1976.0,500,1984.0,351,1975.0,588
1597988365133448960,1597988365427000064,2020-08-21 13:39:25.427000,1980.0,1985.0,1911.0,1939.0,nan,1952.141,1220621,23828242770.0,450076,1980.0,352,1979.0,687,1981.0,460,1978.0,468,1982.0,650,1977.0,583,1983.0,1189,1976.0,512,1984.0,351,1975.0,588
1597988365611497984,1597988365927000064,2020-08-21 13:39:25.927000,1980.0,1985.0,1911.0,1939.0,nan,1952.141,1220622,23828262570.0,450077,1980.0,352,1979.0,688,1981.0,460,1978.0,513,1982.0,655,1977.0,582,1983.0,1189,1976.0,512,1984.0,351,1975.0,587
1597988366149007104,1597988366421999872,2020-08-21 13:39:26.422000,1979.0,1985.0,1911.0,1939.0,nan,1952.141,1220629,23828401160.0,450078,1980.0,340,1979.0,691,1981.0,460,1978.0,514,1982.0,655,1977.0,582,1983.0,1189,1976.0,512,1984.0,351,1975.0,587
1597988366653097984,1597988366920000000,2020-08-21 13:39:26.920000,1980.0,1985.0,1911.0,1939.0,nan,1952.149,1220970,23835152960.0,450205,1981.0,460,1980.0,367,1982.0,657,1979.0,698,1983.0,1189,1978.0,514,1984.0,351,1977.0,582,1985.0,1006,1976.0,512
1597988367134936064,1597988367416000000,2020-08-21 13:39:27.416000,1981.0,1985.0,1911.0,1939.0,nan,1952.149,1220974,23835232170.0,450208,1981.0,497,1980.0,472,1982.0,657,1979.0,665,1983.0,1191,1978.0,518,1984.0,335,1977.0,583,1985.0,991,1976.0,511
1597988367666544896,1597988367901999872,2020-08-21 13:39:27.902000,1981.0,1985.0,1911.0,1939.0,nan,1952.149,1220978,23835311410.0,450206,1981.0,494,1980.0,538,1982.0,657,1979.0,664,1983.0,1191,1978.0,518,1984.0,332,1977.0,583,1985.0,991,1976.0,511
1597988368127720960,1597988368420999936,2020-08-21 13:39:28.421000,1980.0,1985.0,1911.0,1939.0,nan,1952.149,1220993,23835608460.0,450204,1981.0,490,1980.0,529,1982.0,658,1979.0,671,1983.0,1181,1978.0,519,1984.0,332,1977.0,583,1985.0,989,1976.0,512
1597988368621128960,1597988368928999936,2020-08-21 13:39:28.929000,1980.0,1985.0,1911.0,1939.0,nan,1952.15,1220999,23835727310.0,450204,1981.0,485,1980.0,529,1982.0,658,1979.0,669,1983.0,1181,1978.0,520,1984.0,332,1977.0,583,1985.0,989,1976.0,510
1597988369118715904,1597988369394000128,2020-08-21 13:39:29.394000,1980.0,1985.0,1911.0,1939.0,nan,1952.15,1221010,23835945120.0,450203,1981.0,474,1980.0,519,1982.0,658,1979.0,667,1983.0,1181,1978.0,520,1984.0,332,1977.0,583,1985.0,989,1976.0,510
1597988369609268992,1597988369829999872,2020-08-21 13:39:29.830000,1980.0,1985.0,1911.0,1939.0,nan,1952.153,1221134,23838400320.0,450204,1981.0,474,1980.0,396,1982.0,658,1979.0,667,1983.0,1181,1978.0,520,1984.0,332,1977.0,583,1985.0,989,1976.0,510
1597988370138834944,1597988370428999936,2020-08-21 13:39:30.429000,1980.0,1985.0,1911.0,1939.0,nan,1952.153,1221139,23838499350.0,450206,1981.0,468,1980.0,398,1982.0,658,1979.0,667,1983.0,1181,1978.0,520,1984.0,332,1977.0,583,1985.0,989,1976.0,510
1597988370633904896,1597988370926000128,2020-08-21 13:39:30.926000,1980.0,1985.0,1911.0,1939.0,nan,1952.153,1221139,23838499350.0,450206,1981.0,468,1980.0,401,1982.0,659,1979.0,666,1983.0,1181,1978.0,520,1984.0,332,1977.0,583,1985.0,989,1976.0,510
1597988371131150080,1597988371364000000,2020-08-21 13:39:31.364000,1980.0,1985.0,1911.0,1939.0,nan,1952.153,1221139,23838499350.0,450206,1981.0,468,1980.0,405,1982.0,649,1979.0,667,1983.0,1181,1978.0,520,1984.0,332,1977.0,583,1985.0,989,1976.0,510
1597988371637019904,1597988371914000128,2020-08-21 13:39:31.914000,1980.0,1985.0,1911.0,1939.0,nan,1952.153,1221140,23838519150.0,450207,1981.0,472,1980.0,407,1982.0,648,1979.0,668,1983.0,1181,1978.0,520,1984.0,332,1977.0,583,1985.0,988,1976.0,510
1597988372130507008,1597988372426000128,2020-08-21 13:39:32.426000,1980.0,1985.0,1911.0,1939.0,nan,1952.153,1221141,23838538950.0,450208,1981.0,479,1980.0,410,1982.0,651,1979.0,669,1983.0,1181,1978.0,520,1984.0,332,1977.0,583,1985.0,988,1976.0,510
1597988372635163904,1597988372927000064,2020-08-21 13:39:32.927000,1980.0,1985.0,1911.0,1939.0,nan,1952.153,1221146,23838637970.0,450212,1981.0,477,1980.0,411,1982.0,651,1979.0,669,1983.0,1182,1978.0,520,1984.0,332,1977.0,583,1985.0,988,1976.0,510
1597988373134074112,1597988373426000128,2020-08-21 13:39:33.426000,1980.0,1985.0,1911.0,1939.0,nan,1952.153,1221152,23838756780.0,450212,1981.0,480,1980.0,410,1982.0,701,1979.0,669,1983.0,1182,1978.0,523,1984.0,332,1977.0,583,1985.0,988,1976.0,510
1597988373629996032,1597988373934000128,2020-08-21 13:39:33.934000,1980.0,1985.0,1911.0,1939.0,nan,1952.153,1221152,23838756780.0,450212,1981.0,480,1980.0,417,1982.0,701,1979.0,671,1983.0,1182,1978.0,478,1984.0,332,1977.0,583,1985.0,988,1976.0,510
1597988374119731968,1597988374433000192,2020-08-21 13:39:34.433000,1980.0,1985.0,1911.0,1939.0,nan,1952.153,1221160,23838915180.0,450212,1981.0,480,1980.0,409,1982.0,707,1979.0,671,1983.0,1182,1978.0,481,1984.0,332,1977.0,583,1985.0,988,1976.0,510
1597988374692526080,1597988374936999936,2020-08-21 13:39:34.937000,1980.0,1985.0,1911.0,1939.0,nan,1952.154,1221183,23839370600.0,450211,1981.0,493,1980.0,390,1982.0,705,1979.0,671,1983.0,1182,1978.0,481,1984.0,332,1977.0,583,1985.0,988,1976.0,510
1597988375131352064,1597988375430000128,2020-08-21 13:39:35.430000,1980.0,1985.0,1911.0,1939.0,nan,1952.154,1221183,23839370600.0,450211,1981.0,508,1980.0,413,1982.0,705,1979.0,671,1983.0,1182,1978.0,482,1984.0,332,1977.0,583,1985.0,988,1976.0,510
1597988375648164096,1597988375897000192,2020-08-21 13:39:35.897000,1981.0,1985.0,1911.0,1939.0,nan,1952.154,1221197,23839647810.0,450210,1981.0,520,1980.0,400,1982.0,705,1979.0,721,1983.0,1182,1978.0,481,1984.0,332,1977.0,583,1985.0,988,1976.0,511
1597988376126707968,1597988376411000064,2020-08-21 13:39:36.411000,1981.0,1985.0,1911.0,1939.0,nan,1952.154,1221197,23839647810.0,450210,1981.0,522,1980.0,401,1982.0,705,1979.0,721,1983.0,1182,1978.0,481,1984.0,332,1977.0,584,1985.0,988,1976.0,511
1597988376643984896,1597988376935000064,2020-08-21 13:39:36.935000,1980.0,1985.0,1911.0,1939.0,nan,1952.154,1221198,23839667610.0,450209,1981.0,532,1980.0,402,1982.0,705,1979.0,721,1983.0,1181,1978.0,481,1984.0,332,1977.0,585,1985.0,988,1976.0,511
1597988377133008896,1597988377420999936,2020-08-21 13:39:37.421000,1980.0,1985.0,1911.0,1939.0,nan,1952.154,1221200,23839707220.0,450209,1981.0,527,1980.0,449,1982.0,705,1979.0,721,1983.0,1183,1978.0,480,1984.0,332,1977.0,585,1985.0,989,1976.0,511
1597988377626469888,1597988377936000000,2020-08-21 13:39:37.936000,1980.0,1985.0,1911.0,1939.0,nan,1952.154,1221200,23839707220.0,450209,1981.0,528,1980.0,453,1982.0,705,1979.0,721,1983.0,1183,1978.0,481,1984.0,332,1977.0,585,1985.0,989,1976.0,511
1597988378142113024,1597988378437999872,2020-08-21 13:39:38.438000,1981.0,1985.0,1911.0,1939.0,nan,1952.154,1221202,23839746840.0,450209,1981.0,526,1980.0,454,1982.0,695,1979.0,721,1983.0,1183,1978.0,481,1984.0,332,1977.0,585,1985.0,990,1976.0,511
1597988378620449024,1597988378920999936,2020-08-21 13:39:38.921000,1980.0,1985.0,1911.0,1939.0,nan,1952.154,1221203,23839766640.0,450209,1981.0,527,1980.0,454,1982.0,695,1979.0,721,1983.0,1183,1978.0,480,1984.0,332,1977.0,585,1985.0,990,1976.0,511
1597988379116962048,1597988379394000128,2020-08-21 13:39:39.394000,1980.0,1985.0,1911.0,1939.0,nan,1952.154,1221204,23839786440.0,450208,1981.0,527,1980.0,452,1982.0,695,1979.0,721,1983.0,1183,1978.0,480,1984.0,332,1977.0,585,1985.0,990,1976.0,510
1597988379620123904,1597988379928000000,2020-08-21 13:39:39.928000,1980.0,1985.0,1911.0,1939.0,nan,1952.154,1221204,23839786440.0,450208,1981.0,530,1980.0,453,1982.0,695,1979.0,720,1983.0,1183,1978.0,480,1984.0,332,1977.0,586,1985.0,990,1976.0,510
1597988380129399040,1597988380382999808,2020-08-21 13:39:40.383000,1981.0,1985.0,1911.0,1939.0,nan,1952.154,1221205,23839806250.0,450208,1981.0,529,1980.0,453,1982.0,695,1979.0,720,1983.0,1183,1978.0,450,1984.0,332,1977.0,586,1985.0,990,1976.0,510
1597988380661728000,1597988380934000128,2020-08-21 13:39:40.934000,1981.0,1985.0,1911.0,1939.0,nan,1952.154,1221205,23839806250.0,450208,1981.0,529,1980.0,453,1982.0,695,1979.0,720,1983.0,1186,1978.0,450,1984.0,333,1977.0,585,1985.0,990,1976.0,510
1597988381148500992,1597988381404000000,2020-08-21 13:39:41.404000,1981.0,1985.0,1911.0,1939.0,nan,1952.155,1221217,23840043870.0,450208,1981.0,527,1980.0,444,1982.0,695,1979.0,720,1983.0,1186,1978.0,451,1984.0,333,1977.0,585,1985.0,990,1976.0,510
1597988381621576960,1597988381904999936,2020-08-21 13:39:41.905000,1981.0,1985.0,1911.0,1939.0,nan,1952.155,1221223,23840162730.0,450208,1981.0,522,1980.0,478,1982.0,688,1979.0,720,1983.0,1186,1978.0,451,1984.0,332,1977.0,585,1985.0,990,1976.0,510
1597988382124659968,1597988382435000064,2020-08-21 13:39:42.435000,1981.0,1985.0,1911.0,1939.0,nan,1952.155,1221226,23840222160.0,450208,1981.0,520,1980.0,479,1982.0,688,1979.0,720,1983.0,1185,1978.0,451,1984.0,332,1977.0,585,1985.0,990,1976.0,510
1597988382624832000,1597988382921999872,2020-08-21 13:39:42.922000,1981.0,1985.0,1911.0,1939.0,nan,1952.155,1221227,23840241970.0,450208,1981.0,530,1980.0,487,1982.0,687,1979.0,720,1983.0,1185,1978.0,451,1984.0,332,1977.0,585,1985.0,990,1976.0,510
1597988383119846912,1597988383423000064,2020-08-21 13:39:43.423000,1981.0,1985.0,1911.0,1939.0,nan,1952.155,1221232,23840341020.0,450208,1981.0,524,1980.0,493,1982.0,688,1979.0,720,1983.0,1185,1978.0,453,1984.0,332,1977.0,585,1985.0,990,1976.0,510
1597988383623031040,1597988383916000000,2020-08-21 13:39:43.916000,1981.0,1985.0,1911.0,1939.0,nan,1952.155,1221234,23840380630.0,450207,1981.0,523,1980.0,492,1982.0,688,1979.0,720,1983.0,1185,1978.0,453,1984.0,332,1977.0,585,1985.0,990,1976.0,510
1597988384129167104,1597988384434000128,2020-08-21 13:39:44.434000,1981.0,1985.0,1911.0,1939.0,nan,1952.155,1221236,23840420240.0,450207,1981.0,523,1980.0,491,1982.0,733,1979.0,742,1983.0,1185,1978.0,453,1984.0,332,1977.0,585,1985.0,990,1976.0,510
1597988384619322880,1597988384924000000,2020-08-21 13:39:44.924000,1980.0,1985.0,1911.0,1939.0,nan,1952.155,1221242,23840539040.0,450201,1981.0,525,1980.0,485,1982.0,733,1979.0,742,1983.0,1185,1978.0,453,1984.0,332,1977.0,585,1985.0,990,1976.0,510
1597988385138194944,1597988385400999936,2020-08-21 13:39:45.401000,1980.0,1985.0,1911.0,1939.0,nan,1952.155,1221243,23840558840.0,450201,1981.0,530,1980.0,483,1982.0,733,1979.0,742,1983.0,1185,1978.0,454,1984.0,332,1977.0,585,1985.0,990,1976.0,510
1597988385613444096,1597988385924000000,2020-08-21 13:39:45.924000,1980.0,1985.0,1911.0,1939.0,nan,1952.155,1221244,23840578640.0,450201,1981.0,531,1980.0,482,1982.0,733,1979.0,742,1983.0,1185,1978.0,455,1984.0,332,1977.0,585,1985.0,991,1976.0,510
1597988386130243072,1597988386428999936,2020-08-21 13:39:46.429000,1980.0,1985.0,1911.0,1939.0,nan,1952.155,1221244,23840578640.0,450201,1981.0,532,1980.0,484,1982.0,734,1979.0,742,1983.0,1185,1978.0,455,1984.0,332,1977.0,585,1985.0,991,1976.0,510
1597988386625520896,1597988386927000064,2020-08-21 13:39:46.927000,1981.0,1985.0,1911.0,1939.0,nan,1952.155,1221245,23840598450.0,450201,1981.0,532,1980.0,497,1982.0,734,1979.0,742,1983.0,1185,1978.0,455,1984.0,332,1977.0,585,1985.0,991,1976.0,510
1597988387140442880,1597988387426000128,2020-08-21 13:39:47.426000,1981.0,1985.0,1911.0,1939.0,nan,1952.155,1221245,23840598450.0,450201,1981.0,533,1980.0,497,1982.0,734,1979.0,742,1983.0,1185,1978.0,455,1984.0,332,1977.0,584,1985.0,991,1976.0,510
1597988387633272064,1597988387872000000,2020-08-21 13:39:47.872000,1981.0,1985.0,1911.0,1939.0,nan,1952.155,1221246,23840618260.0,450201,1981.0,532,1980.0,497,1982.0,734,1979.0,742,1983.0,1186,1978.0,456,1984.0,332,1977.0,583,1985.0,991,1976.0,510
1597988388125099008,1597988388436999936,2020-08-21 13:39:48.437000,1980.0,1985.0,1911.0,1939.0,nan,1952.155,1221248,23840657870.0,450201,1981.0,531,1980.0,497,1982.0,736,1979.0,742,1983.0,1187,1978.0,456,1984.0,332,1977.0,618,1985.0,992,1976.0,510
1597988388632110080,1597988388936000000,2020-08-21 13:39:48.936000,1981.0,1985.0,1911.0,1939.0,nan,1952.169,1221819,23851969360.0,450070,1982.0,736,1981.0,69,1983.0,1189,1980.0,498,1984.0,335,1979.0,743,1985.0,992,1978.0,456,1986.0,410,1977.0,618
1597988389136257024,1597988389374000128,2020-08-21 13:39:49.374000,1981.0,1985.0,1911.0,1939.0,nan,1952.175,1222067,23856882240.0,450052,1981.0,118,1980.0,447,1982.0,763,1979.0,740,1983.0,1189,1978.0,455,1984.0,335,1977.0,618,1985.0,1002,1976.0,510
1597988389615279104,1597988389934000128,2020-08-21 13:39:49.934000,1981.0,1985.0,1911.0,1939.0,nan,1952.175,1222070,23856941670.0,450050,1981.0,217,1980.0,513,1982.0,760,1979.0,740,1983.0,1190,1978.0,444,1984.0,335,1977.0,618,1985.0,1002,1976.0,510
1597988390161195008,1597988390432000000,2020-08-21 13:39:50.432000,1981.0,1985.0,1911.0,1939.0,nan,1952.175,1222070,23856941670.0,450050,1981.0,229,1980.0,513,1982.0,760,1979.0,740,1983.0,1190,1978.0,444,1984.0,335,1977.0,618,1985.0,1002,1976.0,510
1597988390634008064,1597988390937999872,2020-08-21 13:39:50.938000,1981.0,1985.0,1911.0,1939.0,nan,1952.175,1222088,23857298170.0,450041,1981.0,210,1980.0,513,1982.0,760,1979.0,740,1983.0,1190,1978.0,445,1984.0,335,1977.0,618,1985.0,1002,1976.0,510
1597988391142330112,1597988391348000000,2020-08-21 13:39:51.348000,1981.0,1985.0,1911.0,1939.0,nan,1952.175,1222088,23857298170.0,450041,1981.0,210,1980.0,480,1982.0,760,1979.0,740,1983.0,1190,1978.0,446,1984.0,335,1977.0,618,1985.0,1002,1976.0,510
1597988391615607040,1597988391932000000,2020-08-21 13:39:51.932000,1981.0,1985.0,1911.0,1939.0,nan,1952.175,1222089,23857317980.0,450041,1981.0,212,1980.0,470,1982.0,760,1979.0,740,1983.0,1190,1978.0,445,1984.0,335,1977.0,618,1985.0,1002,1976.0,510
1597988392119512064,1597988392435000064,2020-08-21 13:39:52.435000,1981.0,1985.0,1911.0,1939.0,nan,1952.175,1222092,23857377410.0,450039,1981.0,210,1980.0,476,1982.0,760,1979.0,740,1983.0,1190,1978.0,445,1984.0,335,1977.0,618,1985.0,1002,1976.0,510
1597988392615929088,1597988392937999872,2020-08-21 13:39:52.938000,1981.0,1985.0,1911.0,1939.0,nan,1952.175,1222092,23857377410.0,450039,1981.0,211,1980.0,477,1982.0,760,1979.0,740,1983.0,1190,1978.0,447,1984.0,335,1977.0,618,1985.0,1002,1976.0,510
1597988393164962048,1597988393432000000,2020-08-21 13:39:53.432000,1981.0,1985.0,1911.0,1939.0,nan,1952.175,1222094,23857417030.0,450038,1981.0,215,1980.0,477,1982.0,760,1979.0,749,1983.0,1190,1978.0,450,1984.0,335,1977.0,618,1985.0,1002,1976.0,510
1597988393622053888,1597988393904999936,2020-08-21 13:39:53.905000,1981.0,1985.0,1911.0,1939.0,nan,1952.176,1222106,23857654750.0,450038,1981.0,203,1980.0,487,1982.0,760,1979.0,752,1983.0,1190,1978.0,450,1984.0,335,1977.0,618,1985.0,1002,1976.0,510
1597988394117984000,1597988394424999936,2020-08-21 13:39:54.425000,1981.0,1985.0,1911.0,1939.0,nan,1952.176,1222106,23857654750.0,450038,1981.0,204,1980.0,490,1982.0,775,1979.0,752,1983.0,1190,1978.0,450,1984.0,335,1977.0,618,1985.0,1002,1976.0,510
1597988394650950912,1597988394903000064,2020-08-21 13:39:54.903000,1981.0,1985.0,1911.0,1939.0,nan,1952.176,1222110,23857733990.0,450034,1981.0,210,1980.0,501,1982.0,775,1979.0,752,1983.0,1197,1978.0,455,1984.0,337,1977.0,618,1985.0,1002,1976.0,510
1597988395134385920,1597988395416000000,2020-08-21 13:39:55.416000,1981.0,1985.0,1911.0,1939.0,nan,1952.176,1222116,23857852850.0,450028,1981.0,210,1980.0,501,1982.0,776,1979.0,753,1983.0,1197,1978.0,455,1984.0,337,1977.0,618,1985.0,1002,1976.0,511
1597988395617878016,1597988395937999872,2020-08-21 13:39:55.938000,1981.0,1985.0,1911.0,1939.0,nan,1952.176,1222132,23858169810.0,450028,1981.0,194,1980.0,503,1982.0,777,1979.0,727,1983.0,1197,1978.0,455,1984.0,337,1977.0,618,1985.0,1002,1976.0,511
1597988396137341952,1597988396436000000,2020-08-21 13:39:56.436000,1981.0,1985.0,1911.0,1939.0,nan,1952.181,1222329,23862072370.0,450113,1982.0,776,1981.0,228,1983.0,1197,1980.0,504,1984.0,337,1979.0,727,1985.0,1002,1978.0,455,1986.0,412,1977.0,618
1597988396686297088,1597988396937999872,2020-08-21 13:39:56.938000,1982.0,1985.0,1911.0,1939.0,nan,1952.181,1222331,23862112000.0,450114,1982.0,778,1981.0,282,1983.0,1197,1980.0,488,1984.0,337,1979.0,727,1985.0,1002,1978.0,455,1986.0,412,1977.0,618
1597988397117323008,1597988397437999872,2020-08-21 13:39:57.438000,1982.0,1985.0,1911.0,1939.0,nan,1952.181,1222334,23862171450.0,450113,1982.0,776,1981.0,305,1983.0,1197,1980.0,498,1984.0,337,1979.0,716,1985.0,1002,1978.0,454,1986.0,412,1977.0,618
1597988397623981056,1597988397901999872,2020-08-21 13:39:57.902000,1982.0,1985.0,1911.0,1939.0,nan,1952.181,1222345,23862389470.0,450112,1982.0,779,1981.0,458,1983.0,1197,1980.0,498,1984.0,337,1979.0,716,1985.0,1002,1978.0,455,1986.0,412,1977.0,618
1597988398173614080,1597988398421999872,2020-08-21 13:39:58.422000,1982.0,1985.0,1911.0,1939.0,nan,1952.181,1222345,23862389470.0,450112,1982.0,766,1981.0,779,1983.0,1197,1980.0,492,1984.0,337,1979.0,716,1985.0,1002,1978.0,465,1986.0,412,1977.0,618
1597988398630736896,1597988398860999936,2020-08-21 13:39:58.861000,1981.0,1985.0,1911.0,1939.0,nan,1952.181,1222346,23862409280.0,450113,1982.0,752,1981.0,779,1983.0,1197,1980.0,486,1984.0,337,1979.0,715,1985.0,1002,1978.0,458,1986.0,411,1977.0,618
1597988399129465088,1597988399408999936,2020-08-21 13:39:59.409000,1981.0,1985.0,1911.0,1939.0,nan,1952.181,1222350,23862488520.0,450117,1982.0,752,1981.0,775,1983.0,1190,1980.0,491,1984.0,344,1979.0,715,1985.0,1002,1978.0,458,1986.0,411,1977.0,618
1597988399611286016,1597988399924999936,2020-08-21 13:39:59.925000,1981.0,1985.0,1911.0,1939.0,nan,1952.182,1222363,23862746150.0,450118,1982.0,733,1981.0,772,1983.0,1190,1980.0,491,1984.0,344,1979.0,715,1985.0,1002,1978.0,458,1986.0,411,1977.0,618
1597988400141549056,1597988400420999936,2020-08-21 13:40:00.421000,1981.0,1985.0,1911.0,1939.0,nan,1952.182,1222363,23862746150.0,450118,1982.0,733,1981.0,768,1983.0,1189,1980.0,491,1984.0,346,1979.0,716,1985.0,1002,1978.0,463,1986.0,410,1977.0,618
1597988400644878080,1597988400937999872,2020-08-21 13:40:00.938000,1981.0,1985.0,1911.0,1939.0,nan,1952.182,1222366,23862805580.0,450120,1982.0,733,1981.0,767,1983.0,1190,1980.0,491,1984.0,346,1979.0,716,1985.0,1002,1978.0,463,1986.0,410,1977.0,620
1597988401119918080,1597988401428999936,2020-08-21 13:40:01.429000,1981.0,1985.0,1911.0,1939.0,nan,1952.183,1222419,23863855530.0,450171,1982.0,746,1981.0,719,1983.0,1193,1980.0,495,1984.0,346,1979.0,713,1985.0,1002,1978.0,463,1986.0,410,1977.0,620
1597988401632884992,1597988401930000128,2020-08-21 13:40:01.930000,1981.0,1985.0,1911.0,1939.0,nan,1952.183,1222419,23863855530.0,450171,1982.0,750,1981.0,720,1983.0,1193,1980.0,497,1984.0,346,1979.0,713,1985.0,1004,1978.0,463,1986.0,410,1977.0,620
1597988402152879104,1597988402413000192,2020-08-21 13:40:02.413000,1981.0,1985.0,1911.0,1939.0,nan,1952.183,1222419,23863855530.0,450171,1982.0,749,1981.0,726,1983.0,1193,1980.0,497,1984.0,341,1979.0,713,1985.0,1004,1978.0,463,1986.0,410,1977.0,619
1597988402628016896,1597988402918999808,2020-08-21 13:40:02.919000,1982.0,1985.0,1911.0,1939.0,nan,1952.184,1222466,23864787060.0,450194,1982.0,708,1981.0,739,1983.0,1194,1980.0,458,1984.0,341,1979.0,713,1985.0,1004,1978.0,463,1986.0,410,1977.0,619
1597988403135328000,1597988403432000000,2020-08-21 13:40:03.432000,1982.0,1985.0,1911.0,1939.0,nan,1952.184,1222466,23864787060.0,450194,1982.0,724,1981.0,740,1983.0,1195,1980.0,459,1984.0,342,1979.0,712,1985.0,1004,1978.0,463,1986.0,410,1977.0,619
1597988403632583936,1597988403924000000,2020-08-21 13:40:03.924000,1982.0,1985.0,1911.0,1939.0,nan,1952.184,1222467,23864806880.0,450194,1982.0,724,1981.0,732,1983.0,1196,1980.0,459,1984.0,342,1979.0,712,1985.0,1005,1978.0,459,1986.0,410,1977.0,619
1597988404167262976,1597988404411000064,2020-08-21 13:40:04.411000,1982.0,1985.0,1911.0,1939.0,nan,1952.192,1222773,23870871780.0,450095,1982.0,422,1981.0,739,1983.0,1195,1980.0,459,1984.0,342,1979.0,712,1985.0,1005,1978.0,459,1986.0,410,1977.0,619
1597988404655518976,1597988404903000064,2020-08-21 13:40:04.903000,1982.0,1985.0,1911.0,1939.0,nan,1952.192,1222776,23870931240.0,450096,1982.0,459,1981.0,750,1983.0,1195,1980.0,458,1984.0,342,1979.0,697,1985.0,1005,1978.0,459,1986.0,410,1977.0,619
1597988405139116032,1597988405420000000,2020-08-21 13:40:05.420000,1982.0,1985.0,1911.0,1939.0,nan,1952.192,1222778,23870970880.0,450098,1982.0,474,1981.0,750,1983.0,1196,1980.0,460,1984.0,347,1979.0,697,1985.0,1005,1978.0,459,1986.0,410,1977.0,619
1597988405633007104,1597988405897000192,2020-08-21 13:40:05.897000,1981.0,1985.0,1911.0,1939.0,nan,1952.192,1222800,23871406750.0,450115,1982.0,479,1981.0,726,1983.0,1196,1980.0,441,1984.0,347,1979.0,697,1985.0,1005,1978.0,459,1986.0,410,1977.0,619
1597988406150976000,1597988406427000064,2020-08-21 13:40:06.427000,1982.0,1985.0,1911.0,1939.0,nan,1952.193,1222819,23871783330.0,450121,1982.0,462,1981.0,728,1983.0,1196,1980.0,441,1984.0,347,1979.0,697,1985.0,1005,1978.0,459,1986.0,410,1977.0,619
1597988406632436992,1597988406927000064,2020-08-21 13:40:06.927000,1982.0,1985.0,1911.0,1939.0,nan,1952.193,1222820,23871803150.0,450120,1982.0,503,1981.0,727,1983.0,1197,1980.0,442,1984.0,347,1979.0,696,1985.0,1005,1978.0,459,1986.0,410,1977.0,619
1597988407279628032,1597988407437999872,2020-08-21 13:40:07.438000,1982.0,1985.0,1911.0,1939.0,nan,1952.194,1222883,23873051310.0,450146,1982.0,493,1981.0,680,1983.0,1196,1980.0,432,1984.0,347,1979.0,696,1985.0,1005,1978.0,459,1986.0,410,1977.0,619
1597988407636988928,1597988407897000192,2020-08-21 13:40:07.897000,1982.0,1985.0,1911.0,1939.0,nan,1952.194,1222888,23873150400.0,450147,1982.0,494,1981.0,679,1983.0,1196,1980.0,433,1984.0,347,1979.0,696,1985.0,1005,1978.0,459,1986.0,410,1977.0,619
1597988408154397952,1597988408431000064,2020-08-21 13:40:08.431000,1982.0,1985.0,1911.0,1939.0,nan,1952.194,1222894,23873269320.0,450143,1982.0,489,1981.0,680,1983.0,1196,1980.0,436,1984.0,345,1979.0,696,1985.0,1006,1978.0,459,1986.0,410,1977.0,608
1597988408629381120,1597988408918999808,2020-08-21 13:40:08.919000,1982.0,1985.0,1911.0,1939.0,nan,1952.195,1222895,23873289140.0,450143,1982.0,534,1981.0,681,1983.0,1196,1980.0,446,1984.0,345,1979.0,696,1985.0,1009,1978.0,459,1986.0,410,1977.0,608
1597988409131948032,1597988409415000064,2020-08-21 13:40:09.415000,1982.0,1985.0,1911.0,1939.0,nan,1952.195,1222896,23873308960.0,450142,1982.0,532,1981.0,681,1983.0,1198,1980.0,446,1984.0,345,1979.0,696,1985.0,1009,1978.0,464,1986.0,410,1977.0,608
1597988409630334976,1597988409904999936,2020-08-21 13:40:09.905000,1982.0,1985.0,1911.0,1939.0,nan,1952.195,1222903,23873447700.0,450147,1982.0,726,1981.0,682,1983.0,1199,1980.0,446,1984.0,345,1979.0,696,1985.0,1009,1978.0,364,1986.0,410,1977.0,608
1597988410116346112,1597988410403000064,2020-08-21 13:40:10.403000,1982.0,1985.0,1911.0,1939.0,nan,1952.195,1222910,23873586380.0,450148,1982.0,744,1981.0,676,1983.0,1199,1980.0,451,1984.0,345,1979.0,696,1985.0,1009,1978.0,364,1986.0,410,1977.0,608
1597988410636185088,1597988410931000064,2020-08-21 13:40:10.931000,1981.0,1985.0,1911.0,1939.0,nan,1952.195,1222914,23873665630.0,450149,1982.0,746,1981.0,673,1983.0,1199,1980.0,451,1984.0,345,1979.0,696,1985.0,1009,1978.0,363,1986.0,410,1977.0,608
1597988411124377088,1597988411436000000,2020-08-21 13:40:11.436000,1982.0,1985.0,1911.0,1939.0,nan,1952.195,1222915,23873685450.0,450150,1982.0,760,1981.0,674,1983.0,1199,1980.0,451,1984.0,345,1979.0,696,1985.0,1009,1978.0,364,1986.0,411,1977.0,607
1597988411640920064,1597988411924999936,2020-08-21 13:40:11.925000,1982.0,1985.0,1911.0,1939.0,nan,1952.195,1222917,23873725080.0,450149,1982.0,713,1981.0,675,1983.0,1199,1980.0,451,1984.0,345,1979.0,705,1985.0,1009,1978.0,364,1986.0,412,1977.0,597
1597988412118768896,1597988412411000064,2020-08-21 13:40:12.411000,1982.0,1985.0,1911.0,1939.0,nan,1952.195,1222917,23873725080.0,450149,1982.0,726,1981.0,675,1983.0,1199,1980.0,451,1984.0,345,1979.0,706,1985.0,1009,1978.0,364,1986.0,412,1977.0,597
1597988412664669952,1597988412930000128,2020-08-21 13:40:12.930000,1982.0,1985.0,1911.0,1939.0,nan,1952.196,1222940,23874180730.0,450131,1982.0,728,1981.0,656,1983.0,1200,1980.0,431,1984.0,345,1979.0,706,1985.0,1009,1978.0,364,1986.0,412,1977.0,597
1597988413131424000,1597988413426000128,2020-08-21 13:40:13.426000,1982.0,1985.0,1911.0,1939.0,nan,1952.196,1222942,23874220360.0,450131,1982.0,735,1981.0,658,1983.0,1200,1980.0,431,1984.0,344,1979.0,706,1985.0,1009,1978.0,365,1986.0,412,1977.0,597
1597988413673769984,1597988413916000000,2020-08-21 13:40:13.916000,1981.0,1985.0,1911.0,1939.0,nan,1952.196,1222960,23874577040.0,450130,1982.0,726,1981.0,658,1983.0,1200,1980.0,431,1984.0,344,1979.0,706,1985.0,1009,1978.0,365,1986.0,413,1977.0,597
1597988414146489088,1597988414356000000,2020-08-21 13:40:14.356000,1982.0,1985.0,1911.0,1939.0,nan,1952.196,1222974,23874854450.0,450128,1982.0,722,1981.0,651,1983.0,1200,1980.0,431,1984.0,344,1979.0,706,1985.0,1009,1978.0,365,1986.0,413,1977.0,597
1597988414633636096,1597988414920999936,2020-08-21 13:40:14.921000,1982.0,1985.0,1911.0,1939.0,nan,1952.197,1222979,23874953550.0,450133,1982.0,717,1981.0,652,1983.0,1200,1980.0,431,1984.0,345,1979.0,706,1985.0,1010,1978.0,365,1986.0,413,1977.0,597
1597988415128463104,1597988415437999872,2020-08-21 13:40:15.438000,1981.0,1985.0,1911.0,1939.0,nan,1952.197,1222981,23874993170.0,450134,1982.0,735,1981.0,650,1983.0,1200,1980.0,429,1984.0,345,1979.0,697,1985.0,1010,1978.0,365,1986.0,416,1977.0,597
1597988415712850944,1597988415935000064,2020-08-21 13:40:15.935000,1981.0,1985.0,1911.0,1939.0,nan,1952.197,1222992,23875211090.0,450135,1982.0,734,1981.0,641,1983.0,1200,1980.0,434,1984.0,346,1979.0,697,1985.0,1010,1978.0,365,1986.0,416,1977.0,597
1597988416139685120,1597988416325999872,2020-08-21 13:40:16.326000,1981.0,1985.0,1911.0,1939.0,nan,1952.197,1222994,23875250710.0,450136,1982.0,735,1981.0,642,1983.0,1200,1980.0,434,1984.0,346,1979.0,697,1985.0,1010,1978.0,365,1986.0,416,1977.0,597
1597988416609925120,1597988416935000064,2020-08-21 13:40:16.935000,1981.0,1985.0,1911.0,1939.0,nan,1952.212,1223646,23888166830.0,450651,1981.0,361,1980.0,432,1982.0,739,1979.0,695,1983.0,1200,1978.0,365,1984.0,346,1977.0,597,1985.0,1010,1976.0,501
1597988417150489088,1597988417744000000,2020-08-21 13:40:17.744000,1981.0,1985.0,1911.0,1939.0,nan,1952.212,1223656,23888364920.0,450650,1981.0,468,1980.0,405,1982.0,767,1979.0,694,1983.0,1200,1978.0,366,1984.0,346,1977.0,597,1985.0,1010,1976.0,501
1597988417652773888,1597988417892999936,2020-08-21 13:40:17.893000,1980.0,1985.0,1911.0,1939.0,nan,1952.212,1223657,23888384720.0,450649,1981.0,485,1980.0,345,1982.0,762,1979.0,694,1983.0,1200,1978.0,366,1984.0,346,1977.0,597,1985.0,1010,1976.0,501
1597988418142392064,1597988418427000064,2020-08-21 13:40:18.427000,1981.0,1985.0,1911.0,1939.0,nan,1952.217,1223837,23891950520.0,450649,1981.0,309,1980.0,349,1982.0,768,1979.0,694,1983.0,1200,1978.0,366,1984.0,346,1977.0,597,1985.0,1010,1976.0,501
1597988418635034880,1597988418931000064,2020-08-21 13:40:18.931000,1981.0,1985.0,1911.0,1939.0,nan,1952.217,1223840,23892009930.0,450647,1981.0,311,1980.0,371,1982.0,769,1979.0,694,1983.0,1200,1978.0,366,1984.0,346,1977.0,597,1985.0,1010,1976.0,501
1597988419139249920,1597988419430000128,2020-08-21 13:40:19.430000,1981.0,1985.0,1911.0,1939.0,nan,1952.217,1223840,23892009930.0,450647,1981.0,312,1980.0,372,1982.0,769,1979.0,694,1983.0,1200,1978.0,366,1984.0,346,1977.0,597,1985.0,1011,1976.0,501
1597988419654905088,1597988419924999936,2020-08-21 13:40:19.925000,1980.0,1985.0,1911.0,1939.0,nan,1952.217,1223857,23892346530.0,450646,1981.0,336,1980.0,388,1982.0,774,1979.0,694,1983.0,1200,1978.0,366,1984.0,346,1977.0,597,1985.0,1011,1976.0,501
1597988420117145088,1597988420433000192,2020-08-21 13:40:20.433000,1981.0,1985.0,1911.0,1939.0,nan,1952.217,1223858,23892366340.0,450646,1981.0,335,1980.0,379,1982.0,774,1979.0,694,1983.0,1200,1978.0,366,1984.0,342,1977.0,597,1985.0,1011,1976.0,501
1597988420684365056,1597988420932000000,2020-08-21 13:40:20.932000,1981.0,1985.0,1911.0,1939.0,nan,1952.217,1223859,23892386150.0,450646,1981.0,334,1980.0,373,1982.0,778,1979.0,694,1983.0,1199,1978.0,376,1984.0,342,1977.0,597,1985.0,1011,1976.0,501
1597988421118548992,1597988421390000128,2020-08-21 13:40:21.390000,1981.0,1985.0,1911.0,1939.0,nan,1952.217,1223859,23892386150.0,450646,1981.0,334,1980.0,373,1982.0,778,1979.0,693,1983.0,1199,1978.0,376,1984.0,342,1977.0,597,1985.0,1011,1976.0,501
1597988421634696960,1597988421928000000,2020-08-21 13:40:21.928000,1981.0,1985.0,1911.0,1939.0,nan,1952.217,1223870,23892604060.0,450643,1981.0,324,1980.0,373,1982.0,779,1979.0,692,1983.0,1200,1978.0,376,1984.0,341,1977.0,597,1985.0,1011,1976.0,501
1597988422119819008,1597988422401999872,2020-08-21 13:40:22.402000,1980.0,1985.0,1911.0,1939.0,nan,1952.218,1223875,23892703060.0,450639,1981.0,325,1980.0,363,1982.0,779,1979.0,690,1983.0,1200,1978.0,372,1984.0,340,1977.0,597,1985.0,1011,1976.0,501
1597988422653700096,1597988422921999872,2020-08-21 13:40:22.922000,1980.0,1985.0,1911.0,1939.0,nan,1952.218,1223875,23892703060.0,450639,1981.0,327,1980.0,365,1982.0,779,1979.0,709,1983.0,1201,1978.0,372,1984.0,341,1977.0,597,1985.0,1011,1976.0,501
1597988423126391040,1597988423430000128,2020-08-21 13:40:23.430000,1981.0,1985.0,1911.0,1939.0,nan,1952.218,1223881,23892821920.0,450639,1981.0,321,1980.0,385,1982.0,779,1979.0,709,1983.0,1201,1978.0,372,1984.0,341,1977.0,597,1985.0,1012,1976.0,501
1597988423629006080,1597988423857000192,2020-08-21 13:40:23.857000,1980.0,1985.0,1911.0,1939.0,nan,1952.218,1223882,23892841720.0,450638,1981.0,322,1980.0,385,1982.0,779,1979.0,709,1983.0,1200,1978.0,372,1984.0,341,1977.0,597,1985.0,1012,1976.0,501
1597988424167535104,1597988424434000128,2020-08-21 13:40:24.434000,1980.0,1985.0,1911.0,1939.0,nan,1952.218,1223890,23893000170.0,450637,1981.0,328,1980.0,381,1982.0,780,1979.0,709,1983.0,1200,1978.0,372,1984.0,341,1977.0,597,1985.0,1012,1976.0,501
1597988424649573888,1597988424924000000,2020-08-21 13:40:24.924000,1980.0,1985.0,1911.0,1939.0,nan,1952.218,1223893,23893059570.0,450634,1981.0,383,1980.0,400,1982.0,780,1979.0,709,1983.0,1201,1978.0,372,1984.0,341,1977.0,597,1985.0,1012,1976.0,501
1597988425144485888,1597988425424999936,2020-08-21 13:40:25.425000,1980.0,1985.0,1911.0,1939.0,nan,1952.218,1223893,23893059570.0,450634,1981.0,388,1980.0,401,1982.0,781,1979.0,689,1983.0,1201,1978.0,392,1984.0,341,1977.0,597,1985.0,1012,1976.0,501
1597988425626135040,1597988425930000128,2020-08-21 13:40:25.930000,1980.0,1985.0,1911.0,1939.0,nan,1952.218,1223903,23893257570.0,450634,1981.0,390,1980.0,394,1982.0,777,1979.0,689,1983.0,1201,1978.0,392,1984.0,341,1977.0,597,1985.0,1012,1976.0,501
1597988426150469120,1597988426431000064,2020-08-21 13:40:26.431000,1980.0,1985.0,1911.0,1939.0,nan,1952.218,1223903,23893257570.0,450634,1981.0,392,1980.0,397,1982.0,778,1979.0,689,1983.0,1201,1978.0,392,1984.0,341,1977.0,599,1985.0,1012,1976.0,501
1597988426849626112,1597988426934000128,2020-08-21 13:40:26.934000,1980.0,1985.0,1911.0,1939.0,nan,1952.219,1223917,23893534880.0,450623,1981.0,381,1980.0,394,1982.0,778,1979.0,690,1983.0,1202,1978.0,392,1984.0,341,1977.0,599,1985.0,1012,1976.0,501
1597988427169655040,1597988427434000128,2020-08-21 13:40:27.434000,1980.0,1985.0,1911.0,1939.0,nan,1952.219,1223919,23893574480.0,450624,1981.0,384,1980.0,393,1982.0,779,1979.0,691,1983.0,1202,1978.0,392,1984.0,340,1977.0,599,1985.0,1011,1976.0,501
