local_nano_time,quote_nano_time,datetime,last_price,highest,lowest,open,close,average,volume,amount,open_interest,ask_price1,ask_volume1,bid_price1,bid_volume1,ask_price2,ask_volume2,bid_price2,bid_volume2,ask_price3,ask_volume3,bid_price3,bid_volume3,ask_price4,ask_volume4,bid_price4,bid_volume4,ask_price5,ask_volume5,bid_price5,bid_volume5
1597988232610201088,1597988232932000000,2020-08-21 13:37:12.932000,9420.0,9420.0,9250.0,9355.0,nan,9336.111707,8388,783113050.0,19363,9420.0,18,9415.0,1,9425.0,81,9410.0,23,9430.0,3,9405.0,81,9440.0,26,9400.0,9,9450.0,18,9395.0,7
1597988233121827072,1597988233405999872,2020-08-21 13:37:13.406000,9420.0,9420.0,9250.0,9355.0,nan,9336.111707,8388,783113050.0,19363,9420.0,18,9415.0,1,9425.0,89,9410.0,23,9430.0,3,9405.0,89,9440.0,26,9400.0,9,9450.0,18,9395.0,7
1597988234621425920,1597988234937999872,2020-08-21 13:37:14.938000,9420.0,9420.0,9250.0,9355.0,nan,9336.121707,8389,783207250.0,19364,9420.0,15,9415.0,1,9425.0,83,9410.0,15,9430.0,3,9405.0,89,9440.0,26,9400.0,9,9450.0,18,9395.0,7
1597988235136098048,1597988235413000192,2020-08-21 13:37:15.413000,9420.0,9420.0,9250.0,9355.0,nan,9336.121707,8389,783207250.0,19364,9420.0,17,9415.0,1,9425.0,89,9410.0,23,9430.0,3,9405.0,89,9440.0,26,9400.0,9,9450.0,18,9395.0,7
1597988238155298048,1597988238430000128,2020-08-21 13:37:18.430000,9420.0,9420.0,9250.0,9355.0,nan,9336.121707,8389,783207250.0,19364,9420.0,17,9415.0,1,9425.0,89,9410.0,22,9430.0,3,9405.0,89,9440.0,26,9400.0,9,9450.0,18,9395.0,7
1597988238625730048,1597988238932000000,2020-08-21 13:37:18.932000,9415.0,9420.0,9250.0,9355.0,nan,9336.131108,8390,783301400.0,19365,9415.0,1,9410.0,14,9420.0,9,9405.0,74,9425.0,73,9400.0,9,9430.0,3,9395.0,7,9440.0,26,9390.0,7
1597988239130989056,1597988239420999936,2020-08-21 13:37:19.421000,9415.0,9420.0,9250.0,9355.0,nan,9336.140508,8391,783395550.0,19364,9420.0,20,9410.0,5,9425.0,51,9405.0,58,9430.0,3,9400.0,25,9440.0,26,9395.0,7,9450.0,18,9390.0,7
1597988239625490944,1597988239932000000,2020-08-21 13:37:19.932000,9415.0,9420.0,9250.0,9355.0,nan,9336.140508,8391,783395550.0,19364,9420.0,18,9410.0,11,9425.0,78,9405.0,91,9430.0,3,9400.0,9,9440.0,26,9395.0,7,9450.0,18,9390.0,7
1597988240160289024,1597988240416999936,2020-08-21 13:37:20.417000,9415.0,9420.0,9250.0,9355.0,nan,9336.140508,8391,783395550.0,19364,9420.0,15,9410.0,13,9425.0,82,9405.0,90,9430.0,3,9400.0,9,9440.0,26,9395.0,7,9450.0,18,9390.0,7
1597988240633794048,1597988240916000000,2020-08-21 13:37:20.916000,9415.0,9420.0,9250.0,9355.0,nan,9336.140508,8391,783395550.0,19364,9420.0,18,9410.0,18,9425.0,88,9405.0,96,9430.0,3,9400.0,9,9440.0,26,9395.0,7,9450.0,18,9390.0,7
1597988241155736064,1597988241423000064,2020-08-21 13:37:21.423000,9415.0,9420.0,9250.0,9355.0,nan,9336.140508,8391,783395550.0,19364,9420.0,17,9410.0,19,9425.0,89,9405.0,95,9430.0,3,9400.0,9,9440.0,26,9395.0,7,9450.0,18,9390.0,7
1597988244627673088,1597988244932000000,2020-08-21 13:37:24.932000,9415.0,9420.0,9250.0,9355.0,nan,9336.140508,8391,783395550.0,19364,9420.0,17,9410.0,19,9425.0,81,9405.0,87,9430.0,3,9400.0,9,9440.0,26,9395.0,7,9450.0,18,9390.0,7
1597988245125485056,1597988245427000064,2020-08-21 13:37:25.427000,9415.0,9420.0,9250.0,9355.0,nan,9336.140508,8391,783395550.0,19364,9420.0,17,9410.0,17,9425.0,89,9405.0,95,9430.0,3,9400.0,9,9440.0,26,9395.0,7,9450.0,18,9390.0,7
1597988249151202048,1597988249420000000,2020-08-21 13:37:29.420000,9415.0,9420.0,9250.0,9355.0,nan,9336.140508,8391,783395550.0,19364,9420.0,17,9410.0,17,9425.0,89,9405.0,95,9430.0,3,9400.0,9,9440.0,27,9395.0,7,9450.0,18,9390.0,7
1597988250169295872,1597988250435000064,2020-08-21 13:37:30.435000,9420.0,9420.0,9250.0,9355.0,nan,9336.1505,8392,783489750.0,19364,9420.0,16,9410.0,17,9425.0,89,9405.0,95,9430.0,3,9400.0,9,9440.0,27,9395.0,7,9450.0,18,9390.0,7
1597988250630471936,1597988250933000192,2020-08-21 13:37:30.933000,9420.0,9420.0,9250.0,9355.0,nan,9336.1505,8392,783489750.0,19364,9420.0,14,9410.0,17,9425.0,81,9405.0,87,9430.0,3,9400.0,9,9440.0,27,9395.0,7,9450.0,18,9390.0,7
1597988251125825024,1597988251436000000,2020-08-21 13:37:31.436000,9420.0,9420.0,9250.0,9355.0,nan,9336.1505,8392,783489750.0,19364,9420.0,14,9410.0,17,9425.0,89,9405.0,95,9430.0,3,9400.0,9,9440.0,27,9395.0,7,9450.0,18,9390.0,7
1597988253614632960,1597988253898999808,2020-08-21 13:37:33.899000,9420.0,9420.0,9250.0,9355.0,nan,9336.1505,8392,783489750.0,19364,9420.0,13,9410.0,17,9425.0,89,9405.0,95,9430.0,3,9400.0,9,9440.0,27,9395.0,7,9450.0,18,9390.0,7
1597988256615872000,1597988256924999936,2020-08-21 13:37:36.925000,9420.0,9420.0,9250.0,9355.0,nan,9336.1505,8392,783489750.0,19364,9420.0,13,9410.0,17,9425.0,81,9405.0,87,9430.0,3,9400.0,9,9440.0,27,9395.0,7,9450.0,18,9390.0,7
1597988257118598912,1597988257427000064,2020-08-21 13:37:37.427000,9420.0,9420.0,9250.0,9355.0,nan,9336.1505,8392,783489750.0,19364,9420.0,13,9410.0,17,9425.0,89,9405.0,95,9430.0,3,9400.0,9,9440.0,27,9395.0,7,9450.0,18,9390.0,7
1597988262621036032,1597988262910000128,2020-08-21 13:37:42.910000,9420.0,9420.0,9250.0,9355.0,nan,9336.1505,8392,783489750.0,19364,9420.0,13,9410.0,17,9425.0,81,9405.0,87,9430.0,3,9400.0,9,9440.0,27,9395.0,7,9450.0,18,9390.0,7
1597988263113716992,1597988263379000064,2020-08-21 13:37:43.379000,9420.0,9420.0,9250.0,9355.0,nan,9336.1505,8392,783489750.0,19364,9420.0,13,9410.0,17,9425.0,89,9405.0,95,9430.0,3,9400.0,9,9440.0,27,9395.0,7,9450.0,18,9390.0,7
1597988264622520064,1597988264935000064,2020-08-21 13:37:44.935000,9420.0,9420.0,9250.0,9355.0,nan,9336.1505,8392,783489750.0,19364,9420.0,17,9410.0,17,9425.0,89,9405.0,95,9430.0,3,9400.0,9,9440.0,27,9395.0,7,9450.0,18,9390.0,7
1597988265143926016,1597988265413000192,2020-08-21 13:37:45.413000,9420.0,9420.0,9250.0,9355.0,nan,9336.1505,8392,783489750.0,19364,9420.0,18,9410.0,17,9425.0,89,9405.0,95,9430.0,3,9400.0,9,9440.0,27,9395.0,7,9450.0,18,9390.0,7
1597988265629022976,1597988265935000064,2020-08-21 13:37:45.935000,9420.0,9420.0,9250.0,9355.0,nan,9336.1505,8392,783489750.0,19364,9420.0,19,9410.0,16,9425.0,88,9405.0,96,9430.0,3,9400.0,9,9440.0,27,9395.0,7,9450.0,18,9390.0,7
1597988267619123968,1597988267938999808,2020-08-21 13:37:47.939000,9420.0,9420.0,9250.0,9355.0,nan,9336.1505,8392,783489750.0,19364,9420.0,19,9410.0,16,9425.0,89,9405.0,96,9430.0,3,9400.0,9,9440.0,27,9395.0,7,9450.0,18,9390.0,7
1597988273605620992,1597988273932000000,2020-08-21 13:37:53.932000,9420.0,9420.0,9250.0,9355.0,nan,9336.1505,8392,783489750.0,19364,9415.0,2,9410.0,16,9420.0,19,9405.0,96,9425.0,89,9400.0,9,9430.0,3,9395.0,7,9440.0,27,9390.0,7
1597988274152076032,1597988274432000000,2020-08-21 13:37:54.432000,9420.0,9420.0,9250.0,9355.0,nan,9336.1505,8392,783489750.0,19364,9415.0,3,9410.0,14,9420.0,22,9405.0,74,9425.0,67,9400.0,17,9430.0,3,9395.0,7,9440.0,27,9390.0,7
1597988274625029888,1597988274931000064,2020-08-21 13:37:54.931000,9420.0,9420.0,9250.0,9355.0,nan,9336.1505,8392,783489750.0,19364,9415.0,3,9410.0,16,9420.0,38,9405.0,72,9425.0,59,9400.0,25,9430.0,3,9395.0,7,9440.0,27,9390.0,7
1597988275135638016,1597988275411000064,2020-08-21 13:37:55.411000,9420.0,9420.0,9250.0,9355.0,nan,9336.1505,8392,783489750.0,19364,9415.0,3,9410.0,16,9420.0,46,9405.0,72,9425.0,59,9400.0,33,9430.0,3,9395.0,7,9440.0,27,9390.0,7
1597988280623329024,1597988280933000192,2020-08-21 13:38:00.933000,9415.0,9420.0,9250.0,9355.0,nan,9336.178678,8395,783772200.0,19362,9420.0,29,9415.0,1,9425.0,52,9410.0,8,9430.0,3,9405.0,64,9440.0,27,9400.0,25,9450.0,18,9395.0,7
1597988281111622912,1597988281405999872,2020-08-21 13:38:01.406000,9415.0,9420.0,9250.0,9355.0,nan,9336.178678,8395,783772200.0,19362,9420.0,3,9415.0,1,9425.0,68,9410.0,5,9430.0,3,9405.0,74,9440.0,27,9400.0,9,9450.0,18,9395.0,7
1597988281621200896,1597988281924999936,2020-08-21 13:38:01.925000,9415.0,9420.0,9250.0,9355.0,nan,9336.178678,8395,783772200.0,19362,9420.0,11,9415.0,2,9425.0,84,9410.0,29,9430.0,11,9405.0,81,9440.0,27,9400.0,9,9450.0,18,9395.0,7
1597988282158158080,1597988282423000064,2020-08-21 13:38:02.423000,9415.0,9420.0,9250.0,9355.0,nan,9336.178678,8395,783772200.0,19362,9420.0,12,9415.0,2,9425.0,84,9410.0,14,9430.0,3,9405.0,89,9440.0,27,9400.0,9,9450.0,18,9395.0,7
1597988282629507072,1597988282935000064,2020-08-21 13:38:02.935000,9415.0,9420.0,9250.0,9355.0,nan,9336.178678,8395,783772200.0,19362,9420.0,14,9415.0,2,9425.0,90,9410.0,22,9430.0,3,9405.0,89,9440.0,27,9400.0,9,9450.0,18,9395.0,7
1597988289135663104,1597988289432000000,2020-08-21 13:38:09.432000,9415.0,9420.0,9250.0,9355.0,nan,9336.188066,8396,783866350.0,19362,9420.0,14,9415.0,1,9425.0,90,9410.0,22,9430.0,3,9405.0,89,9440.0,27,9400.0,9,9450.0,18,9395.0,7
1597988289621274112,1597988289911000064,2020-08-21 13:38:09.911000,9415.0,9420.0,9250.0,9355.0,nan,9336.197451,8397,783960500.0,19362,9415.0,1,9410.0,14,9420.0,6,9405.0,82,9425.0,82,9400.0,9,9430.0,3,9395.0,7,9440.0,27,9390.0,7
1597988290122488064,1597988290417999872,2020-08-21 13:38:10.418000,9415.0,9420.0,9250.0,9355.0,nan,9336.197451,8397,783960500.0,19362,9415.0,1,9410.0,5,9420.0,10,9405.0,66,9425.0,60,9400.0,17,9430.0,3,9395.0,7,9440.0,27,9390.0,7
1597988290604353024,1597988290931000064,2020-08-21 13:38:10.931000,9415.0,9420.0,9250.0,9355.0,nan,9336.197451,8397,783960500.0,19362,9415.0,3,9410.0,17,9420.0,35,9405.0,75,9425.0,59,9400.0,25,9430.0,3,9395.0,7,9440.0,27,9390.0,7
1597988291125569024,1597988291432000000,2020-08-21 13:38:11.432000,9415.0,9420.0,9250.0,9355.0,nan,9336.197451,8397,783960500.0,19362,9415.0,3,9410.0,17,9420.0,34,9405.0,66,9425.0,59,9400.0,33,9430.0,3,9395.0,7,9440.0,27,9390.0,7
1597988291627764992,1597988291936000000,2020-08-21 13:38:11.936000,9415.0,9420.0,9250.0,9355.0,nan,9336.197451,8397,783960500.0,19362,9415.0,3,9410.0,20,9420.0,43,9405.0,72,9425.0,59,9400.0,33,9430.0,3,9395.0,7,9440.0,27,9390.0,7
1597988292162310912,1597988292436999936,2020-08-21 13:38:12.437000,9415.0,9420.0,9250.0,9355.0,nan,9336.225595,8400,784242950.0,19360,9420.0,35,9415.0,1,9425.0,52,9410.0,12,9430.0,3,9405.0,64,9440.0,27,9400.0,33,9445.0,14,9395.0,7
1597988292614717952,1597988292936000000,2020-08-21 13:38:12.936000,9415.0,9420.0,9250.0,9355.0,nan,9336.225595,8400,784242950.0,19360,9420.0,4,9415.0,1,9425.0,68,9410.0,10,9430.0,3,9405.0,74,9440.0,27,9400.0,9,9445.0,14,9395.0,7
1597988293111779072,1597988293428000000,2020-08-21 13:38:13.428000,9415.0,9420.0,9250.0,9355.0,nan,9336.225595,8400,784242950.0,19360,9420.0,11,9415.0,2,9425.0,84,9410.0,33,9430.0,11,9405.0,81,9440.0,27,9400.0,9,9450.0,18,9395.0,7
1597988293606376960,1597988293931000064,2020-08-21 13:38:13.931000,9415.0,9420.0,9250.0,9355.0,nan,9336.225595,8400,784242950.0,19360,9420.0,12,9415.0,2,9425.0,76,9410.0,26,9430.0,11,9405.0,81,9440.0,27,9400.0,9,9450.0,18,9395.0,7
1597988294149787904,1597988294430000128,2020-08-21 13:38:14.430000,9415.0,9420.0,9250.0,9355.0,nan,9336.225595,8400,784242950.0,19360,9420.0,14,9415.0,2,9425.0,90,9410.0,26,9430.0,3,9405.0,89,9440.0,27,9400.0,9,9450.0,18,9395.0,7
1597988296118173952,1597988296431000064,2020-08-21 13:38:16.431000,9415.0,9420.0,9250.0,9355.0,nan,9336.234972,8401,784337100.0,19360,9420.0,14,9415.0,1,9425.0,90,9410.0,26,9430.0,3,9405.0,89,9440.0,27,9400.0,9,9450.0,18,9395.0,7
1597988296630838016,1597988296903000064,2020-08-21 13:38:16.903000,9415.0,9420.0,9250.0,9355.0,nan,9336.244347,8402,784431250.0,19361,9415.0,1,9410.0,18,9420.0,6,9405.0,82,9425.0,82,9400.0,9,9430.0,3,9395.0,7,9440.0,27,9390.0,7
1597988297170310912,1597988297424999936,2020-08-21 13:38:17.425000,9415.0,9420.0,9250.0,9355.0,nan,9336.253719,8403,784525400.0,19361,9415.0,1,9410.0,9,9420.0,10,9405.0,66,9425.0,60,9400.0,17,9430.0,3,9395.0,7,9440.0,27,9390.0,7
1597988297613904896,1597988297937999872,2020-08-21 13:38:17.938000,9415.0,9420.0,9250.0,9355.0,nan,9336.253719,8403,784525400.0,19361,9415.0,2,9410.0,17,9420.0,35,9405.0,75,9425.0,59,9400.0,25,9430.0,3,9395.0,7,9440.0,27,9390.0,7
1597988298141440000,1597988298433000192,2020-08-21 13:38:18.433000,9415.0,9420.0,9250.0,9355.0,nan,9336.253719,8403,784525400.0,19361,9415.0,2,9410.0,17,9420.0,34,9405.0,66,9425.0,59,9400.0,33,9430.0,3,9395.0,7,9440.0,27,9390.0,7
1597988298613212928,1597988298876000000,2020-08-21 13:38:18.876000,9415.0,9420.0,9250.0,9355.0,nan,9336.272457,8405,784713700.0,19363,9420.0,35,9415.0,1,9425.0,52,9410.0,12,9430.0,3,9405.0,64,9440.0,27,9400.0,33,9445.0,14,9395.0,7
1597988299116156928,1597988299417999872,2020-08-21 13:38:19.418000,9415.0,9420.0,9250.0,9355.0,nan,9336.272457,8405,784713700.0,19363,9420.0,3,9415.0,1,9425.0,68,9410.0,10,9430.0,3,9405.0,74,9440.0,27,9400.0,9,9445.0,14,9395.0,7
1597988299630512128,1597988299933000192,2020-08-21 13:38:19.933000,9415.0,9420.0,9250.0,9355.0,nan,9336.281823,8406,784807850.0,19362,9420.0,10,9415.0,1,9425.0,84,9410.0,33,9430.0,11,9405.0,81,9440.0,27,9400.0,9,9450.0,18,9395.0,7
1597988300166391040,1597988300418999808,2020-08-21 13:38:20.419000,9415.0,9420.0,9250.0,9355.0,nan,9336.281823,8406,784807850.0,19362,9420.0,11,9415.0,1,9425.0,76,9410.0,26,9430.0,11,9405.0,81,9440.0,27,9400.0,9,9450.0,18,9395.0,7
1597988300624637952,1597988300936999936,2020-08-21 13:38:20.937000,9415.0,9420.0,9250.0,9355.0,nan,9336.281823,8406,784807850.0,19362,9420.0,13,9415.0,1,9425.0,90,9410.0,26,9430.0,3,9405.0,89,9440.0,27,9400.0,9,9450.0,18,9395.0,7
1597988304666820096,1597988304928999936,2020-08-21 13:38:24.929000,9415.0,9420.0,9250.0,9355.0,nan,9336.281823,8406,784807850.0,19362,9420.0,13,9415.0,1,9425.0,82,9410.0,26,9430.0,3,9405.0,81,9440.0,27,9400.0,9,9450.0,18,9395.0,7
1597988305119183104,1597988305433000192,2020-08-21 13:38:25.433000,9415.0,9420.0,9250.0,9355.0,nan,9336.281823,8406,784807850.0,19362,9420.0,13,9415.0,1,9425.0,90,9410.0,26,9430.0,3,9405.0,89,9440.0,27,9400.0,9,9450.0,18,9395.0,7
1597988305624956928,1597988305936999936,2020-08-21 13:38:25.937000,9415.0,9420.0,9250.0,9355.0,nan,9336.291186,8407,784902000.0,19362,9415.0,2,9410.0,18,9420.0,5,9405.0,82,9425.0,82,9400.0,9,9430.0,3,9395.0,7,9440.0,27,9390.0,7
1597988306155201024,1597988306417999872,2020-08-21 13:38:26.418000,9415.0,9420.0,9250.0,9355.0,nan,9336.291186,8407,784902000.0,19362,9415.0,2,9410.0,9,9420.0,10,9405.0,66,9425.0,60,9400.0,17,9430.0,3,9395.0,7,9440.0,27,9390.0,7
1597988306631046912,1597988306932000000,2020-08-21 13:38:26.932000,9415.0,9420.0,9250.0,9355.0,nan,9336.319263,8410,785184450.0,19360,9420.0,27,9415.0,3,9425.0,60,9410.0,9,9430.0,3,9405.0,75,9440.0,27,9400.0,25,9450.0,18,9395.0,7
1597988307118828032,1597988307413000192,2020-08-21 13:38:27.413000,9415.0,9420.0,9250.0,9355.0,nan,9336.319263,8410,785184450.0,19360,9420.0,2,9415.0,7,9425.0,68,9410.0,9,9430.0,3,9405.0,74,9440.0,27,9400.0,9,9450.0,18,9395.0,7
1597988307612482048,1597988307923000064,2020-08-21 13:38:27.923000,9415.0,9420.0,9250.0,9355.0,nan,9336.319263,8410,785184450.0,19360,9420.0,2,9415.0,7,9425.0,69,9410.0,34,9430.0,19,9405.0,66,9440.0,27,9400.0,9,9450.0,18,9395.0,7
1597988308128865024,1597988308432000000,2020-08-21 13:38:28.432000,9415.0,9420.0,9250.0,9355.0,nan,9336.319263,8410,785184450.0,19360,9420.0,3,9415.0,15,9425.0,69,9410.0,50,9430.0,34,9405.0,58,9440.0,27,9400.0,9,9450.0,18,9395.0,7
1597988308640281088,1597988308936999936,2020-08-21 13:38:28.937000,9415.0,9420.0,9250.0,9355.0,nan,9336.319263,8410,785184450.0,19360,9420.0,3,9415.0,15,9425.0,42,9410.0,47,9430.0,42,9405.0,42,9440.0,27,9400.0,9,9450.0,18,9395.0,7
1597988309128803072,1597988309437999872,2020-08-21 13:38:29.438000,9415.0,9420.0,9250.0,9355.0,nan,9336.319263,8410,785184450.0,19360,9420.0,3,9415.0,20,9425.0,51,9410.0,53,9430.0,44,9405.0,42,9440.0,27,9400.0,9,9450.0,18,9395.0,7
1597988309719218944,1597988309937999872,2020-08-21 13:38:29.938000,9415.0,9420.0,9250.0,9355.0,nan,9336.319263,8410,785184450.0,19360,9420.0,3,9415.0,20,9425.0,51,9410.0,61,9430.0,52,9405.0,42,9440.0,27,9400.0,9,9450.0,18,9395.0,7
1597988314606963968,1597988314897000192,2020-08-21 13:38:34.897000,9415.0,9420.0,9250.0,9355.0,nan,9336.319263,8410,785184450.0,19360,9420.0,3,9415.0,20,9425.0,51,9410.0,61,9430.0,51,9405.0,42,9440.0,27,9400.0,9,9450.0,18,9395.0,7
1597988316626124032,1597988316920999936,2020-08-21 13:38:36.921000,9415.0,9420.0,9250.0,9355.0,nan,9336.319263,8410,785184450.0,19360,9420.0,3,9415.0,25,9425.0,51,9410.0,61,9430.0,51,9405.0,42,9440.0,27,9400.0,9,9450.0,18,9395.0,7
1597988317128246016,1597988317431000064,2020-08-21 13:38:37.431000,9415.0,9420.0,9250.0,9355.0,nan,9336.319263,8410,785184450.0,19360,9420.0,4,9415.0,25,9425.0,51,9410.0,61,9430.0,51,9405.0,42,9440.0,27,9400.0,9,9450.0,18,9395.0,7
1597988321140690944,1597988321436999936,2020-08-21 13:38:41.437000,9415.0,9420.0,9250.0,9355.0,nan,9336.319263,8410,785184450.0,19360,9420.0,4,9415.0,25,9425.0,51,9410.0,60,9430.0,51,9405.0,42,9440.0,27,9400.0,9,9450.0,18,9395.0,7
1597988321612110080,1597988321938999808,2020-08-21 13:38:41.939000,9425.0,9425.0,9250.0,9355.0,nan,9336.422209,8420,786126750.0,19361,9425.0,34,9420.0,1,9430.0,44,9415.0,17,9440.0,27,9410.0,52,9450.0,18,9405.0,34,9455.0,1,9400.0,9
1597988322170311936,1597988322426000128,2020-08-21 13:38:42.426000,9420.0,9425.0,9250.0,9355.0,nan,9336.44265,8422,786315200.0,19361,9420.0,1,9415.0,23,9425.0,3,9410.0,55,9430.0,52,9405.0,10,9435.0,8,9400.0,9,9440.0,13,9395.0,7
1597988322622828032,1597988322928999936,2020-08-21 13:38:42.929000,9420.0,9425.0,9250.0,9355.0,nan,9336.462488,8424,786503600.0,19360,9425.0,26,9415.0,16,9430.0,35,9410.0,45,9440.0,13,9405.0,30,9450.0,18,9400.0,9,9455.0,15,9395.0,7
1597988323144569088,1597988323428999936,2020-08-21 13:38:43.429000,9420.0,9425.0,9250.0,9355.0,nan,9336.462488,8424,786503600.0,19360,9425.0,4,9420.0,1,9430.0,52,9415.0,17,9440.0,13,9410.0,55,9450.0,18,9405.0,14,9455.0,15,9400.0,9
1597988323628773888,1597988323924999936,2020-08-21 13:38:43.925000,9420.0,9425.0,9250.0,9355.0,nan,9336.462488,8424,786503600.0,19360,9425.0,3,9420.0,1,9430.0,52,9415.0,32,9435.0,8,9410.0,47,9440.0,13,9405.0,14,9450.0,18,9400.0,9
1597988324141812992,1597988324424999936,2020-08-21 13:38:44.425000,9420.0,9425.0,9250.0,9355.0,nan,9336.462488,8424,786503600.0,19360,9425.0,11,9420.0,2,9430.0,59,9415.0,47,9435.0,16,9410.0,53,9440.0,13,9405.0,14,9450.0,18,9400.0,9
1597988324604240896,1597988324895000064,2020-08-21 13:38:44.895000,9420.0,9425.0,9250.0,9355.0,nan,9336.462488,8424,786503600.0,19360,9425.0,11,9420.0,2,9430.0,76,9415.0,32,9435.0,8,9410.0,77,9440.0,13,9405.0,14,9450.0,18,9400.0,9
1597988325146594048,1597988325424000000,2020-08-21 13:38:45.424000,9420.0,9425.0,9250.0,9355.0,nan,9336.462488,8424,786503600.0,19360,9425.0,14,9420.0,2,9430.0,82,9415.0,41,9435.0,8,9410.0,77,9440.0,13,9405.0,14,9450.0,18,9400.0,9
1597988327640783872,1597988327936999936,2020-08-21 13:38:47.937000,9420.0,9425.0,9250.0,9355.0,nan,9336.462488,8424,786503600.0,19360,9425.0,14,9420.0,2,9430.0,74,9415.0,41,9435.0,8,9410.0,69,9440.0,13,9405.0,14,9450.0,18,9400.0,9
1597988328203712000,1597988328431000064,2020-08-21 13:38:48.431000,9420.0,9425.0,9250.0,9355.0,nan,9336.462488,8424,786503600.0,19360,9425.0,14,9420.0,2,9430.0,82,9415.0,41,9435.0,8,9410.0,77,9440.0,13,9405.0,14,9450.0,18,9400.0,9
1597988329285995008,1597988329400000000,2020-08-21 13:38:49.400000,9420.0,9425.0,9250.0,9355.0,nan,9336.472404,8425,786597800.0,19359,9425.0,14,9420.0,1,9430.0,82,9415.0,41,9435.0,8,9410.0,77,9440.0,13,9405.0,14,9450.0,18,9400.0,9
1597988333679806976,1597988333913000192,2020-08-21 13:38:53.913000,9420.0,9425.0,9250.0,9355.0,nan,9336.482317,8426,786692000.0,19359,9420.0,1,9415.0,33,9425.0,6,9410.0,62,9430.0,66,9405.0,14,9435.0,8,9400.0,9,9440.0,13,9395.0,7
1597988334145894912,1597988334436000000,2020-08-21 13:38:54.436000,9420.0,9425.0,9250.0,9355.0,nan,9336.492227,8427,786786200.0,19358,9420.0,1,9415.0,24,9425.0,17,9410.0,46,9430.0,44,9405.0,31,9435.0,8,9400.0,9,9440.0,13,9395.0,7
1597988334619111936,1597988334927000064,2020-08-21 13:38:54.927000,9420.0,9425.0,9250.0,9355.0,nan,9336.492227,8427,786786200.0,19358,9420.0,2,9415.0,27,9425.0,42,9410.0,52,9430.0,43,9405.0,39,9440.0,13,9400.0,9,9450.0,18,9395.0,7
1597988335149323008,1597988335376000000,2020-08-21 13:38:55.376000,9420.0,9425.0,9250.0,9355.0,nan,9336.492227,8427,786786200.0,19358,9420.0,2,9415.0,27,9425.0,42,9410.0,68,9430.0,59,9405.0,39,9440.0,13,9400.0,9,9450.0,18,9395.0,7
1597988335696677120,1597988335924999936,2020-08-21 13:38:55.925000,9420.0,9425.0,9250.0,9355.0,nan,9336.502136,8428,786880400.0,19358,9420.0,1,9415.0,27,9425.0,42,9410.0,68,9430.0,59,9405.0,39,9440.0,13,9400.0,9,9450.0,18,9395.0,7
1597988337140486912,1597988337416999936,2020-08-21 13:38:57.417000,9420.0,9425.0,9250.0,9355.0,nan,9336.512042,8429,786974600.0,19359,9425.0,34,9420.0,1,9430.0,52,9415.0,19,9440.0,13,9410.0,60,9450.0,18,9405.0,39,9455.0,15,9400.0,9
1597988337625540096,1597988337934000128,2020-08-21 13:38:57.934000,9420.0,9425.0,9250.0,9355.0,nan,9336.512042,8429,786974600.0,19359,9425.0,4,9420.0,1,9430.0,68,9415.0,17,9440.0,13,9410.0,70,9450.0,18,9405.0,15,9455.0,15,9400.0,9
1597988338142886912,1597988338428000000,2020-08-21 13:38:58.428000,9420.0,9425.0,9250.0,9355.0,nan,9336.512042,8429,786974600.0,19359,9425.0,11,9420.0,2,9430.0,84,9415.0,40,9435.0,8,9410.0,77,9440.0,13,9405.0,15,9450.0,18,9400.0,9
1597988338628311040,1597988338928999936,2020-08-21 13:38:58.929000,9420.0,9425.0,9250.0,9355.0,nan,9336.512042,8429,786974600.0,19359,9425.0,12,9420.0,2,9430.0,76,9415.0,33,9435.0,8,9410.0,77,9440.0,13,9405.0,15,9450.0,18,9400.0,9
1597988339302855936,1597988339424000000,2020-08-21 13:38:59.424000,9420.0,9425.0,9250.0,9355.0,nan,9336.512042,8429,786974600.0,19359,9425.0,14,9420.0,2,9430.0,82,9415.0,41,9435.0,8,9410.0,77,9440.0,13,9405.0,15,9450.0,18,9400.0,9
1597988342725733888,1597988342924999936,2020-08-21 13:39:02.925000,9420.0,9425.0,9250.0,9355.0,nan,9336.512042,8429,786974600.0,19359,9425.0,14,9420.0,4,9430.0,74,9415.0,41,9435.0,8,9410.0,69,9440.0,13,9405.0,15,9450.0,18,9400.0,9
1597988343168942080,1597988343435000064,2020-08-21 13:39:03.435000,9420.0,9425.0,9250.0,9355.0,nan,9336.512042,8429,786974600.0,19359,9425.0,14,9420.0,8,9430.0,82,9415.0,41,9435.0,8,9410.0,77,9440.0,13,9405.0,15,9450.0,18,9400.0,9
1597988343665889024,1597988343936999936,2020-08-21 13:39:03.937000,9420.0,9425.0,9250.0,9355.0,nan,9336.512042,8429,786974600.0,19359,9425.0,14,9420.0,8,9430.0,80,9415.0,39,9435.0,8,9410.0,77,9440.0,13,9405.0,15,9450.0,18,9400.0,9
1597988344137114880,1597988344374000128,2020-08-21 13:39:04.374000,9420.0,9425.0,9250.0,9355.0,nan,9336.512042,8429,786974600.0,19359,9425.0,14,9420.0,10,9430.0,80,9415.0,39,9435.0,10,9410.0,77,9440.0,13,9405.0,15,9450.0,18,9400.0,9
1597988344621936128,1597988344918999808,2020-08-21 13:39:04.919000,9420.0,9425.0,9250.0,9355.0,nan,9336.512042,8429,786974600.0,19359,9425.0,11,9420.0,10,9430.0,66,9415.0,30,9435.0,10,9410.0,69,9440.0,13,9405.0,15,9450.0,18,9400.0,9
1597988345197614080,1597988345416999936,2020-08-21 13:39:05.417000,9420.0,9425.0,9250.0,9355.0,nan,9336.512042,8429,786974600.0,19359,9425.0,14,9420.0,13,9430.0,72,9415.0,44,9435.0,18,9410.0,69,9440.0,13,9405.0,15,9450.0,18,9400.0,9
1597988345637327872,1597988345923000064,2020-08-21 13:39:05.923000,9420.0,9425.0,9250.0,9355.0,nan,9336.512042,8429,786974600.0,19359,9425.0,14,9420.0,13,9430.0,64,9415.0,44,9435.0,18,9410.0,61,9440.0,13,9405.0,15,9450.0,18,9400.0,4
1597988346161907968,1597988346420999936,2020-08-21 13:39:06.421000,9420.0,9425.0,9250.0,9355.0,nan,9336.512042,8429,786974600.0,19359,9425.0,14,9420.0,13,9430.0,64,9415.0,52,9435.0,26,9410.0,61,9440.0,13,9405.0,10,9450.0,18,9400.0,4
1597988346646382080,1597988346920000000,2020-08-21 13:39:06.920000,9420.0,9425.0,9250.0,9355.0,nan,9336.512042,8429,786974600.0,19359,9425.0,14,9420.0,13,9430.0,64,9415.0,52,9435.0,26,9410.0,53,9440.0,13,9405.0,10,9450.0,18,9400.0,4
1597988347209618944,1597988347420999936,2020-08-21 13:39:07.421000,9420.0,9425.0,9250.0,9355.0,nan,9336.512042,8429,786974600.0,19359,9425.0,14,9420.0,13,9430.0,64,9415.0,52,9435.0,26,9410.0,61,9440.0,13,9405.0,10,9450.0,18,9400.0,4
1597988348637608960,1597988348932000000,2020-08-21 13:39:08.932000,9420.0,9425.0,9250.0,9355.0,nan,9336.512042,8429,786974600.0,19359,9425.0,14,9420.0,13,9430.0,56,9415.0,52,9435.0,26,9410.0,53,9440.0,13,9405.0,10,9450.0,18,9400.0,4
1597988349189076992,1597988349437999872,2020-08-21 13:39:09.438000,9420.0,9425.0,9250.0,9355.0,nan,9336.512042,8429,786974600.0,19359,9425.0,14,9420.0,13,9430.0,64,9415.0,52,9435.0,26,9410.0,61,9440.0,13,9405.0,10,9450.0,18,9400.0,4
1597988354611578880,1597988354903000064,2020-08-21 13:39:14.903000,9420.0,9425.0,9250.0,9355.0,nan,9336.512042,8429,786974600.0,19359,9425.0,14,9420.0,13,9430.0,56,9415.0,52,9435.0,26,9410.0,53,9440.0,13,9405.0,10,9450.0,18,9400.0,4
1597988355138884096,1597988355434000128,2020-08-21 13:39:15.434000,9420.0,9425.0,9250.0,9355.0,nan,9336.512042,8429,786974600.0,19359,9425.0,14,9420.0,18,9430.0,64,9415.0,52,9435.0,26,9410.0,61,9440.0,13,9405.0,10,9450.0,18,9400.0,4
1597988355621832960,1597988355934000128,2020-08-21 13:39:15.934000,9420.0,9425.0,9250.0,9355.0,nan,9336.512042,8429,786974600.0,19359,9425.0,7,9420.0,25,9430.0,40,9415.0,76,9435.0,57,9410.0,30,9440.0,13,9405.0,10,9450.0,18,9400.0,4
1597988356128071936,1597988356436000000,2020-08-21 13:39:16.436000,9420.0,9425.0,9250.0,9355.0,nan,9336.512042,8429,786974600.0,19359,9425.0,4,9420.0,22,9430.0,34,9415.0,70,9435.0,57,9410.0,30,9440.0,13,9405.0,10,9450.0,18,9400.0,4
1597988356615821056,1597988356924999936,2020-08-21 13:39:16.925000,9420.0,9425.0,9250.0,9355.0,nan,9336.512042,8429,786974600.0,19359,9425.0,4,9420.0,25,9430.0,43,9415.0,76,9435.0,57,9410.0,30,9440.0,13,9405.0,10,9450.0,18,9400.0,4
1597988358622384128,1597988358920000000,2020-08-21 13:39:18.920000,9425.0,9425.0,9250.0,9355.0,nan,9336.522539,8430,787068850.0,19360,9425.0,4,9420.0,25,9430.0,43,9415.0,76,9435.0,57,9410.0,30,9440.0,13,9405.0,10,9450.0,18,9400.0,4
1597988361135591936,1597988361430000128,2020-08-21 13:39:21.430000,9425.0,9425.0,9250.0,9355.0,nan,9336.522539,8430,787068850.0,19360,9425.0,6,9420.0,25,9430.0,43,9415.0,76,9435.0,57,9410.0,30,9440.0,13,9405.0,10,9450.0,18,9400.0,4
1597988363633008128,1597988363923000064,2020-08-21 13:39:23.923000,9425.0,9425.0,9250.0,9355.0,nan,9336.554014,8433,787351600.0,19361,9430.0,35,9425.0,1,9435.0,50,9420.0,17,9440.0,13,9415.0,68,9450.0,18,9410.0,30,9455.0,15,9405.0,10
1597988364146454016,1597988364416000000,2020-08-21 13:39:24.416000,9425.0,9425.0,9250.0,9355.0,nan,9336.554014,8433,787351600.0,19361,9430.0,5,9425.0,1,9435.0,66,9420.0,15,9440.0,13,9415.0,78,9450.0,17,9410.0,6,9455.0,15,9405.0,10
1597988364620388096,1597988364924999936,2020-08-21 13:39:24.925000,9425.0,9425.0,9250.0,9355.0,nan,9336.574985,8435,787540100.0,19362,9425.0,1,9420.0,30,9430.0,6,9415.0,78,9435.0,74,9410.0,6,9440.0,21,9405.0,6,9450.0,3,9400.0,4
1597988365131280896,1597988365427000064,2020-08-21 13:39:25.427000,9425.0,9425.0,9250.0,9355.0,nan,9336.606423,8438,787822850.0,19364,9425.0,1,9420.0,15,9430.0,11,9415.0,70,9435.0,59,9410.0,14,9440.0,13,9405.0,6,9450.0,3,9400.0,4
1597988365619983104,1597988365927000064,2020-08-21 13:39:25.927000,9425.0,9425.0,9250.0,9355.0,nan,9336.616898,8439,787917100.0,19364,9425.0,1,9420.0,22,9430.0,34,9415.0,86,9435.0,65,9410.0,22,9440.0,13,9405.0,7,9450.0,3,9400.0,4
1597988366179611904,1597988366421999872,2020-08-21 13:39:26.422000,9425.0,9425.0,9250.0,9355.0,nan,9336.62737,8440,788011350.0,19364,9430.0,19,9425.0,1,9435.0,58,9420.0,15,9440.0,13,9415.0,70,9450.0,3,9410.0,22,9455.0,15,9405.0,7
1597988366653063936,1597988366920000000,2020-08-21 13:39:26.920000,9425.0,9425.0,9250.0,9355.0,nan,9336.62737,8440,788011350.0,19364,9430.0,5,9425.0,1,9435.0,72,9420.0,23,9440.0,13,9415.0,78,9450.0,3,9410.0,6,9455.0,15,9405.0,7
1597988367145558016,1597988367416000000,2020-08-21 13:39:27.416000,9425.0,9425.0,9250.0,9355.0,nan,9336.62737,8440,788011350.0,19364,9430.0,11,9425.0,2,9435.0,74,9420.0,30,9440.0,21,9415.0,85,9450.0,3,9410.0,6,9455.0,15,9405.0,7
1597988367638181888,1597988367901999872,2020-08-21 13:39:27.902000,9425.0,9425.0,9250.0,9355.0,nan,9336.62737,8440,788011350.0,19364,9430.0,14,9425.0,2,9435.0,80,9420.0,39,9440.0,21,9415.0,85,9450.0,3,9410.0,6,9455.0,15,9405.0,7
1597988369611790080,1597988369829999872,2020-08-21 13:39:29.830000,9425.0,9425.0,9250.0,9355.0,nan,9336.62737,8440,788011350.0,19364,9430.0,14,9425.0,2,9435.0,72,9420.0,39,9440.0,21,9415.0,77,9450.0,3,9410.0,6,9455.0,15,9405.0,7
1597988370126689024,1597988370428999936,2020-08-21 13:39:30.429000,9425.0,9425.0,9250.0,9355.0,nan,9336.62737,8440,788011350.0,19364,9430.0,14,9425.0,2,9435.0,80,9420.0,39,9440.0,21,9415.0,85,9450.0,3,9410.0,6,9455.0,15,9405.0,7
1597988371635791104,1597988371914000128,2020-08-21 13:39:31.914000,9425.0,9425.0,9250.0,9355.0,nan,9336.648306,8442,788199850.0,19363,9425.0,1,9420.0,31,9430.0,8,9415.0,78,9435.0,72,9410.0,6,9440.0,21,9405.0,7,9450.0,3,9400.0,4
1597988372123503104,1597988372426000128,2020-08-21 13:39:32.426000,9425.0,9425.0,9250.0,9355.0,nan,9336.648306,8442,788199850.0,19363,9425.0,3,9420.0,14,9430.0,12,9415.0,70,9435.0,58,9410.0,14,9440.0,13,9405.0,7,9450.0,3,9400.0,4
1597988372619492096,1597988372927000064,2020-08-21 13:39:32.927000,9425.0,9425.0,9250.0,9355.0,nan,9336.648306,8442,788199850.0,19363,9425.0,5,9420.0,23,9430.0,37,9415.0,86,9435.0,65,9410.0,22,9440.0,13,9405.0,7,9450.0,3,9400.0,4
1597988373168956928,1597988373426000128,2020-08-21 13:39:33.426000,9425.0,9425.0,9250.0,9355.0,nan,9336.648306,8442,788199850.0,19363,9425.0,5,9420.0,23,9430.0,29,9415.0,78,9435.0,65,9410.0,22,9440.0,13,9405.0,7,9450.0,3,9400.0,4
1597988373616088064,1597988373934000128,2020-08-21 13:39:33.934000,9425.0,9425.0,9250.0,9355.0,nan,9336.648306,8442,788199850.0,19363,9425.0,5,9420.0,25,9430.0,37,9415.0,84,9435.0,65,9410.0,22,9440.0,13,9405.0,7,9450.0,3,9400.0,4
1597988375625472000,1597988375897000192,2020-08-21 13:39:35.897000,9425.0,9425.0,9250.0,9355.0,nan,9336.648306,8442,788199850.0,19363,9425.0,5,9420.0,25,9430.0,37,9415.0,61,9435.0,57,9410.0,22,9440.0,13,9405.0,7,9450.0,3,9400.0,4
1597988376133193984,1597988376411000064,2020-08-21 13:39:36.411000,9425.0,9425.0,9250.0,9355.0,nan,9336.648306,8442,788199850.0,19363,9425.0,5,9420.0,23,9430.0,45,9415.0,69,9435.0,57,9410.0,30,9440.0,13,9405.0,7,9450.0,3,9400.0,4
1597988380638244096,1597988380934000128,2020-08-21 13:39:40.934000,9425.0,9425.0,9250.0,9355.0,nan,9336.648306,8442,788199850.0,19363,9425.0,12,9420.0,23,9430.0,38,9415.0,69,9435.0,57,9410.0,30,9440.0,13,9405.0,7,9450.0,3,9400.0,4
1597988381169976064,1597988381404000000,2020-08-21 13:39:41.404000,9425.0,9425.0,9250.0,9355.0,nan,9336.658771,8443,788294100.0,19363,9425.0,11,9420.0,20,9430.0,29,9415.0,63,9435.0,57,9410.0,30,9440.0,13,9405.0,7,9450.0,3,9400.0,4
1597988381620773120,1597988381904999936,2020-08-21 13:39:41.905000,9425.0,9425.0,9250.0,9355.0,nan,9336.658771,8443,788294100.0,19363,9425.0,14,9420.0,23,9430.0,27,9415.0,69,9435.0,57,9410.0,22,9440.0,13,9405.0,7,9450.0,3,9400.0,4
1597988382106923008,1597988382435000064,2020-08-21 13:39:42.435000,9425.0,9425.0,9250.0,9355.0,nan,9336.658771,8443,788294100.0,19363,9425.0,14,9420.0,23,9430.0,35,9415.0,69,9435.0,57,9410.0,30,9440.0,13,9405.0,7,9450.0,3,9400.0,4
1597988382628828928,1597988382921999872,2020-08-21 13:39:42.922000,9425.0,9425.0,9250.0,9355.0,nan,9336.669233,8444,788388350.0,19364,9425.0,12,9420.0,23,9430.0,35,9415.0,69,9435.0,57,9410.0,30,9440.0,13,9405.0,7,9450.0,3,9400.0,4
1597988383639001088,1597988383916000000,2020-08-21 13:39:43.916000,9420.0,9425.0,9250.0,9355.0,nan,9336.6791,8445,788482550.0,19363,9425.0,12,9420.0,22,9430.0,35,9415.0,69,9435.0,57,9410.0,30,9440.0,13,9405.0,7,9450.0,3,9400.0,4
1597988387646992896,1597988387872000000,2020-08-21 13:39:47.872000,9425.0,9425.0,9250.0,9355.0,nan,9336.689557,8446,788576800.0,19364,9425.0,11,9420.0,22,9430.0,27,9415.0,69,9435.0,57,9410.0,22,9440.0,13,9405.0,7,9450.0,3,9400.0,4
1597988388158682880,1597988388436999936,2020-08-21 13:39:48.437000,9425.0,9425.0,9250.0,9355.0,nan,9336.689557,8446,788576800.0,19364,9425.0,11,9420.0,23,9430.0,35,9415.0,69,9435.0,57,9410.0,30,9440.0,13,9405.0,7,9450.0,3,9400.0,4
1597988390181369088,1597988390432000000,2020-08-21 13:39:50.432000,9425.0,9425.0,9250.0,9355.0,nan,9336.689557,8446,788576800.0,19364,9425.0,11,9420.0,23,9430.0,36,9415.0,69,9435.0,57,9410.0,30,9440.0,13,9405.0,7,9450.0,3,9400.0,4
1597988393613420032,1597988393904999936,2020-08-21 13:39:53.905000,9425.0,9425.0,9250.0,9355.0,nan,9336.689557,8446,788576800.0,19364,9425.0,11,9420.0,23,9430.0,28,9415.0,69,9435.0,57,9410.0,22,9440.0,13,9405.0,7,9450.0,3,9400.0,4
1597988394118151936,1597988394424999936,2020-08-21 13:39:54.425000,9425.0,9425.0,9250.0,9355.0,nan,9336.689557,8446,788576800.0,19364,9425.0,11,9420.0,23,9430.0,36,9415.0,69,9435.0,57,9410.0,30,9440.0,13,9405.0,7,9450.0,3,9400.0,4
1597988403614331904,1597988403924000000,2020-08-21 13:40:03.924000,9425.0,9425.0,9250.0,9355.0,nan,9336.804422,8457,789613550.0,19374,9430.0,29,9425.0,9,9435.0,50,9420.0,14,9440.0,13,9415.0,55,9450.0,3,9410.0,30,9455.0,16,9405.0,7
1597988404174713088,1597988404411000064,2020-08-21 13:40:04.411000,9425.0,9425.0,9250.0,9355.0,nan,9336.804422,8457,789613550.0,19374,9430.0,7,9425.0,11,9435.0,64,9420.0,18,9440.0,13,9415.0,64,9450.0,3,9410.0,6,9455.0,16,9405.0,7
1597988404628412928,1597988404903000064,2020-08-21 13:40:04.903000,9425.0,9425.0,9250.0,9355.0,nan,9336.804422,8457,789613550.0,19374,9430.0,5,9425.0,9,9435.0,49,9420.0,34,9440.0,36,9415.0,56,9450.0,3,9410.0,6,9455.0,16,9405.0,7
1597988405173902080,1597988405420000000,2020-08-21 13:40:05.420000,9430.0,9430.0,9250.0,9355.0,nan,9336.815441,8458,789707850.0,19374,9430.0,4,9425.0,11,9435.0,41,9420.0,43,9440.0,38,9415.0,39,9450.0,3,9410.0,6,9455.0,16,9405.0,7
1597988405617580032,1597988405897000192,2020-08-21 13:40:05.897000,9425.0,9430.0,9250.0,9355.0,nan,9336.825866,8459,789802100.0,19373,9430.0,12,9425.0,18,9435.0,25,9420.0,35,9440.0,38,9415.0,31,9450.0,3,9410.0,6,9455.0,16,9405.0,7
1597988406162198016,1597988406427000064,2020-08-21 13:40:06.427000,9425.0,9430.0,9250.0,9355.0,nan,9336.825866,8459,789802100.0,19373,9430.0,14,9425.0,21,9435.0,31,9420.0,49,9440.0,47,9415.0,31,9450.0,3,9410.0,6,9455.0,16,9405.0,7
1597988406625693952,1597988406927000064,2020-08-21 13:40:06.927000,9425.0,9430.0,9250.0,9355.0,nan,9336.825866,8459,789802100.0,19373,9430.0,12,9425.0,21,9435.0,31,9420.0,65,9440.0,63,9415.0,31,9450.0,3,9410.0,6,9455.0,16,9405.0,7
1597988408141979904,1597988408431000064,2020-08-21 13:40:08.431000,9425.0,9430.0,9250.0,9355.0,nan,9336.836288,8460,789896350.0,19373,9430.0,12,9425.0,20,9435.0,31,9420.0,65,9440.0,63,9415.0,31,9450.0,3,9410.0,6,9455.0,16,9405.0,7
1597988409638166016,1597988409904999936,2020-08-21 13:40:09.905000,9425.0,9430.0,9250.0,9355.0,nan,9336.836288,8460,789896350.0,19373,9430.0,13,9425.0,20,9435.0,23,9420.0,65,9440.0,63,9415.0,23,9450.0,3,9410.0,6,9455.0,16,9405.0,7
1597988410117993984,1597988410403000064,2020-08-21 13:40:10.403000,9425.0,9430.0,9250.0,9355.0,nan,9336.836288,8460,789896350.0,19373,9430.0,13,9425.0,19,9435.0,31,9420.0,65,9440.0,62,9415.0,31,9450.0,3,9410.0,6,9455.0,16,9405.0,7
1597988410633537024,1597988410931000064,2020-08-21 13:40:10.931000,9425.0,9430.0,9250.0,9355.0,nan,9336.836288,8460,789896350.0,19373,9430.0,14,9425.0,20,9435.0,31,9420.0,65,9440.0,62,9415.0,31,9450.0,3,9410.0,6,9455.0,16,9405.0,7
1597988411150200064,1597988411436000000,2020-08-21 13:40:11.436000,9425.0,9430.0,9250.0,9355.0,nan,9336.836288,8460,789896350.0,19373,9430.0,16,9425.0,20,9435.0,31,9420.0,65,9440.0,62,9415.0,31,9450.0,3,9410.0,6,9455.0,16,9405.0,7
1597988413660835072,1597988413916000000,2020-08-21 13:40:13.916000,9425.0,9430.0,9250.0,9355.0,nan,9336.836288,8460,789896350.0,19373,9430.0,14,9425.0,20,9435.0,31,9420.0,65,9440.0,62,9415.0,31,9450.0,3,9410.0,6,9455.0,16,9405.0,7
1597988414166673920,1597988414356000000,2020-08-21 13:40:14.356000,9425.0,9430.0,9250.0,9355.0,nan,9336.836288,8460,789896350.0,19373,9430.0,16,9425.0,20,9435.0,31,9420.0,65,9440.0,62,9415.0,31,9450.0,3,9410.0,6,9455.0,16,9405.0,7
1597988415145324032,1597988415437999872,2020-08-21 13:40:15.438000,9425.0,9430.0,9250.0,9355.0,nan,9337.044222,8480,791781350.0,19363,9425.0,11,9420.0,51,9430.0,7,9415.0,31,9435.0,24,9410.0,6,9440.0,55,9405.0,7,9450.0,3,9400.0,4
1597988415665351936,1597988415935000064,2020-08-21 13:40:15.935000,9425.0,9430.0,9250.0,9355.0,nan,9337.044222,8480,791781350.0,19363,9425.0,15,9420.0,13,9430.0,18,9415.0,29,9435.0,16,9410.0,15,9440.0,13,9405.0,6,9450.0,3,9400.0,4
1597988416136055040,1597988416325999872,2020-08-21 13:40:16.326000,9425.0,9430.0,9250.0,9355.0,nan,9337.044222,8480,791781350.0,19363,9425.0,15,9420.0,12,9430.0,60,9415.0,25,9435.0,8,9410.0,54,9440.0,13,9405.0,6,9450.0,3,9400.0,4
1597988416606959104,1597988416935000064,2020-08-21 13:40:16.935000,9425.0,9430.0,9250.0,9355.0,nan,9337.044222,8480,791781350.0,19363,9425.0,15,9420.0,12,9430.0,76,9415.0,25,9435.0,8,9410.0,70,9440.0,13,9405.0,6,9450.0,3,9400.0,4
1597988417194500096,1597988417420999936,2020-08-21 13:40:17.421000,9425.0,9430.0,9250.0,9355.0,nan,9337.044222,8480,791781350.0,19363,9425.0,23,9420.0,16,9430.0,76,9415.0,25,9435.0,8,9410.0,70,9440.0,13,9405.0,6,9450.0,3,9400.0,4
1597988421634343936,1597988421928000000,2020-08-21 13:40:21.928000,9425.0,9430.0,9250.0,9355.0,nan,9337.044222,8480,791781350.0,19363,9425.0,23,9420.0,16,9430.0,68,9415.0,25,9435.0,8,9410.0,62,9440.0,13,9405.0,6,9450.0,3,9400.0,4
1597988422122123008,1597988422401999872,2020-08-21 13:40:22.402000,9425.0,9430.0,9250.0,9355.0,nan,9337.044222,8480,791781350.0,19363,9425.0,22,9420.0,16,9430.0,76,9415.0,25,9435.0,8,9410.0,69,9440.0,13,9405.0,6,9450.0,3,9400.0,4
1597988422645803008,1597988422921999872,2020-08-21 13:40:22.922000,9425.0,9430.0,9250.0,9355.0,nan,9337.044222,8480,791781350.0,19363,9425.0,23,9420.0,17,9430.0,76,9415.0,25,9435.0,8,9410.0,69,9440.0,13,9405.0,6,9450.0,3,9400.0,4
1597988427625345024,1597988427918999808,2020-08-21 13:40:27.919000,9425.0,9430.0,9250.0,9355.0,nan,9337.044222,8480,791781350.0,19363,9425.0,23,9420.0,17,9430.0,68,9415.0,25,9435.0,8,9410.0,61,9440.0,13,9405.0,6,9450.0,3,9400.0,4
1597988428126280960,1597988428412000000,2020-08-21 13:40:28.412000,9425.0,9430.0,9250.0,9355.0,nan,9337.044222,8480,791781350.0,19363,9425.0,23,9420.0,17,9430.0,76,9415.0,25,9435.0,8,9410.0,69,9440.0,13,9405.0,6,9450.0,3,9400.0,4
1597988433620844032,1597988433934000128,2020-08-21 13:40:33.934000,9425.0,9430.0,9250.0,9355.0,nan,9337.044222,8480,791781350.0,19363,9425.0,23,9420.0,17,9430.0,68,9415.0,25,9435.0,8,9410.0,61,9440.0,13,9405.0,6,9450.0,3,9400.0,4
1597988434115412992,1597988434405999872,2020-08-21 13:40:34.406000,9425.0,9430.0,9250.0,9355.0,nan,9337.044222,8480,791781350.0,19363,9425.0,23,9420.0,17,9430.0,76,9415.0,25,9435.0,8,9410.0,69,9440.0,13,9405.0,6,9450.0,3,9400.0,4
1597988439642668032,1597988439926000128,2020-08-21 13:40:39.926000,9425.0,9430.0,9250.0,9355.0,nan,9337.044222,8480,791781350.0,19363,9425.0,23,9420.0,17,9430.0,68,9415.0,25,9435.0,8,9410.0,61,9440.0,13,9405.0,6,9450.0,3,9400.0,4
1597988440129648896,1597988440408000000,2020-08-21 13:40:40.408000,9425.0,9430.0,9250.0,9355.0,nan,9337.044222,8480,791781350.0,19363,9425.0,23,9420.0,17,9430.0,76,9415.0,25,9435.0,8,9410.0,69,9440.0,13,9405.0,6,9450.0,3,9400.0,4
1597988445151467008,1597988445427000064,2020-08-21 13:40:45.427000,9425.0,9430.0,9250.0,9355.0,nan,9337.044222,8480,791781350.0,19363,9425.0,23,9420.0,17,9430.0,75,9415.0,25,9435.0,8,9410.0,69,9440.0,13,9405.0,6,9450.0,3,9400.0,4
1597988445622555904,1597988445926000128,2020-08-21 13:40:45.926000,9425.0,9430.0,9250.0,9355.0,nan,9337.044222,8480,791781350.0,19363,9425.0,23,9420.0,17,9430.0,67,9415.0,25,9435.0,8,9410.0,61,9440.0,13,9405.0,6,9450.0,3,9400.0,4
1597988446142848000,1597988446435000064,2020-08-21 13:40:46.435000,9425.0,9430.0,9250.0,9355.0,nan,9337.044222,8480,791781350.0,19363,9425.0,23,9420.0,17,9430.0,75,9415.0,25,9435.0,8,9410.0,69,9440.0,13,9405.0,6,9450.0,3,9400.0,4
1597988461116754944,1597988461427000064,2020-08-21 13:41:01.427000,9415.0,9430.0,9250.0,9355.0,nan,9337.219346,8498,793476900.0,19379,9420.0,9,9415.0,17,9425.0,11,9410.0,62,9430.0,61,9405.0,6,9435.0,8,9400.0,4,9440.0,13,9395.0,8
1597988461629210880,1597988461891000064,2020-08-21 13:41:01.891000,9420.0,9430.0,9250.0,9355.0,nan,9337.229086,8499,793571100.0,19379,9420.0,10,9415.0,6,9425.0,27,9410.0,53,9430.0,43,9405.0,14,9440.0,13,9400.0,4,9450.0,3,9395.0,8
1597988462176856064,1597988462420999936,2020-08-21 13:41:02.421000,9420.0,9430.0,9250.0,9355.0,nan,9337.229086,8499,793571100.0,19379,9420.0,8,9415.0,4,9425.0,55,9410.0,34,9430.0,27,9405.0,45,9440.0,13,9400.0,4,9450.0,3,9395.0,8
1597988462633554944,1597988462911000064,2020-08-21 13:41:02.911000,9420.0,9430.0,9250.0,9355.0,nan,9337.229086,8499,793571100.0,19379,9420.0,8,9415.0,4,9425.0,55,9410.0,42,9430.0,27,9405.0,37,9440.0,13,9400.0,4,9450.0,17,9395.0,8
1597988463132402944,1597988463430000128,2020-08-21 13:41:03.430000,9420.0,9430.0,9250.0,9355.0,nan,9337.229086,8499,793571100.0,19379,9420.0,16,9415.0,12,9425.0,63,9410.0,42,9430.0,27,9405.0,45,9440.0,13,9400.0,4,9450.0,17,9395.0,8
1597988463615578880,1597988463935000064,2020-08-21 13:41:03.935000,9420.0,9430.0,9250.0,9355.0,nan,9337.229086,8499,793571100.0,19379,9420.0,9,9415.0,4,9425.0,71,9410.0,18,9430.0,11,9405.0,62,9440.0,13,9400.0,4,9450.0,17,9395.0,8
1597988464145670912,1597988464432000000,2020-08-21 13:41:04.432000,9420.0,9430.0,9250.0,9355.0,nan,9337.229086,8499,793571100.0,19379,9420.0,10,9415.0,4,9425.0,85,9410.0,33,9430.0,19,9405.0,69,9440.0,13,9400.0,4,9450.0,17,9395.0,8
1597988464627511040,1597988464926000128,2020-08-21 13:41:04.926000,9420.0,9430.0,9250.0,9355.0,nan,9337.229086,8499,793571100.0,19379,9420.0,8,9415.0,4,9425.0,79,9410.0,25,9430.0,19,9405.0,69,9440.0,13,9400.0,4,9450.0,17,9395.0,8
1597988465154926080,1597988465426000128,2020-08-21 13:41:05.426000,9420.0,9430.0,9250.0,9355.0,nan,9337.229086,8499,793571100.0,19379,9420.0,8,9415.0,4,9425.0,87,9410.0,33,9430.0,19,9405.0,69,9440.0,13,9400.0,4,9450.0,17,9395.0,8
1597988465613483008,1597988465921999872,2020-08-21 13:41:05.922000,9420.0,9430.0,9250.0,9355.0,nan,9337.229086,8499,793571100.0,19379,9420.0,8,9415.0,4,9425.0,79,9410.0,41,9430.0,27,9405.0,61,9440.0,13,9400.0,4,9450.0,17,9395.0,8
1597988469603546112,1597988469934000128,2020-08-21 13:41:09.934000,9420.0,9430.0,9250.0,9355.0,nan,9337.229086,8499,793571100.0,19379,9420.0,8,9415.0,4,9425.0,71,9410.0,41,9430.0,26,9405.0,53,9440.0,13,9400.0,4,9450.0,17,9395.0,8
1597988470108977920,1597988470438999808,2020-08-21 13:41:10.439000,9420.0,9430.0,9250.0,9355.0,nan,9337.229086,8499,793571100.0,19379,9420.0,8,9415.0,4,9425.0,80,9410.0,42,9430.0,26,9405.0,61,9440.0,13,9400.0,4,9450.0,17,9395.0,8
1597988472603360000,1597988472932000000,2020-08-21 13:41:12.932000,9420.0,9430.0,9250.0,9355.0,nan,9337.238824,8500,793665300.0,19379,9420.0,7,9415.0,4,9425.0,80,9410.0,42,9430.0,26,9405.0,61,9440.0,13,9400.0,4,9450.0,17,9395.0,8
1597988474605107968,1597988474933000192,2020-08-21 13:41:14.933000,9420.0,9430.0,9250.0,9355.0,nan,9337.238824,8500,793665300.0,19379,9420.0,7,9415.0,4,9425.0,82,9410.0,42,9430.0,26,9405.0,61,9440.0,13,9400.0,4,9450.0,17,9395.0,8
1597988475622638080,1597988475930000128,2020-08-21 13:41:15.930000,9420.0,9430.0,9250.0,9355.0,nan,9337.238824,8500,793665300.0,19379,9420.0,7,9410.0,42,9425.0,74,9405.0,53,9430.0,26,9400.0,4,9440.0,13,9395.0,8,9450.0,17,9390.0,22
1597988476134123008,1597988476435000064,2020-08-21 13:41:16.435000,9420.0,9430.0,9250.0,9355.0,nan,9337.238824,8500,793665300.0,19379,9420.0,7,9415.0,30,9425.0,74,9410.0,26,9430.0,18,9405.0,61,9440.0,13,9400.0,4,9450.0,17,9395.0,8
1597988476618631936,1597988476928000000,2020-08-21 13:41:16.928000,9420.0,9430.0,9250.0,9355.0,nan,9337.238824,8500,793665300.0,19379,9420.0,7,9415.0,32,9425.0,58,9410.0,54,9430.0,41,9405.0,38,9440.0,13,9400.0,4,9450.0,17,9395.0,8
1597988477139706880,1597988477436000000,2020-08-21 13:41:17.436000,9420.0,9430.0,9250.0,9355.0,nan,9337.238824,8500,793665300.0,19379,9420.0,7,9415.0,33,9425.0,51,9410.0,70,9430.0,57,9405.0,30,9440.0,13,9400.0,4,9450.0,17,9395.0,8
1597988477643642112,1597988477934000128,2020-08-21 13:41:17.934000,9420.0,9430.0,9250.0,9355.0,nan,9337.238824,8500,793665300.0,19379,9420.0,7,9415.0,33,9425.0,51,9410.0,70,9430.0,57,9405.0,30,9440.0,13,9400.0,4,9450.0,17,9395.0,7
1597988478640024064,1597988478927000064,2020-08-21 13:41:18.927000,9415.0,9430.0,9250.0,9355.0,nan,9337.257116,8502,793853600.0,19379,9420.0,13,9415.0,31,9425.0,51,9410.0,70,9430.0,57,9405.0,30,9440.0,13,9400.0,4,9450.0,17,9395.0,7
1597988479145124096,1597988479433000192,2020-08-21 13:41:19.433000,9415.0,9430.0,9250.0,9355.0,nan,9337.257116,8502,793853600.0,19379,9420.0,13,9415.0,28,9425.0,42,9410.0,64,9430.0,57,9405.0,30,9440.0,13,9400.0,4,9450.0,17,9395.0,7
1597988479638671872,1597988479936000000,2020-08-21 13:41:19.936000,9415.0,9430.0,9250.0,9355.0,nan,9337.257116,8502,793853600.0,19379,9420.0,16,9415.0,31,9425.0,48,9410.0,70,9430.0,57,9405.0,30,9440.0,13,9400.0,4,9450.0,17,9395.0,7
1597988480133875968,1597988480416999936,2020-08-21 13:41:20.417000,9405.0,9430.0,9250.0,9355.0,nan,9337.772393,8563,799593450.0,19355,9410.0,8,9405.0,22,9415.0,3,9400.0,4,9420.0,13,9395.0,7,9425.0,41,9390.0,22,9430.0,10,9385.0,6
1597988480628591104,1597988480903000064,2020-08-21 13:41:20.903000,9405.0,9430.0,9250.0,9355.0,nan,9337.855476,8573,800534350.0,19346,9415.0,17,9400.0,20,9420.0,26,9395.0,15,9425.0,15,9390.0,22,9430.0,2,9385.0,6,9440.0,13,9380.0,15
1597988481138830080,1597988481438999808,2020-08-21 13:41:21.439000,9405.0,9430.0,9250.0,9355.0,nan,9337.855476,8573,800534350.0,19346,9410.0,1,9400.0,28,9415.0,23,9395.0,15,9420.0,34,9390.0,8,9425.0,15,9385.0,6,9430.0,2,9380.0,15
1597988481653629952,1597988481937999872,2020-08-21 13:41:21.938000,9405.0,9430.0,9250.0,9355.0,nan,9337.855476,8573,800534350.0,19346,9410.0,9,9405.0,3,9415.0,39,9400.0,18,9420.0,18,9395.0,39,9425.0,15,9390.0,8,9430.0,2,9385.0,6
1597988482118929920,1597988482430000128,2020-08-21 13:41:22.430000,9405.0,9430.0,9250.0,9355.0,nan,9337.855476,8573,800534350.0,19346,9410.0,9,9405.0,12,9415.0,37,9400.0,14,9420.0,26,9395.0,39,9425.0,15,9390.0,8,9430.0,2,9385.0,6
1597988482635768064,1597988482936000000,2020-08-21 13:41:22.936000,9405.0,9430.0,9250.0,9355.0,nan,9337.855476,8573,800534350.0,19346,9410.0,9,9405.0,12,9415.0,31,9400.0,24,9420.0,34,9395.0,31,9425.0,15,9390.0,8,9430.0,2,9385.0,6
1597988483128555008,1597988483434000128,2020-08-21 13:41:23.434000,9405.0,9430.0,9250.0,9355.0,nan,9337.855476,8573,800534350.0,19346,9410.0,11,9405.0,14,9415.0,38,9400.0,46,9420.0,49,9395.0,31,9425.0,15,9390.0,8,9430.0,2,9385.0,6
1597988483620685056,1597988483932000000,2020-08-21 13:41:23.932000,9405.0,9430.0,9250.0,9355.0,nan,9337.855476,8573,800534350.0,19346,9410.0,11,9405.0,14,9415.0,38,9400.0,46,9420.0,49,9395.0,31,9425.0,15,9390.0,8,9430.0,2,9385.0,7
1597988484132190976,1597988484434000128,2020-08-21 13:41:24.434000,9405.0,9430.0,9250.0,9355.0,nan,9337.855476,8573,800534350.0,19346,9410.0,11,9405.0,14,9415.0,38,9400.0,54,9420.0,57,9395.0,31,9425.0,15,9390.0,8,9430.0,2,9385.0,7
1597988485641780992,1597988486210000128,2020-08-21 13:41:26.210000,9405.0,9430.0,9250.0,9355.0,nan,9337.964947,8587,801851050.0,19346,9405.0,6,9400.0,40,9410.0,1,9395.0,31,9415.0,31,9390.0,8,9420.0,50,9385.0,7,9425.0,15,9380.0,15
1597988486160844032,1597988486437999872,2020-08-21 13:41:26.438000,9405.0,9430.0,9250.0,9355.0,nan,9338.011754,8593,802415350.0,19340,9405.0,6,9400.0,9,9410.0,11,9395.0,39,9415.0,30,9390.0,17,9420.0,18,9385.0,7,9425.0,15,9380.0,15
1597988486627849984,1597988486928000000,2020-08-21 13:41:26.928000,9405.0,9430.0,9250.0,9355.0,nan,9338.058495,8599,802979650.0,19346,9410.0,22,9400.0,8,9415.0,36,9395.0,49,9420.0,18,9390.0,25,9425.0,15,9385.0,7,9430.0,2,9380.0,15
1597988487134874112,1597988487435000064,2020-08-21 13:41:27.435000,9405.0,9430.0,9250.0,9355.0,nan,9338.058495,8599,802979650.0,19346,9410.0,5,9400.0,8,9415.0,60,9395.0,66,9420.0,18,9390.0,9,9425.0,15,9385.0,7,9430.0,2,9380.0,15
1597988487610940928,1597988487936999936,2020-08-21 13:41:27.937000,9405.0,9430.0,9250.0,9355.0,nan,9338.058495,8599,802979650.0,19346,9410.0,11,9400.0,17,9415.0,85,9395.0,88,9420.0,18,9390.0,9,9425.0,15,9385.0,7,9430.0,2,9380.0,15
1597988488125736960,1597988488431000064,2020-08-21 13:41:28.431000,9405.0,9430.0,9250.0,9355.0,nan,9338.058495,8599,802979650.0,19346,9410.0,12,9400.0,18,9415.0,77,9395.0,80,9420.0,18,9390.0,9,9425.0,15,9385.0,7,9430.0,2,9380.0,15
1597988488658096896,1597988488936999936,2020-08-21 13:41:28.937000,9405.0,9430.0,9250.0,9355.0,nan,9338.058495,8599,802979650.0,19346,9410.0,14,9400.0,20,9415.0,91,9395.0,94,9420.0,18,9390.0,9,9425.0,15,9385.0,7,9430.0,2,9380.0,15
1597988489171880960,1597988489436000000,2020-08-21 13:41:29.436000,9405.0,9430.0,9250.0,9355.0,nan,9338.058495,8599,802979650.0,19346,9410.0,14,9400.0,20,9415.0,91,9395.0,94,9420.0,18,9390.0,9,9425.0,15,9385.0,6,9430.0,2,9380.0,15
1597988489625019904,1597988489936999936,2020-08-21 13:41:29.937000,9405.0,9430.0,9250.0,9355.0,nan,9338.058495,8599,802979650.0,19346,9405.0,3,9400.0,20,9410.0,14,9395.0,94,9415.0,91,9390.0,7,9420.0,18,9385.0,6,9425.0,15,9380.0,15
1597988490159139072,1597988490401999872,2020-08-21 13:41:30.402000,9405.0,9430.0,9250.0,9355.0,nan,9338.058495,8599,802979650.0,19346,9405.0,11,9400.0,17,9410.0,13,9395.0,73,9415.0,68,9390.0,15,9420.0,18,9385.0,6,9425.0,15,9380.0,15
1597988490642309888,1597988490935000064,2020-08-21 13:41:30.935000,9405.0,9430.0,9250.0,9355.0,nan,9338.058495,8599,802979650.0,19346,9405.0,13,9400.0,18,9410.0,26,9395.0,79,9415.0,68,9390.0,23,9420.0,18,9385.0,6,9425.0,15,9380.0,15
1597988491123771904,1597988491427000064,2020-08-21 13:41:31.427000,9405.0,9430.0,9250.0,9355.0,nan,9338.058495,8599,802979650.0,19346,9405.0,14,9400.0,19,9410.0,26,9395.0,79,9415.0,68,9390.0,23,9420.0,18,9385.0,6,9425.0,15,9380.0,15
1597988492642797056,1597988492917999872,2020-08-21 13:41:32.918000,9405.0,9430.0,9250.0,9355.0,nan,9338.058495,8599,802979650.0,19346,9405.0,14,9400.0,19,9410.0,26,9395.0,71,9415.0,60,9390.0,23,9420.0,18,9385.0,6,9425.0,15,9380.0,15
1597988493162365952,1597988493436999936,2020-08-21 13:41:33.437000,9405.0,9430.0,9250.0,9355.0,nan,9338.058495,8599,802979650.0,19346,9405.0,14,9400.0,19,9410.0,34,9395.0,71,9415.0,60,9390.0,31,9420.0,10,9385.0,6,9425.0,15,9380.0,15
1597988493655141120,1597988493933000192,2020-08-21 13:41:33.933000,9405.0,9430.0,9250.0,9355.0,nan,9338.058495,8599,802979650.0,19346,9405.0,44,9400.0,19,9410.0,34,9395.0,71,9415.0,60,9390.0,31,9420.0,10,9385.0,6,9425.0,15,9380.0,15
1597988494116753920,1597988494396000000,2020-08-21 13:41:34.396000,9405.0,9430.0,9250.0,9355.0,nan,9338.058495,8599,802979650.0,19346,9405.0,44,9400.0,17,9410.0,63,9395.0,30,9415.0,29,9390.0,70,9420.0,10,9385.0,6,9425.0,15,9380.0,15
1597988494626843904,1597988494912000000,2020-08-21 13:41:34.912000,9410.0,9430.0,9250.0,9355.0,nan,9338.301078,8629,805802000.0,19342,9410.0,40,9405.0,16,9415.0,13,9400.0,6,9420.0,10,9395.0,16,9425.0,14,9390.0,64,9430.0,2,9385.0,6
1597988495143454976,1597988495416000000,2020-08-21 13:41:35.416000,9410.0,9430.0,9250.0,9355.0,nan,9338.301078,8629,805802000.0,19342,9415.0,53,9405.0,25,9420.0,11,9400.0,4,9425.0,14,9395.0,55,9430.0,2,9390.0,7,9440.0,41,9385.0,6
1597988495628216064,1597988495935000064,2020-08-21 13:41:35.935000,9410.0,9430.0,9250.0,9355.0,nan,9338.301078,8629,805802000.0,19342,9410.0,1,9405.0,18,9415.0,3,9400.0,36,9420.0,36,9395.0,7,9425.0,14,9390.0,8,9430.0,2,9385.0,6
1597988496157527040,1597988496431000064,2020-08-21 13:41:36.431000,9410.0,9430.0,9250.0,9355.0,nan,9338.301078,8629,805802000.0,19342,9415.0,28,9405.0,26,9420.0,51,9400.0,44,9425.0,14,9395.0,23,9430.0,2,9390.0,8,9440.0,41,9385.0,6
1597988496600105984,1597988496937999872,2020-08-21 13:41:36.938000,9410.0,9430.0,9250.0,9355.0,nan,9338.301078,8629,805802000.0,19342,9415.0,12,9405.0,26,9420.0,75,9400.0,68,9425.0,14,9395.0,7,9430.0,2,9390.0,8,9440.0,41,9385.0,6
1597988497116044032,1597988497436000000,2020-08-21 13:41:37.436000,9410.0,9430.0,9250.0,9355.0,nan,9338.301078,8629,805802000.0,19342,9415.0,9,9405.0,35,9420.0,100,9400.0,83,9425.0,14,9395.0,7,9430.0,2,9390.0,8,9440.0,41,9385.0,6
1597988497618131968,1597988497903000064,2020-08-21 13:41:37.903000,9410.0,9430.0,9250.0,9355.0,nan,9338.301078,8629,805802000.0,19342,9415.0,9,9410.0,5,9420.0,84,9405.0,55,9425.0,30,9400.0,67,9430.0,2,9395.0,7,9440.0,41,9390.0,8
1597988498152300032,1597988498437999872,2020-08-21 13:41:38.438000,9415.0,9430.0,9250.0,9355.0,nan,9338.37212,8637,806555200.0,19342,9420.0,67,9415.0,7,9425.0,22,9410.0,5,9430.0,2,9405.0,20,9440.0,41,9400.0,60,9450.0,3,9395.0,7
1597988498617246976,1597988498930000128,2020-08-21 13:41:38.930000,9420.0,9430.0,9250.0,9355.0,nan,9338.45709,8646,807403000.0,19342,9420.0,25,9415.0,7,9425.0,46,9410.0,5,9430.0,2,9405.0,34,9440.0,41,9400.0,28,9450.0,3,9395.0,7
1597988499154857984,1597988499424000000,2020-08-21 13:41:39.424000,9415.0,9430.0,9250.0,9355.0,nan,9338.48364,8649,807685450.0,19339,9420.0,1,9415.0,4,9425.0,64,9410.0,16,9430.0,10,9405.0,57,9440.0,27,9400.0,4,9450.0,17,9395.0,7
1597988499620578048,1597988499934000128,2020-08-21 13:41:39.934000,9415.0,9430.0,9250.0,9355.0,nan,9338.48364,8649,807685450.0,19339,9420.0,2,9415.0,9,9425.0,73,9410.0,39,9430.0,25,9405.0,58,9440.0,27,9400.0,4,9450.0,17,9395.0,7
1597988500177508096,1597988500622999808,2020-08-21 13:41:40.623000,9415.0,9430.0,9250.0,9355.0,nan,9338.48364,8649,807685450.0,19339,9420.0,10,9415.0,17,9425.0,58,9410.0,48,9430.0,41,9405.0,50,9440.0,27,9400.0,4,9450.0,17,9395.0,7
1597988500616772096,1597988500921999872,2020-08-21 13:41:40.922000,9415.0,9430.0,9250.0,9355.0,nan,9338.48364,8649,807685450.0,19339,9420.0,12,9415.0,19,9425.0,47,9410.0,61,9430.0,49,9405.0,34,9440.0,27,9400.0,4,9450.0,17,9395.0,7
1597988501149496064,1597988501435000064,2020-08-21 13:41:41.435000,9415.0,9430.0,9250.0,9355.0,nan,9338.48364,8649,807685450.0,19339,9420.0,13,9415.0,20,9425.0,47,9410.0,69,9430.0,57,9405.0,34,9440.0,27,9400.0,4,9450.0,17,9395.0,7
1597988502627143936,1597988502908999936,2020-08-21 13:41:42.909000,9415.0,9430.0,9250.0,9355.0,nan,9338.48364,8649,807685450.0,19339,9420.0,13,9415.0,20,9425.0,48,9410.0,69,9430.0,57,9405.0,34,9440.0,27,9400.0,4,9450.0,17,9395.0,7
1597988503617803008,1597988503921999872,2020-08-21 13:41:43.922000,9415.0,9430.0,9250.0,9355.0,nan,9338.48364,8649,807685450.0,19339,9420.0,13,9415.0,20,9425.0,40,9410.0,69,9430.0,57,9405.0,26,9440.0,27,9400.0,4,9450.0,17,9395.0,7
1597988504131570944,1597988504430000128,2020-08-21 13:41:44.430000,9415.0,9430.0,9250.0,9355.0,nan,9338.554349,8657,808438650.0,19335,9420.0,13,9415.0,12,9425.0,48,9410.0,69,9430.0,57,9405.0,34,9440.0,27,9400.0,4,9450.0,17,9395.0,7
1597988504635714048,1597988504926000128,2020-08-21 13:41:44.926000,9415.0,9430.0,9250.0,9355.0,nan,9338.554349,8657,808438650.0,19335,9420.0,13,9415.0,12,9425.0,71,9410.0,46,9430.0,34,9405.0,57,9440.0,27,9400.0,4,9450.0,17,9395.0,7
1597988505141402112,1597988505408999936,2020-08-21 13:41:45.409000,9415.0,9430.0,9250.0,9355.0,nan,9338.554349,8657,808438650.0,19335,9420.0,13,9415.0,12,9425.0,79,9410.0,38,9430.0,26,9405.0,65,9440.0,27,9400.0,4,9450.0,17,9395.0,7
1597988505620964096,1597988505936999936,2020-08-21 13:41:45.937000,9415.0,9430.0,9250.0,9355.0,nan,9338.554349,8657,808438650.0,19335,9420.0,13,9415.0,12,9425.0,79,9410.0,30,9430.0,18,9405.0,65,9440.0,27,9400.0,4,9450.0,17,9395.0,7
1597988506126266880,1597988506427000064,2020-08-21 13:41:46.427000,9415.0,9430.0,9250.0,9355.0,nan,9338.554349,8657,808438650.0,19335,9420.0,13,9415.0,12,9425.0,87,9410.0,30,9430.0,18,9405.0,73,9440.0,27,9400.0,4,9450.0,17,9395.0,7
1597988507612637952,1597988507912000000,2020-08-21 13:41:47.912000,9415.0,9430.0,9250.0,9355.0,nan,9338.554349,8657,808438650.0,19335,9420.0,13,9415.0,12,9425.0,86,9410.0,30,9430.0,18,9405.0,73,9440.0,27,9400.0,4,9450.0,17,9395.0,7
1597988509118737920,1597988509432000000,2020-08-21 13:41:49.432000,9415.0,9430.0,9250.0,9355.0,nan,9338.554349,8657,808438650.0,19335,9420.0,13,9415.0,12,9425.0,87,9410.0,30,9430.0,18,9405.0,73,9440.0,27,9400.0,4,9450.0,17,9395.0,7
1597988509609593088,1597988509934000128,2020-08-21 13:41:49.934000,9415.0,9430.0,9250.0,9355.0,nan,9338.554349,8657,808438650.0,19335,9420.0,13,9415.0,12,9425.0,79,9410.0,30,9430.0,18,9405.0,65,9440.0,27,9400.0,4,9450.0,17,9395.0,7
1597988510126182912,1597988510437999872,2020-08-21 13:41:50.438000,9415.0,9430.0,9250.0,9355.0,nan,9338.554349,8657,808438650.0,19335,9420.0,13,9415.0,12,9425.0,87,9410.0,30,9430.0,18,9405.0,73,9440.0,27,9400.0,4,9450.0,17,9395.0,7
1597988512623920896,1597988512914000128,2020-08-21 13:41:52.914000,9415.0,9430.0,9250.0,9355.0,nan,9338.563179,8658,808532800.0,19335,9420.0,13,9415.0,11,9425.0,87,9410.0,30,9430.0,18,9405.0,73,9440.0,27,9400.0,4,9450.0,17,9395.0,7
1597988515628115968,1597988515927000064,2020-08-21 13:41:55.927000,9415.0,9430.0,9250.0,9355.0,nan,9338.563179,8658,808532800.0,19335,9420.0,13,9415.0,11,9425.0,79,9410.0,30,9430.0,18,9405.0,65,9440.0,27,9400.0,4,9450.0,17,9395.0,7
1597988516125084928,1597988516435000064,2020-08-21 13:41:56.435000,9415.0,9430.0,9250.0,9355.0,nan,9338.563179,8658,808532800.0,19335,9420.0,13,9415.0,11,9425.0,87,9410.0,30,9430.0,18,9405.0,73,9440.0,27,9400.0,4,9450.0,17,9395.0,7
1597988517153080064,1597988517398999808,2020-08-21 13:41:57.399000,9415.0,9430.0,9250.0,9355.0,nan,9338.563179,8658,808532800.0,19335,9420.0,14,9415.0,11,9425.0,87,9410.0,30,9430.0,18,9405.0,73,9440.0,27,9400.0,4,9450.0,17,9395.0,7
1597988518124178944,1597988518431000064,2020-08-21 13:41:58.431000,9415.0,9430.0,9250.0,9355.0,nan,9338.563179,8658,808532800.0,19335,9420.0,14,9415.0,18,9425.0,87,9410.0,30,9430.0,18,9405.0,73,9440.0,27,9400.0,4,9450.0,17,9395.0,7
1597988518661133056,1597988518930000128,2020-08-21 13:41:58.930000,9415.0,9430.0,9250.0,9355.0,nan,9338.563179,8658,808532800.0,19335,9420.0,14,9415.0,18,9425.0,64,9410.0,53,9430.0,41,9405.0,50,9440.0,27,9400.0,4,9450.0,17,9395.0,7
1597988519141955072,1597988519436000000,2020-08-21 13:41:59.436000,9415.0,9430.0,9250.0,9355.0,nan,9338.563179,8658,808532800.0,19335,9420.0,14,9415.0,18,9425.0,48,9410.0,61,9430.0,49,9405.0,34,9440.0,27,9400.0,4,9450.0,17,9395.0,7
1597988519644380928,1597988519936999936,2020-08-21 13:41:59.937000,9415.0,9430.0,9250.0,9355.0,nan,9338.563179,8658,808532800.0,19335,9420.0,15,9415.0,18,9425.0,48,9410.0,70,9430.0,57,9405.0,34,9440.0,27,9400.0,4,9450.0,17,9395.0,7
1597988520628731904,1597988520937999872,2020-08-21 13:42:00.938000,9415.0,9430.0,9250.0,9355.0,nan,9338.563179,8658,808532800.0,19335,9420.0,13,9415.0,16,9425.0,42,9410.0,64,9430.0,57,9405.0,34,9440.0,27,9400.0,4,9450.0,17,9395.0,7
1597988521120858112,1597988521368000000,2020-08-21 13:42:01.368000,9415.0,9430.0,9250.0,9355.0,nan,9338.563179,8658,808532800.0,19335,9420.0,15,9415.0,18,9425.0,48,9410.0,70,9430.0,57,9405.0,34,9440.0,27,9400.0,4,9450.0,17,9395.0,7
1597988521632568064,1597988521926000128,2020-08-21 13:42:01.926000,9415.0,9430.0,9250.0,9355.0,nan,9338.563179,8658,808532800.0,19335,9420.0,15,9415.0,18,9425.0,40,9410.0,70,9430.0,57,9405.0,26,9440.0,27,9400.0,4,9450.0,17,9395.0,7
1597988522136262912,1597988522437999872,2020-08-21 13:42:02.438000,9415.0,9430.0,9250.0,9355.0,nan,9338.563179,8658,808532800.0,19335,9420.0,15,9415.0,18,9425.0,48,9410.0,70,9430.0,57,9405.0,34,9440.0,27,9400.0,4,9450.0,17,9395.0,7
1597988525625490944,1597988525935000064,2020-08-21 13:42:05.935000,9415.0,9430.0,9250.0,9355.0,nan,9338.563179,8658,808532800.0,19335,9420.0,15,9415.0,19,9425.0,48,9410.0,70,9430.0,57,9405.0,34,9440.0,27,9400.0,4,9450.0,17,9395.0,7
1597988527605010944,1597988527927000064,2020-08-21 13:42:07.927000,9415.0,9430.0,9250.0,9355.0,nan,9338.563179,8658,808532800.0,19335,9420.0,15,9415.0,19,9425.0,40,9410.0,70,9430.0,57,9405.0,26,9440.0,27,9400.0,4,9450.0,17,9395.0,7
1597988528135173888,1597988528432000000,2020-08-21 13:42:08.432000,9415.0,9430.0,9250.0,9355.0,nan,9338.563179,8658,808532800.0,19335,9420.0,15,9415.0,19,9425.0,48,9410.0,70,9430.0,57,9405.0,34,9440.0,27,9400.0,4,9450.0,17,9395.0,7
1597988533621417984,1597988533936999936,2020-08-21 13:42:13.937000,9415.0,9430.0,9250.0,9355.0,nan,9338.563179,8658,808532800.0,19335,9420.0,15,9415.0,19,9425.0,40,9410.0,70,9430.0,57,9405.0,26,9440.0,27,9400.0,4,9450.0,17,9395.0,7
1597988534120118016,1597988534424000000,2020-08-21 13:42:14.424000,9415.0,9430.0,9250.0,9355.0,nan,9338.563179,8658,808532800.0,19335,9420.0,15,9415.0,19,9425.0,48,9410.0,70,9430.0,57,9405.0,34,9440.0,27,9400.0,4,9450.0,17,9395.0,7
1597988539659636992,1597988539931000064,2020-08-21 13:42:19.931000,9415.0,9430.0,9250.0,9355.0,nan,9338.563179,8658,808532800.0,19335,9420.0,15,9415.0,19,9425.0,40,9410.0,70,9430.0,57,9405.0,26,9440.0,27,9400.0,4,9450.0,17,9395.0,7
1597988540136869888,1597988540433000192,2020-08-21 13:42:20.433000,9415.0,9430.0,9250.0,9355.0,nan,9338.563179,8658,808532800.0,19335,9420.0,15,9415.0,19,9425.0,48,9410.0,70,9430.0,57,9405.0,34,9440.0,27,9400.0,4,9450.0,17,9395.0,7
1597988545656701952,1597988545928999936,2020-08-21 13:42:25.929000,9415.0,9430.0,9250.0,9355.0,nan,9338.563179,8658,808532800.0,19335,9420.0,7,9415.0,11,9425.0,48,9410.0,70,9430.0,57,9405.0,34,9440.0,27,9400.0,4,9450.0,17,9395.0,7
1597988546165358080,1597988546427000064,2020-08-21 13:42:26.427000,9415.0,9430.0,9250.0,9355.0,nan,9338.563179,8658,808532800.0,19335,9420.0,8,9415.0,8,9425.0,42,9410.0,64,9430.0,57,9405.0,34,9440.0,27,9400.0,4,9450.0,17,9395.0,7
1597988546624313088,1597988546937999872,2020-08-21 13:42:26.938000,9415.0,9430.0,9250.0,9355.0,nan,9338.563179,8658,808532800.0,19335,9420.0,8,9415.0,8,9425.0,51,9410.0,73,9430.0,57,9405.0,34,9440.0,27,9400.0,4,9450.0,17,9395.0,7
1597988557615459072,1597988557924999936,2020-08-21 13:42:37.925000,9415.0,9430.0,9250.0,9355.0,nan,9338.563179,8658,808532800.0,19335,9420.0,8,9415.0,8,9425.0,43,9410.0,73,9430.0,57,9405.0,26,9440.0,27,9400.0,4,9450.0,17,9395.0,7
1597988558145646080,1597988558426000128,2020-08-21 13:42:38.426000,9415.0,9430.0,9250.0,9355.0,nan,9338.563179,8658,808532800.0,19335,9420.0,16,9415.0,16,9425.0,51,9410.0,73,9430.0,57,9405.0,34,9440.0,27,9400.0,4,9450.0,17,9395.0,7
1597988558650696960,1597988558931000064,2020-08-21 13:42:38.931000,9415.0,9430.0,9250.0,9355.0,nan,9338.563179,8658,808532800.0,19335,9420.0,16,9415.0,16,9425.0,50,9410.0,56,9430.0,49,9405.0,42,9440.0,27,9400.0,4,9450.0,17,9395.0,7
1597988559149730048,1597988559437999872,2020-08-21 13:42:39.438000,9415.0,9430.0,9250.0,9355.0,nan,9338.563179,8658,808532800.0,19335,9420.0,19,9415.0,19,9425.0,56,9410.0,62,9430.0,49,9405.0,42,9440.0,27,9400.0,4,9450.0,17,9395.0,7
1597988562147662080,1597988562428000000,2020-08-21 13:42:42.428000,9415.0,9430.0,9250.0,9355.0,nan,9338.633741,8666,809286000.0,19342,9420.0,19,9415.0,11,9425.0,56,9410.0,62,9430.0,49,9405.0,42,9440.0,27,9400.0,4,9450.0,17,9395.0,7
1597988562637733888,1597988562928000000,2020-08-21 13:42:42.928000,9415.0,9430.0,9250.0,9355.0,nan,9338.730552,8677,810321650.0,19342,9415.0,14,9410.0,32,9420.0,14,9405.0,58,9425.0,65,9400.0,4,9430.0,26,9395.0,7,9440.0,27,9390.0,7
1597988563111815936,1597988563430000128,2020-08-21 13:42:43.430000,9415.0,9430.0,9250.0,9355.0,nan,9338.730552,8677,810321650.0,19342,9415.0,17,9410.0,4,9420.0,24,9405.0,48,9425.0,47,9400.0,13,9430.0,2,9395.0,7,9440.0,27,9390.0,7
1597988563632120064,1597988563936999936,2020-08-21 13:42:43.937000,9410.0,9430.0,9250.0,9355.0,nan,9338.763391,8681,810698050.0,19345,9415.0,12,9405.0,21,9420.0,52,9400.0,43,9425.0,23,9395.0,7,9430.0,2,9390.0,7,9440.0,27,9385.0,20
1597988564178232064,1597988564436000000,2020-08-21 13:42:44.436000,9410.0,9430.0,9250.0,9355.0,nan,9338.763391,8681,810698050.0,19345,9415.0,14,9405.0,15,9420.0,82,9400.0,73,9425.0,15,9395.0,7,9430.0,2,9390.0,7,9440.0,27,9385.0,20
1597988564623742976,1597988564935000064,2020-08-21 13:42:44.935000,9410.0,9430.0,9250.0,9355.0,nan,9338.763391,8681,810698050.0,19345,9415.0,22,9405.0,23,9420.0,90,9400.0,81,9425.0,15,9395.0,7,9430.0,2,9390.0,7,9440.0,27,9385.0,6
1597988565618552064,1597988565936999936,2020-08-21 13:42:45.937000,9410.0,9430.0,9250.0,9355.0,nan,9338.763391,8681,810698050.0,19345,9415.0,23,9405.0,23,9420.0,90,9400.0,81,9425.0,15,9395.0,7,9430.0,2,9390.0,7,9440.0,27,9385.0,6
1597988566123875072,1597988566436999936,2020-08-21 13:42:46.437000,9410.0,9430.0,9250.0,9355.0,nan,9338.763391,8681,810698050.0,19345,9415.0,23,9405.0,23,9420.0,98,9400.0,89,9425.0,15,9395.0,7,9430.0,2,9390.0,7,9440.0,27,9385.0,6
1597988571165441024,1597988571435000064,2020-08-21 13:42:51.435000,9410.0,9430.0,9250.0,9355.0,nan,9338.763391,8681,810698050.0,19345,9415.0,23,9405.0,23,9420.0,98,9400.0,89,9425.0,13,9395.0,7,9430.0,2,9390.0,7,9440.0,27,9385.0,6
1597988571608243968,1597988571936999936,2020-08-21 13:42:51.937000,9410.0,9430.0,9250.0,9355.0,nan,9338.763391,8681,810698050.0,19345,9415.0,24,9405.0,24,9420.0,98,9400.0,89,9425.0,13,9395.0,7,9430.0,2,9390.0,7,9440.0,27,9385.0,6
1597988577629906944,1597988577927000064,2020-08-21 13:42:57.927000,9410.0,9430.0,9250.0,9355.0,nan,9338.763391,8681,810698050.0,19345,9415.0,24,9405.0,24,9420.0,100,9400.0,89,9425.0,13,9395.0,7,9430.0,2,9390.0,7,9440.0,27,9385.0,6
1597988579175194112,1597988579436000000,2020-08-21 13:42:59.436000,9410.0,9430.0,9250.0,9355.0,nan,9338.763391,8681,810698050.0,19345,9415.0,24,9405.0,24,9420.0,99,9400.0,89,9425.0,13,9395.0,7,9430.0,2,9390.0,7,9440.0,27,9385.0,6
1597988580622088960,1597988580936999936,2020-08-21 13:43:00.937000,9410.0,9430.0,9250.0,9355.0,nan,9338.763391,8681,810698050.0,19345,9415.0,25,9405.0,24,9420.0,99,9400.0,89,9425.0,13,9395.0,7,9430.0,2,9390.0,7,9440.0,27,9385.0,6
1597988581109724928,1597988581411000064,2020-08-21 13:43:01.411000,9410.0,9430.0,9250.0,9355.0,nan,9338.763391,8681,810698050.0,19345,9415.0,26,9405.0,21,9420.0,96,9400.0,90,9425.0,13,9395.0,7,9430.0,2,9390.0,7,9440.0,27,9385.0,6
1597988581627348992,1597988581927000064,2020-08-21 13:43:01.927000,9410.0,9430.0,9250.0,9355.0,nan,9338.763391,8681,810698050.0,19345,9415.0,28,9405.0,21,9420.0,96,9400.0,93,9425.0,13,9395.0,7,9430.0,2,9390.0,7,9440.0,27,9385.0,6
1597988583201156096,1597988583432000000,2020-08-21 13:43:03.432000,9410.0,9430.0,9250.0,9355.0,nan,9338.763391,8681,810698050.0,19345,9415.0,28,9405.0,22,9420.0,96,9400.0,93,9425.0,13,9395.0,7,9430.0,2,9390.0,7,9440.0,27,9385.0,6
1597988587613020928,1597988587937999872,2020-08-21 13:43:07.938000,9410.0,9430.0,9250.0,9355.0,nan,9339.171343,8731,815403050.0,19295,9415.0,28,9405.0,22,9420.0,96,9400.0,93,9425.0,13,9395.0,7,9430.0,2,9390.0,7,9440.0,27,9385.0,6
1597988588139183104,1597988588329999872,2020-08-21 13:43:08.330000,9410.0,9430.0,9250.0,9355.0,nan,9339.171343,8731,815403050.0,19295,9415.0,26,9405.0,20,9420.0,82,9400.0,79,9425.0,13,9395.0,7,9430.0,2,9390.0,7,9440.0,27,9385.0,6
1597988591171258880,1597988591432000000,2020-08-21 13:43:11.432000,9410.0,9430.0,9250.0,9355.0,nan,9339.171343,8731,815403050.0,19295,9410.0,1,9405.0,20,9415.0,26,9400.0,79,9420.0,81,9395.0,7,9425.0,13,9390.0,7,9430.0,2,9385.0,7
1597988591642889984,1597988592246000128,2020-08-21 13:43:12.246000,9410.0,9430.0,9250.0,9355.0,nan,9339.171343,8731,815403050.0,19295,9410.0,9,9405.0,20,9415.0,34,9400.0,63,9420.0,65,9395.0,23,9425.0,13,9390.0,7,9430.0,2,9385.0,7
1597988592181730048,1597988592588000000,2020-08-21 13:43:12.588000,9410.0,9430.0,9250.0,9355.0,nan,9339.171343,8731,815403050.0,19295,9410.0,9,9405.0,20,9415.0,42,9400.0,63,9420.0,65,9395.0,31,9425.0,13,9390.0,7,9430.0,2,9385.0,7
1597988601617335040,1597988602000000000,2020-08-21 13:43:22.000000,9410.0,9430.0,9250.0,9355.0,nan,9339.171343,8731,815403050.0,19295,9410.0,9,9405.0,18,9415.0,42,9400.0,63,9420.0,65,9395.0,31,9425.0,13,9390.0,7,9430.0,2,9385.0,7
1597988602606535936,1597988602934000128,2020-08-21 13:43:22.934000,9410.0,9430.0,9250.0,9355.0,nan,9339.171343,8731,815403050.0,19295,9410.0,9,9405.0,18,9415.0,34,9400.0,63,9420.0,65,9395.0,23,9425.0,13,9390.0,7,9430.0,2,9385.0,7
1597988603142606080,1597988603435000064,2020-08-21 13:43:23.435000,9410.0,9430.0,9250.0,9355.0,nan,9339.171343,8731,815403050.0,19295,9410.0,9,9405.0,18,9415.0,42,9400.0,63,9420.0,65,9395.0,31,9425.0,13,9390.0,7,9430.0,2,9385.0,7
1597988607157529088,1597988607428999936,2020-08-21 13:43:27.429000,9410.0,9430.0,9250.0,9355.0,nan,9339.171343,8731,815403050.0,19295,9410.0,9,9405.0,18,9415.0,42,9400.0,55,9420.0,57,9395.0,31,9425.0,13,9390.0,7,9430.0,2,9385.0,7
1597988607621350912,1597988607935000064,2020-08-21 13:43:27.935000,9410.0,9430.0,9250.0,9355.0,nan,9339.171343,8731,815403050.0,19295,9410.0,9,9405.0,18,9415.0,42,9400.0,63,9420.0,65,9395.0,31,9425.0,13,9390.0,7,9430.0,2,9385.0,7
1597988608116988928,1597988608414000128,2020-08-21 13:43:28.414000,9410.0,9430.0,9250.0,9355.0,nan,9339.171343,8731,815403050.0,19295,9410.0,9,9405.0,18,9415.0,41,9400.0,63,9420.0,65,9395.0,31,9425.0,13,9390.0,7,9430.0,2,9385.0,7
1597988608610618880,1597988608931000064,2020-08-21 13:43:28.931000,9410.0,9430.0,9250.0,9355.0,nan,9339.171343,8731,815403050.0,19295,9410.0,9,9405.0,18,9415.0,33,9400.0,63,9420.0,65,9395.0,23,9425.0,13,9390.0,7,9430.0,2,9385.0,7
1597988609130304000,1597988609418999808,2020-08-21 13:43:29.419000,9410.0,9430.0,9250.0,9355.0,nan,9339.171343,8731,815403050.0,19295,9410.0,9,9405.0,18,9415.0,41,9400.0,63,9420.0,65,9395.0,31,9425.0,13,9390.0,7,9430.0,2,9385.0,7
1597988610607375872,1597988611000000000,2020-08-21 13:43:31.000000,9410.0,9430.0,9250.0,9355.0,nan,9339.171343,8731,815403050.0,19295,9410.0,10,9405.0,18,9415.0,40,9400.0,63,9420.0,65,9395.0,31,9425.0,13,9390.0,7,9430.0,2,9385.0,7
1597988611127356928,1597988611417999872,2020-08-21 13:43:31.418000,9410.0,9430.0,9250.0,9355.0,nan,9339.171343,8731,815403050.0,19295,9410.0,10,9405.0,17,9415.0,39,9400.0,63,9420.0,65,9395.0,31,9425.0,13,9390.0,7,9430.0,2,9385.0,7
1597988611617741056,1597988612000000000,2020-08-21 13:43:32.000000,9410.0,9430.0,9250.0,9355.0,nan,9339.171343,8731,815403050.0,19295,9410.0,10,9405.0,18,9415.0,39,9400.0,63,9420.0,65,9395.0,31,9425.0,13,9390.0,7,9430.0,2,9385.0,7
1597988612152971008,1597988612430000128,2020-08-21 13:43:32.430000,9410.0,9430.0,9250.0,9355.0,nan,9339.171343,8731,815403050.0,19295,9410.0,8,9405.0,17,9415.0,39,9400.0,63,9420.0,65,9395.0,31,9425.0,13,9390.0,7,9430.0,2,9385.0,7
1597988612614048000,1597988612936000000,2020-08-21 13:43:32.936000,9410.0,9430.0,9250.0,9355.0,nan,9339.171343,8731,815403050.0,19295,9410.0,8,9405.0,18,9415.0,40,9400.0,63,9420.0,65,9395.0,31,9425.0,13,9390.0,7,9430.0,2,9385.0,7
1597988613647426048,1597988614000000000,2020-08-21 13:43:34.000000,9410.0,9430.0,9250.0,9355.0,nan,9339.236183,8739,816155850.0,19299,9415.0,39,9410.0,9,9420.0,58,9405.0,14,9425.0,13,9400.0,55,9430.0,2,9395.0,31,9440.0,41,9390.0,7
1597988614162910976,1597988614426000128,2020-08-21 13:43:34.426000,9410.0,9430.0,9250.0,9355.0,nan,9339.236183,8739,816155850.0,19299,9415.0,20,9410.0,11,9420.0,66,9405.0,12,9425.0,13,9400.0,61,9430.0,2,9395.0,15,9440.0,41,9390.0,7
1597988614619369984,1597988614844000000,2020-08-21 13:43:34.844000,9410.0,9430.0,9250.0,9355.0,nan,9339.236183,8739,816155850.0,19299,9415.0,11,9410.0,11,9420.0,92,9405.0,14,9425.0,13,9400.0,84,9430.0,2,9395.0,7,9440.0,41,9390.0,7
1597988615156022016,1597988615423000064,2020-08-21 13:43:35.423000,9410.0,9430.0,9250.0,9355.0,nan,9339.244279,8740,816249950.0,19299,9415.0,12,9410.0,9,9420.0,69,9405.0,37,9425.0,36,9400.0,61,9430.0,2,9395.0,7,9440.0,41,9390.0,7
1597988615634656000,1597988616000000000,2020-08-21 13:43:36.000000,9410.0,9430.0,9250.0,9355.0,nan,9339.381638,8757,817849650.0,19302,9410.0,9,9405.0,13,9415.0,12,9400.0,77,9420.0,84,9395.0,7,9425.0,13,9390.0,7,9430.0,2,9385.0,7
1597988616134586112,1597988616423000064,2020-08-21 13:43:36.423000,9410.0,9430.0,9250.0,9355.0,nan,9339.381638,8757,817849650.0,19302,9410.0,11,9405.0,13,9415.0,26,9400.0,59,9420.0,58,9395.0,15,9425.0,13,9390.0,7,9430.0,2,9385.0,7
1597988616640911872,1597988617000000000,2020-08-21 13:43:37.000000,9410.0,9430.0,9250.0,9355.0,nan,9339.478276,8769,818978850.0,19301,9415.0,30,9405.0,11,9420.0,65,9400.0,63,9425.0,13,9395.0,23,9430.0,2,9390.0,7,9440.0,41,9385.0,7
1597988617146348032,1597988617436999936,2020-08-21 13:43:37.437000,9410.0,9430.0,9250.0,9355.0,nan,9339.478276,8769,818978850.0,19301,9415.0,16,9410.0,6,9420.0,79,9405.0,13,9425.0,13,9400.0,77,9430.0,2,9395.0,7,9440.0,41,9390.0,7
1597988617716990976,1597988617926000128,2020-08-21 13:43:37.926000,9410.0,9430.0,9250.0,9355.0,nan,9339.478276,8769,818978850.0,19301,9415.0,18,9410.0,15,9420.0,82,9405.0,12,9425.0,13,9400.0,76,9430.0,2,9395.0,7,9440.0,41,9390.0,7
1597988618176359936,1597988618381999872,2020-08-21 13:43:38.382000,9410.0,9430.0,9250.0,9355.0,nan,9339.478276,8769,818978850.0,19301,9415.0,20,9410.0,18,9420.0,90,9405.0,20,9425.0,14,9400.0,76,9430.0,2,9395.0,7,9440.0,41,9390.0,7
1597988619634460928,1597988619932000000,2020-08-21 13:43:39.932000,9410.0,9430.0,9250.0,9355.0,nan,9339.478276,8769,818978850.0,19301,9415.0,20,9410.0,16,9420.0,90,9405.0,20,9425.0,14,9400.0,76,9430.0,2,9395.0,7,9440.0,41,9390.0,7
1597988620142707968,1597988620438999808,2020-08-21 13:43:40.439000,9410.0,9430.0,9250.0,9355.0,nan,9339.478276,8769,818978850.0,19301,9415.0,20,9410.0,15,9420.0,98,9405.0,20,9425.0,14,9400.0,84,9430.0,2,9395.0,7,9440.0,41,9390.0,7
1597988625625733888,1597988626000000000,2020-08-21 13:43:46.000000,9410.0,9430.0,9250.0,9355.0,nan,9339.478276,8769,818978850.0,19301,9415.0,20,9410.0,15,9420.0,90,9405.0,20,9425.0,14,9400.0,76,9430.0,2,9395.0,7,9440.0,41,9390.0,7
1597988626131109120,1597988626420999936,2020-08-21 13:43:46.421000,9410.0,9430.0,9250.0,9355.0,nan,9339.478276,8769,818978850.0,19301,9415.0,20,9410.0,14,9420.0,98,9405.0,20,9425.0,13,9400.0,84,9430.0,2,9395.0,7,9440.0,41,9390.0,7
1597988626639642112,1597988627000000000,2020-08-21 13:43:47.000000,9410.0,9430.0,9250.0,9355.0,nan,9339.478276,8769,818978850.0,19301,9415.0,21,9410.0,15,9420.0,98,9405.0,20,9425.0,13,9400.0,84,9430.0,2,9395.0,7,9440.0,41,9390.0,7
1597988629118204928,1597988629436999936,2020-08-21 13:43:49.437000,9410.0,9430.0,9250.0,9355.0,nan,9339.478276,8769,818978850.0,19301,9415.0,21,9410.0,11,9420.0,98,9405.0,20,9425.0,13,9400.0,84,9430.0,2,9395.0,7,9440.0,41,9390.0,7
1597988629609458944,1597988630000000000,2020-08-21 13:43:50.000000,9410.0,9430.0,9250.0,9355.0,nan,9339.566629,8780,820013950.0,19311,9410.0,9,9405.0,13,9415.0,11,9400.0,77,9420.0,84,9395.0,7,9425.0,13,9390.0,7,9430.0,2,9385.0,7
1597988630154605056,1597988630428000000,2020-08-21 13:43:50.428000,9410.0,9430.0,9250.0,9355.0,nan,9339.566629,8780,820013950.0,19311,9410.0,11,9405.0,11,9415.0,25,9400.0,61,9420.0,58,9395.0,15,9425.0,13,9390.0,7,9430.0,2,9385.0,7
1597988630625075968,1597988631000000000,2020-08-21 13:43:51.000000,9410.0,9430.0,9250.0,9355.0,nan,9339.566629,8780,820013950.0,19311,9410.0,10,9405.0,11,9415.0,30,9400.0,63,9420.0,65,9395.0,24,9425.0,13,9390.0,7,9430.0,2,9385.0,7
1597988631146894080,1597988631376000000,2020-08-21 13:43:51.376000,9410.0,9430.0,9250.0,9355.0,nan,9339.566629,8780,820013950.0,19311,9410.0,9,9405.0,13,9415.0,38,9400.0,69,9420.0,65,9395.0,23,9425.0,13,9390.0,7,9430.0,2,9385.0,7
1597988631615289088,1597988632000000000,2020-08-21 13:43:52.000000,9410.0,9430.0,9250.0,9355.0,nan,9339.566629,8780,820013950.0,19311,9410.0,17,9405.0,19,9415.0,30,9400.0,55,9420.0,57,9395.0,23,9425.0,13,9390.0,7,9430.0,2,9385.0,7
1597988632135446016,1597988632417999872,2020-08-21 13:43:52.418000,9410.0,9430.0,9250.0,9355.0,nan,9339.566629,8780,820013950.0,19311,9410.0,20,9405.0,21,9415.0,44,9400.0,69,9420.0,65,9395.0,32,9425.0,13,9390.0,7,9430.0,2,9385.0,7
1597988659615629056,1597988660000000000,2020-08-21 13:44:20.000000,9410.0,9430.0,9250.0,9355.0,nan,9339.566629,8780,820013950.0,19311,9410.0,20,9405.0,21,9415.0,43,9400.0,69,9420.0,65,9395.0,32,9425.0,13,9390.0,7,9430.0,2,9385.0,7
1597988660156275968,1597988660434000128,2020-08-21 13:44:20.434000,9410.0,9430.0,9250.0,9355.0,nan,9339.566629,8780,820013950.0,19311,9410.0,19,9405.0,21,9415.0,43,9400.0,69,9420.0,65,9395.0,31,9425.0,13,9390.0,7,9430.0,2,9385.0,7
1597988660617075968,1597988661000000000,2020-08-21 13:44:21.000000,9410.0,9430.0,9250.0,9355.0,nan,9339.566629,8780,820013950.0,19311,9410.0,20,9405.0,22,9415.0,43,9400.0,69,9420.0,65,9395.0,31,9425.0,13,9390.0,7,9430.0,2,9385.0,7
1597988673623518976,1597988674000000000,2020-08-21 13:44:34.000000,9410.0,9430.0,9250.0,9355.0,nan,9339.566629,8780,820013950.0,19311,9410.0,12,9405.0,14,9415.0,43,9400.0,69,9420.0,65,9395.0,31,9425.0,13,9390.0,7,9430.0,2,9385.0,7
1597988679606136064,1597988680000000000,2020-08-21 13:44:40.000000,9410.0,9430.0,9250.0,9355.0,nan,9339.566629,8780,820013950.0,19311,9410.0,12,9405.0,14,9415.0,35,9400.0,69,9420.0,65,9395.0,23,9425.0,13,9390.0,7,9430.0,2,9385.0,7
1597988680110887936,1597988680432000000,2020-08-21 13:44:40.432000,9410.0,9430.0,9250.0,9355.0,nan,9339.566629,8780,820013950.0,19311,9410.0,12,9405.0,14,9415.0,43,9400.0,69,9420.0,65,9395.0,31,9425.0,13,9390.0,7,9430.0,2,9385.0,7
1597988685623958016,1597988686000000000,2020-08-21 13:44:46.000000,9410.0,9430.0,9250.0,9355.0,nan,9339.566629,8780,820013950.0,19311,9410.0,12,9405.0,14,9415.0,35,9400.0,69,9420.0,65,9395.0,23,9425.0,13,9390.0,7,9430.0,2,9385.0,7
1597988686107853056,1597988686431000064,2020-08-21 13:44:46.431000,9410.0,9430.0,9250.0,9355.0,nan,9339.566629,8780,820013950.0,19311,9410.0,12,9405.0,14,9415.0,43,9400.0,69,9420.0,65,9395.0,31,9425.0,13,9390.0,7,9430.0,2,9385.0,7
1597988691624812032,1597988692000000000,2020-08-21 13:44:52.000000,9405.0,9430.0,9250.0,9355.0,nan,9339.655937,8792,821142550.0,19312,9405.0,1,9400.0,63,9410.0,12,9395.0,23,9415.0,29,9390.0,7,9420.0,65,9385.0,7,9425.0,13,9380.0,16
1597988692133803008,1597988692411000064,2020-08-21 13:44:52.411000,9405.0,9430.0,9250.0,9355.0,nan,9339.655937,8792,821142550.0,19312,9405.0,12,9400.0,15,9410.0,23,9395.0,47,9415.0,41,9390.0,15,9420.0,18,9385.0,7,9425.0,13,9380.0,16
1597988692634575104,1597988693000000000,2020-08-21 13:44:53.000000,9405.0,9430.0,9250.0,9355.0,nan,9339.655937,8792,821142550.0,19312,9405.0,13,9400.0,3,9410.0,33,9395.0,57,9415.0,49,9390.0,24,9420.0,10,9385.0,7,9425.0,13,9380.0,16
1597988693155054080,1597988693438999808,2020-08-21 13:44:53.439000,9405.0,9430.0,9250.0,9355.0,nan,9339.655937,8792,821142550.0,19312,9405.0,12,9400.0,3,9410.0,56,9395.0,42,9415.0,34,9390.0,46,9420.0,10,9385.0,7,9425.0,13,9380.0,16
1597988693632826880,1597988694000000000,2020-08-21 13:44:54.000000,9405.0,9430.0,9250.0,9355.0,nan,9339.655937,8792,821142550.0,19312,9405.0,12,9400.0,3,9410.0,64,9395.0,34,9415.0,26,9390.0,54,9420.0,10,9385.0,7,9425.0,13,9380.0,16
1597988694139685120,1597988694428999936,2020-08-21 13:44:54.429000,9405.0,9430.0,9250.0,9355.0,nan,9339.655937,8792,821142550.0,19312,9405.0,12,9400.0,3,9410.0,80,9395.0,34,9415.0,26,9390.0,70,9420.0,10,9385.0,7,9425.0,13,9380.0,16
1597988695105277952,1597988695421999872,2020-08-21 13:44:55.422000,9405.0,9430.0,9250.0,9355.0,nan,9339.655937,8792,821142550.0,19312,9405.0,6,9400.0,3,9410.0,78,9395.0,26,9415.0,26,9390.0,70,9420.0,10,9385.0,7,9425.0,13,9380.0,16
1597988695641907968,1597988696000000000,2020-08-21 13:44:56.000000,9400.0,9430.0,9250.0,9355.0,nan,9339.683379,8796,821518550.0,19313,9400.0,2,9395.0,42,9405.0,8,9390.0,62,9410.0,70,9385.0,7,9415.0,34,9380.0,16,9420.0,10,9375.0,18
1597988696196706048,1597988696431000064,2020-08-21 13:44:56.431000,9395.0,9430.0,9250.0,9355.0,nan,9339.703375,8799,821800500.0,19313,9405.0,23,9395.0,12,9410.0,51,9390.0,47,9415.0,18,9385.0,23,9420.0,10,9380.0,2,9425.0,11,9375.0,18
1597988696622885120,1597988697000000000,2020-08-21 13:44:57.000000,9395.0,9430.0,9250.0,9355.0,nan,9339.703375,8799,821800500.0,19313,9405.0,11,9395.0,4,9410.0,89,9390.0,89,9415.0,10,9385.0,7,9420.0,10,9380.0,2,9425.0,11,9375.0,4
1597988697154974976,1597988697436999936,2020-08-21 13:44:57.437000,9395.0,9430.0,9250.0,9355.0,nan,9339.703375,8799,821800500.0,19313,9405.0,12,9395.0,4,9410.0,97,9390.0,98,9415.0,10,9385.0,7,9420.0,10,9380.0,2,9425.0,11,9375.0,4
1597988698109662976,1597988698437999872,2020-08-21 13:44:58.438000,9395.0,9430.0,9250.0,9355.0,nan,9339.703375,8799,821800500.0,19313,9405.0,12,9395.0,4,9410.0,98,9390.0,98,9415.0,10,9385.0,7,9420.0,10,9380.0,2,9425.0,11,9375.0,4
1597988700623817984,1597988701000000000,2020-08-21 13:45:01.000000,9395.0,9430.0,9250.0,9355.0,nan,9339.703375,8799,821800500.0,19313,9405.0,20,9395.0,12,9410.0,98,9390.0,98,9415.0,10,9385.0,7,9420.0,10,9380.0,2,9425.0,11,9375.0,4
1597988701126203904,1597988701404999936,2020-08-21 13:45:01.405000,9395.0,9430.0,9250.0,9355.0,nan,9339.703375,8799,821800500.0,19313,9405.0,17,9395.0,12,9410.0,92,9390.0,89,9415.0,10,9385.0,7,9420.0,10,9380.0,2,9425.0,11,9375.0,4
1597988701603867904,1597988702000000000,2020-08-21 13:45:02.000000,9395.0,9430.0,9250.0,9355.0,nan,9339.703375,8799,821800500.0,19313,9405.0,20,9395.0,15,9410.0,90,9390.0,87,9415.0,10,9385.0,8,9420.0,10,9380.0,2,9425.0,11,9375.0,4
1597988702131180032,1597988702436999936,2020-08-21 13:45:02.437000,9395.0,9430.0,9250.0,9355.0,nan,9339.703375,8799,821800500.0,19313,9405.0,20,9395.0,15,9410.0,98,9390.0,95,9415.0,10,9385.0,8,9420.0,10,9380.0,2,9425.0,11,9375.0,4
1597988702616169984,1597988703000000000,2020-08-21 13:45:03.000000,9395.0,9430.0,9250.0,9355.0,nan,9339.703375,8799,821800500.0,19313,9405.0,20,9400.0,1,9410.0,98,9395.0,15,9415.0,10,9390.0,95,9420.0,10,9385.0,8,9425.0,11,9380.0,2
1597988703161832960,1597988703435000064,2020-08-21 13:45:03.435000,9395.0,9430.0,9250.0,9355.0,nan,9339.703375,8799,821800500.0,19313,9405.0,15,9400.0,9,9410.0,92,9395.0,8,9415.0,10,9390.0,86,9420.0,10,9385.0,8,9425.0,11,9380.0,2
1597988703640791040,1597988704000000000,2020-08-21 13:45:04.000000,9395.0,9430.0,9250.0,9355.0,nan,9339.703375,8799,821800500.0,19313,9405.0,17,9400.0,11,9410.0,100,9395.0,16,9415.0,10,9390.0,86,9420.0,10,9385.0,8,9425.0,11,9380.0,2
1597988704152884992,1597988704437999872,2020-08-21 13:45:04.438000,9395.0,9430.0,9250.0,9355.0,nan,9339.703375,8799,821800500.0,19313,9405.0,16,9400.0,11,9410.0,100,9395.0,15,9415.0,10,9390.0,86,9420.0,10,9385.0,8,9425.0,11,9380.0,2
1597988704622114048,1597988705000000000,2020-08-21 13:45:05.000000,9395.0,9430.0,9250.0,9355.0,nan,9339.703375,8799,821800500.0,19313,9405.0,17,9400.0,12,9410.0,100,9395.0,15,9415.0,10,9390.0,86,9420.0,10,9385.0,8,9425.0,11,9380.0,2
1597988707123004928,1597988707427000064,2020-08-21 13:45:07.427000,9395.0,9430.0,9250.0,9355.0,nan,9339.703375,8799,821800500.0,19313,9405.0,17,9400.0,5,9410.0,100,9395.0,22,9415.0,11,9390.0,86,9420.0,10,9385.0,8,9425.0,11,9380.0,2
1597988707630408960,1597988708000000000,2020-08-21 13:45:08.000000,9395.0,9430.0,9250.0,9355.0,nan,9339.703375,8799,821800500.0,19313,9405.0,14,9400.0,2,9410.0,86,9395.0,16,9415.0,11,9390.0,78,9420.0,10,9385.0,8,9425.0,11,9380.0,2
1597988708160157952,1597988708608000000,2020-08-21 13:45:08.608000,9395.0,9430.0,9250.0,9355.0,nan,9339.703375,8799,821800500.0,19313,9405.0,17,9400.0,2,9410.0,100,9395.0,25,9415.0,11,9390.0,86,9420.0,10,9385.0,8,9425.0,11,9380.0,2
1597988709122278912,1597988709436000000,2020-08-21 13:45:09.436000,9395.0,9430.0,9250.0,9355.0,nan,9339.703375,8799,821800500.0,19313,9405.0,17,9400.0,2,9410.0,100,9395.0,26,9415.0,11,9390.0,86,9420.0,10,9385.0,8,9425.0,11,9380.0,2
1597988713607977984,1597988714000000000,2020-08-21 13:45:14.000000,9395.0,9430.0,9250.0,9355.0,nan,9339.703375,8799,821800500.0,19313,9405.0,17,9400.0,2,9410.0,92,9395.0,26,9415.0,11,9390.0,78,9420.0,10,9385.0,8,9425.0,11,9380.0,2
1597988714161155072,1597988714428000000,2020-08-21 13:45:14.428000,9395.0,9430.0,9250.0,9355.0,nan,9339.703375,8799,821800500.0,19313,9405.0,17,9400.0,2,9410.0,100,9395.0,26,9415.0,11,9390.0,86,9420.0,10,9385.0,8,9425.0,11,9380.0,2
1597988719630543104,1597988720000000000,2020-08-21 13:45:20.000000,9395.0,9430.0,9250.0,9355.0,nan,9339.703375,8799,821800500.0,19313,9405.0,17,9400.0,2,9410.0,92,9395.0,26,9415.0,11,9390.0,78,9420.0,10,9385.0,8,9425.0,11,9380.0,2
1597988720164549888,1597988720438999808,2020-08-21 13:45:20.439000,9395.0,9430.0,9250.0,9355.0,nan,9339.703375,8799,821800500.0,19313,9405.0,17,9400.0,2,9410.0,100,9395.0,26,9415.0,11,9390.0,86,9420.0,10,9385.0,8,9425.0,11,9380.0,2
1597988721614172928,1597988722000000000,2020-08-21 13:45:22.000000,9395.0,9430.0,9250.0,9355.0,nan,9339.703375,8799,821800500.0,19313,9405.0,17,9400.0,2,9410.0,99,9395.0,26,9415.0,11,9390.0,86,9420.0,10,9385.0,8,9425.0,11,9380.0,2
1597988724622395904,1597988725000000000,2020-08-21 13:45:25.000000,9395.0,9430.0,9250.0,9355.0,nan,9339.703375,8799,821800500.0,19313,9405.0,17,9400.0,4,9410.0,99,9395.0,26,9415.0,11,9390.0,86,9420.0,10,9385.0,8,9425.0,11,9380.0,2
1597988725658316032,1597988726000000000,2020-08-21 13:45:26.000000,9395.0,9430.0,9250.0,9355.0,nan,9339.703375,8799,821800500.0,19313,9405.0,12,9400.0,8,9410.0,91,9395.0,26,9415.0,11,9390.0,78,9420.0,10,9385.0,8,9425.0,11,9380.0,2
1597988726158400000,1597988726433000192,2020-08-21 13:45:26.433000,9395.0,9430.0,9250.0,9355.0,nan,9339.703375,8799,821800500.0,19313,9405.0,12,9400.0,8,9410.0,99,9395.0,26,9415.0,11,9390.0,86,9420.0,10,9385.0,8,9425.0,11,9380.0,2
1597988731617859072,1597988732000000000,2020-08-21 13:45:32.000000,9395.0,9430.0,9250.0,9355.0,nan,9339.703375,8799,821800500.0,19313,9405.0,12,9400.0,8,9410.0,91,9395.0,26,9415.0,11,9390.0,78,9420.0,10,9385.0,8,9425.0,11,9380.0,2
1597988732139342080,1597988732424000000,2020-08-21 13:45:32.424000,9395.0,9430.0,9250.0,9355.0,nan,9339.703375,8799,821800500.0,19313,9405.0,12,9400.0,8,9410.0,99,9395.0,26,9415.0,11,9390.0,86,9420.0,10,9385.0,8,9425.0,11,9380.0,2
1597988733637254912,1597988734000000000,2020-08-21 13:45:34.000000,9395.0,9430.0,9250.0,9355.0,nan,9339.703375,8799,821800500.0,19313,9405.0,11,9400.0,8,9410.0,93,9395.0,18,9415.0,11,9390.0,86,9420.0,10,9385.0,8,9425.0,11,9380.0,2
1597988734119237120,1597988734407000064,2020-08-21 13:45:34.407000,9395.0,9430.0,9250.0,9355.0,nan,9339.703375,8799,821800500.0,19313,9405.0,13,9400.0,8,9410.0,99,9395.0,26,9415.0,11,9390.0,86,9420.0,10,9385.0,8,9425.0,11,9380.0,2
1597988737628017920,1597988738000000000,2020-08-21 13:45:38.000000,9395.0,9430.0,9250.0,9355.0,nan,9339.703375,8799,821800500.0,19313,9405.0,13,9400.0,8,9410.0,91,9395.0,26,9415.0,11,9390.0,78,9420.0,10,9385.0,8,9425.0,11,9380.0,2
1597988738181682944,1597988738431000064,2020-08-21 13:45:38.431000,9395.0,9430.0,9250.0,9355.0,nan,9339.703375,8799,821800500.0,19313,9405.0,13,9400.0,8,9410.0,99,9395.0,26,9415.0,11,9390.0,86,9420.0,10,9385.0,8,9425.0,11,9380.0,2
1597988742638184960,1597988743000000000,2020-08-21 13:45:43.000000,9395.0,9430.0,9250.0,9355.0,nan,9339.703375,8799,821800500.0,19313,9405.0,13,9400.0,4,9410.0,99,9395.0,26,9415.0,11,9390.0,86,9420.0,10,9385.0,8,9425.0,11,9380.0,2
1597988743658841088,1597988744000000000,2020-08-21 13:45:44.000000,9395.0,9430.0,9250.0,9355.0,nan,9339.703375,8799,821800500.0,19313,9405.0,13,9400.0,4,9410.0,91,9395.0,26,9415.0,11,9390.0,78,9420.0,10,9385.0,8,9425.0,11,9380.0,2
1597988744186126080,1597988744438999808,2020-08-21 13:45:44.439000,9395.0,9430.0,9250.0,9355.0,nan,9339.703375,8799,821800500.0,19313,9405.0,13,9400.0,4,9410.0,99,9395.0,26,9415.0,11,9390.0,86,9420.0,10,9385.0,8,9425.0,11,9380.0,2
1597988749603311104,1597988750000000000,2020-08-21 13:45:50.000000,9395.0,9430.0,9250.0,9355.0,nan,9339.703375,8799,821800500.0,19313,9405.0,13,9400.0,4,9410.0,91,9395.0,26,9415.0,11,9390.0,78,9420.0,10,9385.0,8,9425.0,11,9380.0,2
1597988750112667904,1597988750438999808,2020-08-21 13:45:50.439000,9395.0,9430.0,9250.0,9355.0,nan,9339.703375,8799,821800500.0,19313,9405.0,13,9400.0,4,9410.0,99,9395.0,26,9415.0,11,9390.0,86,9420.0,10,9385.0,8,9425.0,11,9380.0,2
1597988752634053888,1597988753000000000,2020-08-21 13:45:53.000000,9395.0,9430.0,9250.0,9355.0,nan,9339.703375,8799,821800500.0,19313,9405.0,13,9400.0,4,9410.0,100,9395.0,26,9415.0,10,9390.0,86,9420.0,10,9385.0,8,9425.0,11,9380.0,2
1597988755124267008,1597988755431000064,2020-08-21 13:45:55.431000,9405.0,9430.0,9250.0,9355.0,nan,9339.799705,8812,823023150.0,19311,9410.0,85,9405.0,8,9415.0,10,9400.0,3,9420.0,10,9395.0,9,9425.0,11,9390.0,79,9430.0,2,9385.0,8
1597988755684478976,1597988756000000000,2020-08-21 13:45:56.000000,9405.0,9430.0,9250.0,9355.0,nan,9339.858844,8820,823775550.0,19310,9410.0,27,9400.0,10,9415.0,48,9395.0,39,9420.0,10,9390.0,23,9425.0,11,9385.0,8,9430.0,2,9380.0,2
1597988756112688128,1597988756437999872,2020-08-21 13:45:56.438000,9405.0,9430.0,9250.0,9355.0,nan,9339.858844,8820,823775550.0,19310,9405.0,1,9400.0,3,9410.0,12,9395.0,65,9415.0,65,9390.0,7,9420.0,10,9385.0,8,9425.0,11,9380.0,2
1597988756618651904,1597988757000000000,2020-08-21 13:45:57.000000,9405.0,9430.0,9250.0,9355.0,nan,9339.858844,8820,823775550.0,19310,9405.0,1,9400.0,9,9410.0,28,9395.0,73,9415.0,65,9390.0,15,9420.0,10,9385.0,8,9425.0,11,9380.0,2
1597988757168039936,1597988757438999808,2020-08-21 13:45:57.439000,9405.0,9430.0,9250.0,9355.0,nan,9339.858844,8820,823775550.0,19310,9405.0,2,9400.0,17,9410.0,35,9395.0,65,9415.0,65,9390.0,23,9420.0,10,9385.0,8,9425.0,11,9380.0,2
1597988757647716096,1597988758000000000,2020-08-21 13:45:58.000000,9405.0,9430.0,9250.0,9355.0,nan,9339.858844,8820,823775550.0,19310,9405.0,1,9400.0,19,9410.0,43,9395.0,79,9415.0,73,9390.0,23,9420.0,10,9385.0,8,9425.0,11,9380.0,2
1597988760632584960,1597988761000000000,2020-08-21 13:46:01.000000,9405.0,9430.0,9250.0,9355.0,nan,9339.866228,8821,823869600.0,19310,9410.0,35,9405.0,1,9415.0,58,9400.0,11,9420.0,10,9395.0,63,9425.0,11,9390.0,23,9430.0,2,9385.0,8
1597988761112581120,1597988761428999936,2020-08-21 13:46:01.429000,9405.0,9430.0,9250.0,9355.0,nan,9339.866228,8821,823869600.0,19310,9410.0,18,9405.0,1,9415.0,66,9400.0,9,9420.0,10,9395.0,63,9425.0,11,9390.0,15,9430.0,2,9385.0,8
1597988761621192960,1597988762000000000,2020-08-21 13:46:02.000000,9405.0,9430.0,9250.0,9355.0,nan,9339.866228,8821,823869600.0,19310,9410.0,20,9405.0,2,9415.0,98,9400.0,27,9420.0,10,9395.0,86,9425.0,11,9390.0,7,9430.0,2,9385.0,8
1597988766625959936,1597988767000000000,2020-08-21 13:46:07.000000,9405.0,9430.0,9250.0,9355.0,nan,9339.866228,8821,823869600.0,19310,9410.0,20,9405.0,2,9415.0,90,9400.0,27,9420.0,10,9395.0,78,9425.0,11,9390.0,7,9430.0,2,9385.0,8
1597988767099237120,1597988767415000064,2020-08-21 13:46:07.415000,9405.0,9430.0,9250.0,9355.0,nan,9339.866228,8821,823869600.0,19310,9410.0,20,9405.0,2,9415.0,98,9400.0,27,9420.0,10,9395.0,86,9425.0,11,9390.0,7,9430.0,2,9385.0,8
1597988772661948928,1597988773226000128,2020-08-21 13:46:13.226000,9405.0,9430.0,9250.0,9355.0,nan,9339.866228,8821,823869600.0,19310,9410.0,20,9405.0,2,9415.0,90,9400.0,27,9420.0,10,9395.0,78,9425.0,11,9390.0,7,9430.0,2,9385.0,8
1597988773142446080,1597988773428999936,2020-08-21 13:46:13.429000,9405.0,9430.0,9250.0,9355.0,nan,9339.866228,8821,823869600.0,19310,9410.0,20,9405.0,2,9415.0,98,9400.0,27,9420.0,10,9395.0,86,9425.0,11,9390.0,7,9430.0,2,9385.0,8
1597988784607058944,1597988785000000000,2020-08-21 13:46:25.000000,9405.0,9430.0,9250.0,9355.0,nan,9339.866228,8821,823869600.0,19310,9410.0,20,9405.0,6,9415.0,98,9400.0,27,9420.0,10,9395.0,86,9425.0,11,9390.0,7,9430.0,2,9385.0,8
1597988790627429888,1597988791000000000,2020-08-21 13:46:31.000000,9405.0,9430.0,9250.0,9355.0,nan,9339.866228,8821,823869600.0,19310,9410.0,20,9405.0,6,9415.0,90,9400.0,27,9420.0,10,9395.0,78,9425.0,11,9390.0,7,9430.0,2,9385.0,8
1597988791128379904,1597988791408000000,2020-08-21 13:46:31.408000,9405.0,9430.0,9250.0,9355.0,nan,9339.866228,8821,823869600.0,19310,9410.0,20,9405.0,6,9415.0,98,9400.0,27,9420.0,10,9395.0,86,9425.0,11,9390.0,7,9430.0,2,9385.0,8
1597988796622479104,1597988797000000000,2020-08-21 13:46:37.000000,9405.0,9430.0,9250.0,9355.0,nan,9339.866228,8821,823869600.0,19310,9410.0,20,9405.0,6,9415.0,90,9400.0,27,9420.0,10,9395.0,78,9425.0,11,9390.0,7,9430.0,2,9385.0,8
1597988797115851008,1597988797415000064,2020-08-21 13:46:37.415000,9405.0,9430.0,9250.0,9355.0,nan,9339.866228,8821,823869600.0,19310,9410.0,20,9405.0,6,9415.0,98,9400.0,27,9420.0,10,9395.0,86,9425.0,11,9390.0,7,9430.0,2,9385.0,8
1597988802608765952,1597988803000000000,2020-08-21 13:46:43.000000,9405.0,9430.0,9250.0,9355.0,nan,9339.866228,8821,823869600.0,19310,9410.0,20,9405.0,6,9415.0,90,9400.0,27,9420.0,10,9395.0,78,9425.0,11,9390.0,7,9430.0,2,9385.0,8
1597988803113821952,1597988803438999808,2020-08-21 13:46:43.439000,9405.0,9430.0,9250.0,9355.0,nan,9339.866228,8821,823869600.0,19310,9410.0,20,9405.0,6,9415.0,98,9400.0,27,9420.0,10,9395.0,86,9425.0,11,9390.0,7,9430.0,2,9385.0,8
1597988804167842048,1597988804432000000,2020-08-21 13:46:44.432000,9405.0,9430.0,9250.0,9355.0,nan,9339.866228,8821,823869600.0,19310,9410.0,20,9405.0,2,9415.0,98,9400.0,27,9420.0,10,9395.0,86,9425.0,11,9390.0,7,9430.0,2,9385.0,8
1597988808604353024,1597988809000000000,2020-08-21 13:46:49.000000,9405.0,9430.0,9250.0,9355.0,nan,9339.866228,8821,823869600.0,19310,9410.0,20,9405.0,2,9415.0,90,9400.0,27,9420.0,10,9395.0,78,9425.0,11,9390.0,7,9430.0,2,9385.0,8
1597988809112044032,1597988809438999808,2020-08-21 13:46:49.439000,9405.0,9430.0,9250.0,9355.0,nan,9339.866228,8821,823869600.0,19310,9410.0,20,9405.0,2,9415.0,98,9400.0,27,9420.0,10,9395.0,86,9425.0,11,9390.0,7,9430.0,2,9385.0,8
1597988814619108096,1597988815000000000,2020-08-21 13:46:55.000000,9405.0,9430.0,9250.0,9355.0,nan,9339.866228,8821,823869600.0,19310,9410.0,20,9405.0,2,9415.0,90,9400.0,27,9420.0,8,9395.0,78,9425.0,11,9390.0,7,9430.0,2,9385.0,8
1597988815105876992,1597988815416000000,2020-08-21 13:46:55.416000,9405.0,9430.0,9250.0,9355.0,nan,9339.866228,8821,823869600.0,19310,9410.0,20,9405.0,2,9415.0,98,9400.0,27,9420.0,8,9395.0,86,9425.0,11,9390.0,7,9430.0,2,9385.0,8
1597988820621854976,1597988821000000000,2020-08-21 13:47:01.000000,9405.0,9430.0,9250.0,9355.0,nan,9339.866228,8821,823869600.0,19310,9410.0,20,9405.0,2,9415.0,90,9400.0,27,9420.0,8,9395.0,78,9425.0,11,9390.0,7,9430.0,2,9385.0,8
1597988821135240960,1597988821434000128,2020-08-21 13:47:01.434000,9405.0,9430.0,9250.0,9355.0,nan,9339.866228,8821,823869600.0,19310,9410.0,20,9405.0,2,9415.0,98,9400.0,27,9420.0,8,9395.0,86,9425.0,11,9390.0,7,9430.0,2,9385.0,8
1597988821622947072,1597988822000000000,2020-08-21 13:47:02.000000,9405.0,9430.0,9250.0,9355.0,nan,9339.866228,8821,823869600.0,19310,9410.0,18,9405.0,2,9415.0,92,9400.0,19,9420.0,8,9395.0,86,9425.0,11,9390.0,7,9430.0,2,9385.0,8
1597988822105769984,1597988822423000064,2020-08-21 13:47:02.423000,9405.0,9430.0,9250.0,9355.0,nan,9339.866228,8821,823869600.0,19310,9410.0,20,9405.0,2,9415.0,98,9400.0,27,9420.0,8,9395.0,86,9425.0,11,9390.0,7,9430.0,2,9385.0,8
1597988825104189952,1597988825438999808,2020-08-21 13:47:05.439000,9405.0,9430.0,9250.0,9355.0,nan,9339.866228,8821,823869600.0,19310,9410.0,21,9405.0,2,9415.0,98,9400.0,27,9420.0,8,9395.0,86,9425.0,11,9390.0,7,9430.0,2,9385.0,8
1597988826609285888,1597988827000000000,2020-08-21 13:47:07.000000,9405.0,9430.0,9250.0,9355.0,nan,9339.866228,8821,823869600.0,19310,9410.0,21,9405.0,2,9415.0,98,9400.0,27,9420.0,8,9395.0,78,9425.0,11,9390.0,7,9430.0,2,9385.0,8
1597988827102723072,1597988827428000000,2020-08-21 13:47:07.428000,9405.0,9430.0,9250.0,9355.0,nan,9339.866228,8821,823869600.0,19310,9410.0,21,9405.0,2,9415.0,98,9400.0,27,9420.0,8,9395.0,86,9425.0,11,9390.0,7,9430.0,2,9385.0,8
1597988832607753984,1597988833000000000,2020-08-21 13:47:13.000000,9405.0,9430.0,9250.0,9355.0,nan,9339.866228,8821,823869600.0,19310,9410.0,21,9405.0,2,9415.0,90,9400.0,27,9420.0,8,9395.0,78,9425.0,11,9390.0,7,9430.0,2,9385.0,8
1597988833141056000,1597988833432000000,2020-08-21 13:47:13.432000,9405.0,9430.0,9250.0,9355.0,nan,9339.866228,8821,823869600.0,19310,9410.0,21,9405.0,2,9415.0,98,9400.0,27,9420.0,8,9395.0,86,9425.0,11,9390.0,7,9430.0,2,9385.0,8
1597988838614735104,1597988839000000000,2020-08-21 13:47:19.000000,9405.0,9430.0,9250.0,9355.0,nan,9339.866228,8821,823869600.0,19310,9410.0,21,9405.0,2,9415.0,90,9400.0,27,9420.0,8,9395.0,78,9425.0,11,9390.0,7,9430.0,2,9385.0,8
1597988839130007040,1597988839433000192,2020-08-21 13:47:19.433000,9405.0,9430.0,9250.0,9355.0,nan,9339.880993,8823,824057700.0,19309,9405.0,1,9400.0,19,9410.0,13,9395.0,79,9415.0,90,9390.0,7,9420.0,8,9385.0,8,9425.0,11,9380.0,2
1597988839614354944,1597988840000000000,2020-08-21 13:47:20.000000,9405.0,9430.0,9250.0,9355.0,nan,9339.880993,8823,824057700.0,19309,9405.0,1,9400.0,12,9410.0,19,9395.0,63,9415.0,68,9390.0,15,9420.0,8,9385.0,8,9425.0,11,9380.0,2
1597988840125916928,1597988840436999936,2020-08-21 13:47:20.437000,9405.0,9430.0,9250.0,9355.0,nan,9339.880993,8823,824057700.0,19309,9405.0,2,9400.0,18,9410.0,43,9395.0,79,9415.0,73,9390.0,23,9420.0,8,9385.0,8,9425.0,11,9380.0,2
1597988840621264896,1597988841000000000,2020-08-21 13:47:21.000000,9405.0,9430.0,9250.0,9355.0,nan,9339.880993,8823,824057700.0,19309,9405.0,2,9400.0,18,9410.0,37,9395.0,73,9415.0,73,9390.0,23,9420.0,8,9385.0,8,9425.0,11,9380.0,2
1597988841116940032,1597988841420999936,2020-08-21 13:47:21.421000,9405.0,9430.0,9250.0,9355.0,nan,9339.880993,8823,824057700.0,19309,9405.0,2,9400.0,20,9410.0,45,9395.0,79,9415.0,73,9390.0,23,9420.0,8,9385.0,8,9425.0,11,9380.0,2
1597988844607379968,1597988845000000000,2020-08-21 13:47:25.000000,9405.0,9430.0,9250.0,9355.0,nan,9339.880993,8823,824057700.0,19309,9405.0,2,9400.0,20,9410.0,45,9395.0,71,9415.0,65,9390.0,23,9420.0,8,9385.0,8,9425.0,11,9380.0,2
1597988845112056064,1597988845432000000,2020-08-21 13:47:25.432000,9405.0,9430.0,9250.0,9355.0,nan,9339.880993,8823,824057700.0,19309,9405.0,2,9400.0,20,9410.0,53,9395.0,71,9415.0,65,9390.0,31,9420.0,8,9385.0,8,9425.0,11,9380.0,2
1597988850621327104,1597988851000000000,2020-08-21 13:47:31.000000,9405.0,9430.0,9250.0,9355.0,nan,9339.880993,8823,824057700.0,19309,9405.0,2,9400.0,20,9410.0,45,9395.0,71,9415.0,65,9390.0,23,9420.0,8,9385.0,8,9425.0,11,9380.0,2
1597988851117574912,1597988851436999936,2020-08-21 13:47:31.437000,9405.0,9430.0,9250.0,9355.0,nan,9339.880993,8823,824057700.0,19309,9405.0,2,9400.0,20,9410.0,53,9395.0,71,9415.0,65,9390.0,31,9420.0,8,9385.0,8,9425.0,11,9380.0,2
1597988856610694912,1597988857000000000,2020-08-21 13:47:37.000000,9405.0,9430.0,9250.0,9355.0,nan,9339.880993,8823,824057700.0,19309,9405.0,2,9400.0,20,9410.0,45,9395.0,71,9415.0,65,9390.0,23,9420.0,8,9385.0,8,9425.0,11,9380.0,2
1597988857120067072,1597988857437999872,2020-08-21 13:47:37.438000,9405.0,9430.0,9250.0,9355.0,nan,9339.880993,8823,824057700.0,19309,9405.0,2,9400.0,20,9410.0,53,9395.0,71,9415.0,65,9390.0,31,9420.0,8,9385.0,8,9425.0,11,9380.0,2
1597988862640992000,1597988863000000000,2020-08-21 13:47:43.000000,9405.0,9430.0,9250.0,9355.0,nan,9339.880993,8823,824057700.0,19309,9405.0,2,9400.0,20,9410.0,45,9395.0,71,9415.0,65,9390.0,23,9420.0,8,9385.0,8,9425.0,11,9380.0,2
1597988863121146880,1597988863437999872,2020-08-21 13:47:43.438000,9405.0,9430.0,9250.0,9355.0,nan,9339.880993,8823,824057700.0,19309,9405.0,2,9400.0,20,9410.0,53,9395.0,71,9415.0,65,9390.0,31,9420.0,8,9385.0,8,9425.0,11,9380.0,2
1597988868634983936,1597988869000000000,2020-08-21 13:47:49.000000,9405.0,9430.0,9250.0,9355.0,nan,9339.880993,8823,824057700.0,19309,9405.0,6,9400.0,20,9410.0,45,9395.0,71,9415.0,65,9390.0,23,9420.0,8,9385.0,8,9425.0,11,9380.0,2
1597988869121989888,1597988869434000128,2020-08-21 13:47:49.434000,9405.0,9430.0,9250.0,9355.0,nan,9339.880993,8823,824057700.0,19309,9405.0,6,9400.0,16,9410.0,53,9395.0,71,9415.0,65,9390.0,31,9420.0,8,9385.0,8,9425.0,11,9380.0,2
1597988869616632064,1597988870000000000,2020-08-21 13:47:50.000000,9405.0,9430.0,9250.0,9355.0,nan,9339.880993,8823,824057700.0,19309,9405.0,6,9400.0,15,9410.0,53,9395.0,71,9415.0,65,9390.0,31,9420.0,8,9385.0,8,9425.0,11,9380.0,2
1597988874646822912,1597988875000000000,2020-08-21 13:47:55.000000,9405.0,9430.0,9250.0,9355.0,nan,9339.880993,8823,824057700.0,19309,9405.0,6,9400.0,15,9410.0,45,9395.0,71,9415.0,65,9390.0,23,9420.0,8,9385.0,8,9425.0,11,9380.0,2
