local_nano_time,quote_nano_time,datetime,last_price,highest,lowest,open,close,average,volume,amount,open_interest,ask_price1,ask_volume1,bid_price1,bid_volume1,ask_price2,ask_volume2,bid_price2,bid_volume2,ask_price3,ask_volume3,bid_price3,bid_volume3,ask_price4,ask_volume4,bid_price4,bid_volume4,ask_price5,ask_volume5,bid_price5,bid_volume5
1597988226624389120,1597988226913000192,2020-08-21 13:37:06.913000,4610.0,4610.0,4540.0,4540.0,nan,4570.943,87337,3992124500.0,122800,4610.0,889,4608.0,1,4612.0,368,4606.0,246,4614.0,20,4604.0,295,4616.0,115,4602.0,229,4618.0,977,4600.0,283
1597988227126152960,1597988227436000000,2020-08-21 13:37:07.436000,4608.0,4610.0,4540.0,4540.0,nan,4570.965,87390,3994566740.0,122845,4610.0,838,4608.0,7,4612.0,408,4606.0,246,4614.0,20,4604.0,315,4616.0,115,4602.0,229,4618.0,958,4600.0,264
1597988227628386048,1597988227936000000,2020-08-21 13:37:07.936000,4608.0,4610.0,4540.0,4540.0,nan,4570.966,87392,3994658900.0,122844,4610.0,838,4608.0,43,4612.0,408,4606.0,246,4614.0,20,4604.0,314,4616.0,115,4602.0,229,4618.0,958,4600.0,264
1597988228118274048,1597988228427000064,2020-08-21 13:37:08.427000,4608.0,4610.0,4540.0,4540.0,nan,4570.967,87393,3994704980.0,122843,4610.0,839,4608.0,43,4612.0,408,4606.0,246,4614.0,20,4604.0,315,4616.0,115,4602.0,229,4618.0,977,4600.0,283
1597988228623048960,1597988228901999872,2020-08-21 13:37:08.902000,4608.0,4610.0,4540.0,4540.0,nan,4570.99,87445,3997102140.0,122892,4610.0,811,4608.0,44,4612.0,408,4606.0,246,4614.0,20,4604.0,335,4616.0,115,4602.0,229,4618.0,977,4600.0,283
1597988229120530944,1597988229431000064,2020-08-21 13:37:09.431000,4608.0,4610.0,4540.0,4540.0,nan,4570.991,87448,3997240420.0,122894,4610.0,807,4608.0,81,4612.0,408,4606.0,246,4614.0,20,4604.0,335,4616.0,115,4602.0,229,4618.0,977,4600.0,283
1597988229621562880,1597988229932000000,2020-08-21 13:37:09.932000,4608.0,4610.0,4540.0,4540.0,nan,4570.991,87448,3997240420.0,122894,4610.0,807,4608.0,84,4612.0,408,4606.0,246,4614.0,20,4604.0,335,4616.0,115,4602.0,229,4618.0,977,4600.0,283
1597988230149936128,1597988230432000000,2020-08-21 13:37:10.432000,4608.0,4610.0,4540.0,4540.0,nan,4570.991,87448,3997240420.0,122894,4610.0,810,4608.0,93,4612.0,408,4606.0,240,4614.0,20,4604.0,335,4616.0,115,4602.0,229,4618.0,977,4600.0,283
1597988230628376064,1597988230935000064,2020-08-21 13:37:10.935000,4608.0,4610.0,4540.0,4540.0,nan,4570.991,87448,3997240420.0,122894,4610.0,811,4608.0,94,4612.0,408,4606.0,241,4614.0,20,4604.0,335,4616.0,115,4602.0,229,4618.0,977,4600.0,283
1597988231128134912,1597988231436999936,2020-08-21 13:37:11.437000,4608.0,4610.0,4540.0,4540.0,nan,4571.002,87474,3998438500.0,122896,4610.0,812,4608.0,66,4612.0,408,4606.0,241,4614.0,20,4604.0,335,4616.0,115,4602.0,229,4618.0,977,4600.0,284
1597988231631728896,1597988231910000128,2020-08-21 13:37:11.910000,4610.0,4610.0,4540.0,4540.0,nan,4571.008,87487,3999037740.0,122905,4610.0,801,4608.0,56,4612.0,408,4606.0,242,4614.0,20,4604.0,335,4616.0,115,4602.0,229,4618.0,977,4600.0,284
1597988232129671936,1597988232423000064,2020-08-21 13:37:12.423000,4610.0,4610.0,4540.0,4540.0,nan,4571.008,87487,3999037740.0,122905,4610.0,803,4608.0,56,4612.0,408,4606.0,242,4614.0,20,4604.0,335,4616.0,115,4602.0,229,4618.0,977,4600.0,284
1597988232634435072,1597988232932000000,2020-08-21 13:37:12.932000,4610.0,4610.0,4540.0,4540.0,nan,4571.009,87489,3999129940.0,122907,4610.0,812,4608.0,58,4612.0,408,4606.0,242,4614.0,20,4604.0,335,4616.0,115,4602.0,229,4618.0,977,4600.0,284
1597988233123938048,1597988233405999872,2020-08-21 13:37:13.406000,4608.0,4610.0,4540.0,4540.0,nan,4571.009,87490,3999176020.0,122906,4610.0,813,4608.0,62,4612.0,407,4606.0,242,4614.0,21,4604.0,335,4616.0,115,4602.0,229,4618.0,977,4600.0,278
1597988233631740928,1597988233912000000,2020-08-21 13:37:13.912000,4608.0,4610.0,4540.0,4540.0,nan,4571.01,87491,3999222100.0,122905,4610.0,812,4608.0,64,4612.0,407,4606.0,235,4614.0,21,4604.0,335,4616.0,115,4602.0,229,4618.0,977,4600.0,278
1597988234144046080,1597988234427000064,2020-08-21 13:37:14.427000,4608.0,4610.0,4540.0,4540.0,nan,4571.01,87491,3999222100.0,122905,4610.0,814,4608.0,72,4612.0,407,4606.0,230,4614.0,21,4604.0,335,4616.0,115,4602.0,228,4618.0,977,4600.0,278
1597988234627268096,1597988234937999872,2020-08-21 13:37:14.938000,4608.0,4610.0,4540.0,4540.0,nan,4571.021,87517,4000420180.0,122918,4610.0,797,4608.0,79,4612.0,407,4606.0,230,4614.0,21,4604.0,315,4616.0,115,4602.0,228,4618.0,958,4600.0,259
1597988235134841088,1597988235413000192,2020-08-21 13:37:15.413000,4608.0,4610.0,4540.0,4540.0,nan,4571.022,87519,4000512340.0,122918,4610.0,796,4608.0,75,4612.0,386,4606.0,230,4614.0,21,4604.0,296,4616.0,115,4602.0,228,4618.0,958,4600.0,259
1597988235662084096,1597988235905999872,2020-08-21 13:37:15.906000,4608.0,4610.0,4540.0,4540.0,nan,4571.022,87520,4000558420.0,122918,4610.0,797,4608.0,75,4612.0,386,4606.0,230,4614.0,21,4604.0,296,4616.0,115,4602.0,228,4618.0,977,4600.0,278
1597988236118000128,1597988236432000000,2020-08-21 13:37:16.432000,4610.0,4610.0,4540.0,4540.0,nan,4571.022,87521,4000604520.0,122918,4610.0,798,4608.0,77,4612.0,406,4606.0,230,4614.0,21,4604.0,315,4616.0,115,4602.0,228,4618.0,977,4600.0,278
1597988236621278976,1597988236918999808,2020-08-21 13:37:16.919000,4610.0,4610.0,4540.0,4540.0,nan,4571.022,87521,4000604520.0,122918,4610.0,796,4608.0,79,4612.0,406,4606.0,225,4614.0,21,4604.0,315,4616.0,114,4602.0,241,4618.0,978,4600.0,278
1597988237134087936,1597988237435000064,2020-08-21 13:37:17.435000,4608.0,4610.0,4540.0,4540.0,nan,4571.025,87527,4000881000.0,122924,4610.0,818,4608.0,82,4612.0,406,4606.0,223,4614.0,21,4604.0,335,4616.0,114,4602.0,255,4618.0,978,4600.0,278
1597988237640738048,1597988237934000128,2020-08-21 13:37:17.934000,4610.0,4610.0,4540.0,4540.0,nan,4571.027,87532,4001111420.0,122925,4610.0,815,4608.0,77,4612.0,406,4606.0,223,4614.0,21,4604.0,335,4616.0,114,4602.0,255,4618.0,978,4600.0,278
1597988238129306112,1597988238430000128,2020-08-21 13:37:18.430000,4608.0,4610.0,4540.0,4540.0,nan,4571.03,87539,4001433980.0,122924,4610.0,811,4608.0,70,4612.0,405,4606.0,223,4614.0,22,4604.0,335,4616.0,114,4602.0,255,4618.0,978,4600.0,278
1597988239132463104,1597988239420999936,2020-08-21 13:37:19.421000,4610.0,4610.0,4540.0,4540.0,nan,4571.031,87541,4001526180.0,122926,4610.0,825,4608.0,77,4612.0,405,4606.0,223,4614.0,22,4604.0,335,4616.0,114,4602.0,255,4618.0,978,4600.0,278
1597988239632427008,1597988239932000000,2020-08-21 13:37:19.932000,4608.0,4610.0,4540.0,4540.0,nan,4571.037,87556,4002217380.0,122933,4610.0,824,4608.0,61,4612.0,405,4606.0,223,4614.0,22,4604.0,335,4616.0,114,4602.0,255,4618.0,978,4600.0,278
1597988240140356096,1597988240416999936,2020-08-21 13:37:20.417000,4608.0,4610.0,4540.0,4540.0,nan,4571.044,87572,4002954660.0,122929,4610.0,804,4608.0,67,4612.0,385,4606.0,223,4614.0,42,4604.0,315,4616.0,134,4602.0,255,4618.0,978,4600.0,278
1597988240629422080,1597988240916000000,2020-08-21 13:37:20.916000,4608.0,4610.0,4540.0,4540.0,nan,4571.044,87572,4002954660.0,122929,4610.0,826,4608.0,69,4612.0,385,4606.0,223,4614.0,42,4604.0,335,4616.0,134,4602.0,255,4618.0,978,4600.0,278
1597988241131510016,1597988241423000064,2020-08-21 13:37:21.423000,4608.0,4610.0,4540.0,4540.0,nan,4571.077,87650,4006549000.0,122971,4608.0,36,4606.0,223,4610.0,797,4604.0,315,4612.0,385,4602.0,255,4614.0,42,4600.0,259,4616.0,134,4598.0,78
1597988241638347008,1597988241936000000,2020-08-21 13:37:21.936000,4608.0,4610.0,4540.0,4540.0,nan,4571.078,87652,4006641160.0,122973,4608.0,77,4606.0,243,4610.0,817,4604.0,256,4612.0,344,4602.0,255,4614.0,22,4600.0,259,4616.0,134,4598.0,78
1597988242142658048,1597988242423000064,2020-08-21 13:37:22.423000,4608.0,4610.0,4540.0,4540.0,nan,4571.078,87653,4006687240.0,122974,4608.0,82,4606.0,248,4610.0,838,4604.0,258,4612.0,344,4602.0,275,4614.0,22,4600.0,260,4616.0,153,4598.0,97
1597988242663730944,1597988242935000064,2020-08-21 13:37:22.935000,4608.0,4610.0,4540.0,4540.0,nan,4571.078,87653,4006687240.0,122974,4608.0,81,4606.0,251,4610.0,838,4604.0,256,4612.0,344,4602.0,275,4614.0,22,4600.0,260,4616.0,153,4598.0,97
1597988243121953024,1597988243432000000,2020-08-21 13:37:23.432000,4608.0,4610.0,4540.0,4540.0,nan,4571.078,87653,4006687240.0,122974,4608.0,82,4606.0,251,4610.0,838,4604.0,276,4612.0,363,4602.0,275,4614.0,22,4600.0,260,4616.0,153,4598.0,97
1597988243632561920,1597988243917999872,2020-08-21 13:37:23.918000,4608.0,4610.0,4540.0,4540.0,nan,4571.082,87663,4007148040.0,122984,4608.0,75,4606.0,255,4610.0,858,4604.0,297,4612.0,365,4602.0,275,4614.0,23,4600.0,260,4616.0,153,4598.0,97
1597988244116260096,1597988244433000192,2020-08-21 13:37:24.433000,4608.0,4610.0,4540.0,4540.0,nan,4571.083,87664,4007194120.0,122985,4608.0,74,4606.0,255,4610.0,858,4604.0,297,4612.0,365,4602.0,275,4614.0,23,4600.0,261,4616.0,153,4598.0,97
1597988244644400128,1597988244932000000,2020-08-21 13:37:24.932000,4608.0,4610.0,4540.0,4540.0,nan,4571.083,87665,4007240200.0,122986,4608.0,73,4606.0,255,4610.0,858,4604.0,297,4612.0,365,4602.0,275,4614.0,23,4600.0,262,4616.0,153,4598.0,97
1597988245135735040,1597988245427000064,2020-08-21 13:37:25.427000,4608.0,4610.0,4540.0,4540.0,nan,4571.109,87730,4010234320.0,122977,4608.0,62,4606.0,201,4610.0,858,4604.0,297,4612.0,365,4602.0,275,4614.0,23,4600.0,262,4616.0,153,4598.0,97
1597988245628002048,1597988245882999808,2020-08-21 13:37:25.883000,4608.0,4610.0,4540.0,4540.0,nan,4571.114,87740,4010695120.0,122978,4608.0,48,4606.0,197,4610.0,859,4604.0,298,4612.0,365,4602.0,275,4614.0,23,4600.0,262,4616.0,153,4598.0,97
1597988246156357120,1597988246423000064,2020-08-21 13:37:26.423000,4608.0,4610.0,4540.0,4540.0,nan,4571.114,87740,4010695120.0,122978,4608.0,53,4606.0,197,4610.0,859,4604.0,298,4612.0,365,4602.0,275,4614.0,23,4600.0,262,4616.0,153,4598.0,97
1597988246677294080,1597988246932000000,2020-08-21 13:37:26.932000,4606.0,4610.0,4540.0,4540.0,nan,4571.115,87744,4010879360.0,122976,4608.0,63,4606.0,196,4610.0,858,4604.0,296,4612.0,365,4602.0,275,4614.0,23,4600.0,262,4616.0,153,4598.0,97
1597988247128634112,1597988247436999936,2020-08-21 13:37:27.437000,4608.0,4610.0,4540.0,4540.0,nan,4571.116,87745,4010925440.0,122977,4608.0,99,4606.0,206,4610.0,858,4604.0,296,4612.0,362,4602.0,275,4614.0,23,4600.0,262,4616.0,153,4598.0,97
1597988247626895104,1597988247912000000,2020-08-21 13:37:27.912000,4608.0,4610.0,4540.0,4540.0,nan,4571.116,87745,4010925440.0,122977,4608.0,110,4606.0,211,4610.0,858,4604.0,297,4612.0,362,4602.0,275,4614.0,23,4600.0,262,4616.0,153,4598.0,97
1597988248160937984,1597988248420999936,2020-08-21 13:37:28.421000,4608.0,4610.0,4540.0,4540.0,nan,4571.135,87792,4013091200.0,123009,4608.0,64,4606.0,205,4610.0,838,4604.0,257,4612.0,342,4602.0,275,4614.0,23,4600.0,262,4616.0,134,4598.0,78
1597988248639052032,1597988248938999808,2020-08-21 13:37:28.939000,4608.0,4610.0,4540.0,4540.0,nan,4571.139,87802,4013551880.0,123013,4608.0,62,4606.0,179,4610.0,838,4604.0,257,4612.0,323,4602.0,275,4614.0,23,4600.0,262,4616.0,134,4598.0,78
1597988249127123968,1597988249420000000,2020-08-21 13:37:29.420000,4606.0,4610.0,4540.0,4540.0,nan,4571.14,87803,4013597940.0,123012,4608.0,67,4606.0,185,4610.0,838,4604.0,276,4612.0,343,4602.0,275,4614.0,23,4600.0,262,4616.0,153,4598.0,97
1597988249638359040,1597988249930000128,2020-08-21 13:37:29.930000,4606.0,4610.0,4540.0,4540.0,nan,4571.14,87803,4013597940.0,123012,4608.0,75,4606.0,185,4610.0,888,4604.0,276,4612.0,343,4602.0,281,4614.0,23,4600.0,262,4616.0,153,4598.0,97
1597988250190192128,1597988250435000064,2020-08-21 13:37:30.435000,4608.0,4610.0,4540.0,4540.0,nan,4571.141,87805,4013690080.0,123011,4608.0,76,4606.0,184,4610.0,888,4604.0,296,4612.0,362,4602.0,281,4614.0,23,4600.0,262,4616.0,153,4598.0,97
1597988250673467904,1597988250933000192,2020-08-21 13:37:30.933000,4608.0,4610.0,4540.0,4540.0,nan,4571.145,87815,4014150880.0,123018,4608.0,70,4606.0,185,4610.0,908,4604.0,297,4612.0,362,4602.0,301,4614.0,23,4600.0,262,4616.0,153,4598.0,97
1597988251146106880,1597988251436000000,2020-08-21 13:37:31.436000,4606.0,4610.0,4540.0,4540.0,nan,4571.145,87816,4014196940.0,123017,4608.0,73,4606.0,186,4610.0,908,4604.0,297,4612.0,362,4602.0,301,4614.0,23,4600.0,262,4616.0,153,4598.0,107
1597988251651526912,1597988251914000128,2020-08-21 13:37:31.914000,4606.0,4610.0,4540.0,4540.0,nan,4571.145,87816,4014196940.0,123017,4608.0,72,4606.0,185,4610.0,910,4604.0,297,4612.0,362,4602.0,301,4614.0,23,4600.0,262,4616.0,153,4598.0,107
1597988252133565952,1597988252421999872,2020-08-21 13:37:32.422000,4606.0,4610.0,4540.0,4540.0,nan,4571.146,87818,4014289080.0,123016,4608.0,83,4606.0,187,4610.0,910,4604.0,297,4612.0,362,4602.0,301,4614.0,23,4600.0,262,4616.0,153,4598.0,107
1597988252651297024,1597988252933000192,2020-08-21 13:37:32.933000,4608.0,4610.0,4540.0,4540.0,nan,4571.147,87819,4014335160.0,123015,4608.0,84,4606.0,187,4610.0,910,4604.0,297,4612.0,362,4602.0,301,4614.0,23,4600.0,262,4616.0,153,4598.0,107
1597988253132992000,1597988253424000000,2020-08-21 13:37:33.424000,4608.0,4610.0,4540.0,4540.0,nan,4571.147,87819,4014335160.0,123015,4608.0,87,4606.0,185,4610.0,910,4604.0,297,4612.0,362,4602.0,301,4614.0,23,4600.0,262,4616.0,153,4598.0,107
1597988253627651072,1597988253898999808,2020-08-21 13:37:33.899000,4608.0,4610.0,4540.0,4540.0,nan,4571.147,87819,4014335160.0,123015,4608.0,105,4606.0,146,4610.0,950,4604.0,335,4612.0,323,4602.0,301,4614.0,23,4600.0,261,4616.0,153,4598.0,108
1597988254119529984,1597988254438999808,2020-08-21 13:37:34.439000,4608.0,4610.0,4540.0,4540.0,nan,4571.147,87821,4014427320.0,123015,4608.0,103,4606.0,146,4610.0,970,4604.0,335,4612.0,303,4602.0,301,4614.0,23,4600.0,261,4616.0,153,4598.0,108
1597988254637737984,1597988254935000064,2020-08-21 13:37:34.935000,4606.0,4610.0,4540.0,4540.0,nan,4571.148,87823,4014519460.0,123014,4608.0,105,4606.0,145,4610.0,971,4604.0,335,4612.0,301,4602.0,301,4614.0,23,4600.0,261,4616.0,153,4598.0,108
1597988255107747072,1597988255433000192,2020-08-21 13:37:35.433000,4606.0,4610.0,4540.0,4540.0,nan,4571.148,87823,4014519460.0,123014,4608.0,105,4606.0,144,4610.0,971,4604.0,335,4612.0,301,4602.0,301,4614.0,23,4600.0,261,4616.0,153,4598.0,108
1597988255619952128,1597988255931000064,2020-08-21 13:37:35.931000,4606.0,4610.0,4540.0,4540.0,nan,4571.153,87835,4015072220.0,123015,4608.0,116,4606.0,136,4610.0,971,4604.0,335,4612.0,301,4602.0,301,4614.0,23,4600.0,261,4616.0,153,4598.0,108
1597988256641548032,1597988256924999936,2020-08-21 13:37:36.925000,4606.0,4610.0,4540.0,4540.0,nan,4571.157,87846,4015578980.0,123021,4608.0,113,4606.0,130,4610.0,971,4604.0,335,4612.0,301,4602.0,302,4614.0,24,4600.0,261,4616.0,153,4598.0,109
1597988257143750912,1597988257427000064,2020-08-21 13:37:37.427000,4608.0,4610.0,4540.0,4540.0,nan,4571.16,87852,4015855460.0,123021,4608.0,113,4606.0,135,4610.0,971,4604.0,335,4612.0,301,4602.0,302,4614.0,24,4600.0,261,4616.0,155,4598.0,109
1597988257617063936,1597988257933000192,2020-08-21 13:37:37.933000,4608.0,4610.0,4540.0,4540.0,nan,4571.16,87852,4015855460.0,123021,4608.0,112,4606.0,133,4610.0,971,4604.0,335,4612.0,301,4602.0,302,4614.0,24,4600.0,261,4616.0,155,4598.0,109
1597988258114894080,1597988258416999936,2020-08-21 13:37:38.417000,4606.0,4610.0,4540.0,4540.0,nan,4571.16,87853,4015901520.0,123021,4608.0,114,4606.0,134,4610.0,971,4604.0,335,4612.0,301,4602.0,302,4614.0,24,4600.0,261,4616.0,155,4598.0,109
1597988258609975040,1597988258935000064,2020-08-21 13:37:38.935000,4608.0,4610.0,4540.0,4540.0,nan,4571.162,87858,4016131920.0,123021,4608.0,110,4606.0,132,4610.0,971,4604.0,335,4612.0,301,4602.0,302,4614.0,24,4600.0,261,4616.0,155,4598.0,109
1597988259138181120,1597988259405999872,2020-08-21 13:37:39.406000,4606.0,4610.0,4540.0,4540.0,nan,4571.17,87878,4017053120.0,123019,4608.0,111,4606.0,129,4610.0,1009,4604.0,335,4612.0,301,4602.0,302,4614.0,24,4600.0,261,4616.0,155,4598.0,109
1597988259643001088,1597988259921999872,2020-08-21 13:37:39.922000,4606.0,4610.0,4540.0,4540.0,nan,4571.17,87878,4017053120.0,123019,4608.0,117,4606.0,130,4610.0,1009,4604.0,335,4612.0,301,4602.0,302,4614.0,24,4600.0,261,4616.0,155,4598.0,109
1597988260140283904,1597988260427000064,2020-08-21 13:37:40.427000,4608.0,4610.0,4540.0,4540.0,nan,4571.172,87881,4017191360.0,123019,4608.0,114,4606.0,130,4610.0,1009,4604.0,335,4612.0,301,4602.0,302,4614.0,24,4600.0,261,4616.0,155,4598.0,109
1597988260620838912,1597988260932000000,2020-08-21 13:37:40.932000,4608.0,4610.0,4540.0,4540.0,nan,4571.172,87882,4017237440.0,123019,4608.0,113,4606.0,130,4610.0,1009,4604.0,336,4612.0,301,4602.0,302,4614.0,24,4600.0,261,4616.0,155,4598.0,109
1597988261151077120,1597988261436000000,2020-08-21 13:37:41.436000,4608.0,4610.0,4540.0,4540.0,nan,4571.172,87883,4017283520.0,123019,4608.0,117,4606.0,131,4610.0,1009,4604.0,336,4612.0,301,4602.0,302,4614.0,24,4600.0,261,4616.0,155,4598.0,109
1597988261619798016,1597988261931000064,2020-08-21 13:37:41.931000,4608.0,4610.0,4540.0,4540.0,nan,4571.173,87884,4017329600.0,123019,4608.0,116,4606.0,131,4610.0,1009,4604.0,336,4612.0,301,4602.0,302,4614.0,24,4600.0,261,4616.0,155,4598.0,109
1597988262631020032,1597988262910000128,2020-08-21 13:37:42.910000,4608.0,4610.0,4540.0,4540.0,nan,4571.173,87885,4017375680.0,123019,4608.0,125,4606.0,171,4610.0,969,4604.0,296,4612.0,320,4602.0,302,4614.0,44,4600.0,261,4616.0,155,4598.0,109
1597988263122093056,1597988263379000064,2020-08-21 13:37:43.379000,4608.0,4610.0,4540.0,4540.0,nan,4571.178,87895,4017836480.0,123021,4608.0,117,4606.0,132,4610.0,1009,4604.0,315,4612.0,301,4602.0,322,4614.0,24,4600.0,261,4616.0,155,4598.0,109
1597988263625320960,1597988263930000128,2020-08-21 13:37:43.930000,4608.0,4610.0,4540.0,4540.0,nan,4571.178,87896,4017882560.0,123021,4608.0,117,4606.0,131,4610.0,1009,4604.0,316,4612.0,301,4602.0,322,4614.0,24,4600.0,261,4616.0,155,4598.0,109
1597988264136058112,1597988264433000192,2020-08-21 13:37:44.433000,4608.0,4610.0,4540.0,4540.0,nan,4571.179,87898,4017974720.0,123021,4608.0,114,4606.0,131,4610.0,1009,4604.0,316,4612.0,301,4602.0,322,4614.0,24,4600.0,261,4616.0,155,4598.0,109
1597988264624460032,1597988264935000064,2020-08-21 13:37:44.935000,4608.0,4610.0,4540.0,4540.0,nan,4571.179,87898,4017974720.0,123021,4608.0,114,4606.0,131,4610.0,1007,4604.0,316,4612.0,301,4602.0,322,4614.0,24,4600.0,261,4616.0,155,4598.0,109
1597988265136655872,1597988265413000192,2020-08-21 13:37:45.413000,4608.0,4610.0,4540.0,4540.0,nan,4571.181,87904,4018251100.0,123021,4608.0,114,4606.0,126,4610.0,1007,4604.0,316,4612.0,301,4602.0,322,4614.0,24,4600.0,261,4616.0,155,4598.0,109
1597988265629029120,1597988265935000064,2020-08-21 13:37:45.935000,4606.0,4610.0,4540.0,4540.0,nan,4571.182,87906,4018343240.0,123021,4608.0,113,4606.0,125,4610.0,1007,4604.0,316,4612.0,301,4602.0,322,4614.0,24,4600.0,261,4616.0,155,4598.0,109
1597988266152672000,1597988266424999936,2020-08-21 13:37:46.425000,4606.0,4610.0,4540.0,4540.0,nan,4571.183,87908,4018435360.0,123023,4608.0,113,4606.0,122,4610.0,1007,4604.0,316,4612.0,301,4602.0,322,4614.0,24,4600.0,261,4616.0,155,4598.0,109
1597988266622846976,1597988266924000000,2020-08-21 13:37:46.924000,4606.0,4610.0,4540.0,4540.0,nan,4571.183,87908,4018435360.0,123023,4608.0,119,4606.0,124,4610.0,1007,4604.0,316,4612.0,301,4602.0,322,4614.0,24,4600.0,261,4616.0,155,4598.0,109
1597988267149306112,1597988267416999936,2020-08-21 13:37:47.417000,4608.0,4610.0,4540.0,4540.0,nan,4571.183,87909,4018481440.0,123023,4608.0,116,4606.0,124,4610.0,1009,4604.0,316,4612.0,301,4602.0,322,4614.0,24,4600.0,261,4616.0,155,4598.0,109
1597988267622042880,1597988267938999808,2020-08-21 13:37:47.939000,4608.0,4610.0,4540.0,4540.0,nan,4571.183,87909,4018481440.0,123023,4608.0,114,4606.0,127,4610.0,1010,4604.0,316,4612.0,301,4602.0,322,4614.0,24,4600.0,261,4616.0,155,4598.0,109
1597988268135879936,1597988268428999936,2020-08-21 13:37:48.429000,4608.0,4610.0,4540.0,4540.0,nan,4571.183,87909,4018481440.0,123023,4608.0,120,4606.0,130,4610.0,1010,4604.0,316,4612.0,301,4602.0,322,4614.0,24,4600.0,261,4616.0,155,4598.0,109
1597988268638824960,1597988268924999936,2020-08-21 13:37:48.925000,4608.0,4610.0,4540.0,4540.0,nan,4571.183,87909,4018481440.0,123023,4608.0,120,4606.0,131,4610.0,1011,4604.0,315,4612.0,300,4602.0,322,4614.0,24,4600.0,261,4616.0,155,4598.0,109
1597988269129751040,1597988269407000064,2020-08-21 13:37:49.407000,4606.0,4610.0,4540.0,4540.0,nan,4571.184,87910,4018527500.0,123024,4608.0,120,4606.0,130,4610.0,1011,4604.0,315,4612.0,300,4602.0,322,4614.0,24,4600.0,261,4616.0,155,4598.0,109
1597988269668473088,1597988269923000064,2020-08-21 13:37:49.923000,4606.0,4610.0,4540.0,4540.0,nan,4571.185,87914,4018711740.0,123024,4608.0,123,4606.0,125,4610.0,1012,4604.0,315,4612.0,300,4602.0,322,4614.0,24,4600.0,261,4616.0,155,4598.0,109
1597988270134496000,1597988270424000000,2020-08-21 13:37:50.424000,4606.0,4610.0,4540.0,4540.0,nan,4571.185,87914,4018711740.0,123024,4608.0,124,4606.0,124,4610.0,1012,4604.0,315,4612.0,300,4602.0,322,4614.0,24,4600.0,261,4616.0,155,4598.0,109
1597988270622155008,1597988270935000064,2020-08-21 13:37:50.935000,4606.0,4610.0,4540.0,4540.0,nan,4571.186,87916,4018803860.0,123026,4608.0,124,4606.0,122,4610.0,1012,4604.0,315,4612.0,300,4602.0,322,4614.0,24,4600.0,262,4616.0,155,4598.0,109
1597988271140046080,1597988271434000128,2020-08-21 13:37:51.434000,4606.0,4610.0,4540.0,4540.0,nan,4571.186,87916,4018803860.0,123026,4608.0,160,4606.0,122,4610.0,1048,4604.0,275,4612.0,264,4602.0,362,4614.0,24,4600.0,262,4616.0,155,4598.0,109
1597988271609008128,1597988271913000192,2020-08-21 13:37:51.913000,4606.0,4610.0,4540.0,4540.0,nan,4571.235,88039,4024469240.0,123048,4606.0,32,4604.0,256,4608.0,153,4602.0,342,4610.0,1007,4600.0,262,4612.0,264,4598.0,90,4614.0,24,4596.0,57
1597988272121036032,1597988272432000000,2020-08-21 13:37:52.432000,4606.0,4610.0,4540.0,4540.0,nan,4571.235,88040,4024515300.0,123048,4606.0,46,4604.0,223,4608.0,143,4602.0,342,4610.0,986,4600.0,262,4612.0,244,4598.0,90,4614.0,24,4596.0,57
1597988272628040960,1597988272932000000,2020-08-21 13:37:52.932000,4604.0,4610.0,4540.0,4540.0,nan,4571.254,88091,4026863360.0,123082,4606.0,83,4604.0,180,4608.0,167,4602.0,407,4610.0,1029,4600.0,262,4612.0,244,4598.0,90,4614.0,43,4596.0,76
1597988273110579968,1597988273434000128,2020-08-21 13:37:53.434000,4606.0,4610.0,4540.0,4540.0,nan,4571.255,88094,4027001540.0,123082,4606.0,96,4604.0,144,4608.0,177,4602.0,404,4610.0,984,4600.0,262,4612.0,244,4598.0,90,4614.0,43,4596.0,76
1597988273610865920,1597988273932000000,2020-08-21 13:37:53.932000,4606.0,4610.0,4540.0,4540.0,nan,4571.255,88094,4027001540.0,123082,4606.0,105,4604.0,123,4608.0,199,4602.0,446,4610.0,935,4600.0,262,4612.0,244,4598.0,90,4614.0,43,4596.0,76
1597988274123181056,1597988274432000000,2020-08-21 13:37:54.432000,4606.0,4610.0,4540.0,4540.0,nan,4571.267,88124,4028383340.0,123088,4606.0,79,4604.0,128,4608.0,198,4602.0,442,4610.0,935,4600.0,262,4612.0,244,4598.0,90,4614.0,43,4596.0,76
1597988274649934080,1597988275239000064,2020-08-21 13:37:55.239000,4606.0,4610.0,4540.0,4540.0,nan,4571.267,88124,4028383340.0,123088,4606.0,84,4604.0,160,4608.0,199,4602.0,438,4610.0,935,4600.0,262,4612.0,244,4598.0,90,4614.0,43,4596.0,76
1597988275132915968,1597988275411000064,2020-08-21 13:37:55.411000,4604.0,4610.0,4540.0,4540.0,nan,4571.269,88128,4028567520.0,123085,4606.0,81,4604.0,158,4608.0,206,4602.0,438,4610.0,936,4600.0,262,4612.0,244,4598.0,90,4614.0,46,4596.0,76
1597988275654426880,1597988275917999872,2020-08-21 13:37:55.918000,4604.0,4610.0,4540.0,4540.0,nan,4571.275,88145,4029350200.0,123080,4606.0,86,4604.0,189,4608.0,186,4602.0,418,4610.0,976,4600.0,262,4612.0,244,4598.0,90,4614.0,43,4596.0,76
1597988276126897920,1597988276423000064,2020-08-21 13:37:56.423000,4604.0,4610.0,4540.0,4540.0,nan,4571.276,88148,4029488320.0,123077,4606.0,83,4604.0,146,4608.0,226,4602.0,459,4610.0,937,4600.0,262,4612.0,244,4598.0,90,4614.0,43,4596.0,76
1597988276680210944,1597988276926000128,2020-08-21 13:37:56.926000,4606.0,4610.0,4540.0,4540.0,nan,4571.278,88154,4029764640.0,123075,4606.0,81,4604.0,144,4608.0,227,4602.0,459,4610.0,937,4600.0,262,4612.0,244,4598.0,90,4614.0,43,4596.0,76
1597988277234993920,1597988277428999936,2020-08-21 13:37:57.429000,4606.0,4610.0,4540.0,4540.0,nan,4571.279,88156,4029856760.0,123073,4606.0,90,4604.0,150,4608.0,227,4602.0,479,4610.0,956,4600.0,262,4612.0,244,4598.0,90,4614.0,43,4596.0,76
1597988277630360064,1597988277920000000,2020-08-21 13:37:57.920000,4606.0,4610.0,4540.0,4540.0,nan,4571.281,88162,4030133120.0,123069,4606.0,84,4604.0,146,4608.0,229,4602.0,460,4610.0,934,4600.0,262,4612.0,244,4598.0,90,4614.0,24,4596.0,57
1597988278137765120,1597988278436000000,2020-08-21 13:37:58.436000,4606.0,4610.0,4540.0,4540.0,nan,4571.281,88162,4030133120.0,123069,4606.0,86,4604.0,186,4608.0,190,4602.0,420,4610.0,974,4600.0,262,4612.0,244,4598.0,90,4614.0,24,4596.0,57
1597988278634256896,1597988278937999872,2020-08-21 13:37:58.938000,4606.0,4610.0,4540.0,4540.0,nan,4571.281,88162,4030133120.0,123069,4606.0,90,4604.0,193,4608.0,191,4602.0,440,4610.0,994,4600.0,262,4612.0,244,4598.0,90,4614.0,43,4596.0,76
1597988279143952896,1597988279436000000,2020-08-21 13:37:59.436000,4604.0,4610.0,4540.0,4540.0,nan,4571.282,88163,4030179160.0,123069,4606.0,90,4604.0,192,4608.0,191,4602.0,440,4610.0,994,4600.0,262,4612.0,245,4598.0,90,4614.0,43,4596.0,76
1597988279661423104,1597988280153000192,2020-08-21 13:38:00.153000,4606.0,4610.0,4540.0,4540.0,nan,4571.292,88188,4031330580.0,123069,4606.0,90,4604.0,146,4608.0,211,4602.0,460,4610.0,945,4600.0,282,4612.0,245,4598.0,90,4614.0,43,4596.0,76
1597988280134341120,1597988280436000000,2020-08-21 13:38:00.436000,4606.0,4610.0,4540.0,4540.0,nan,4571.292,88188,4031330580.0,123069,4606.0,143,4604.0,146,4608.0,211,4602.0,460,4610.0,945,4600.0,282,4612.0,245,4598.0,90,4614.0,43,4596.0,76
1597988280628228096,1597988280933000192,2020-08-21 13:38:00.933000,4604.0,4610.0,4540.0,4540.0,nan,4571.293,88193,4031560780.0,123068,4606.0,122,4604.0,143,4608.0,236,4602.0,479,4610.0,945,4600.0,262,4612.0,245,4598.0,90,4614.0,43,4596.0,76
1597988281131586048,1597988281405999872,2020-08-21 13:38:01.406000,4604.0,4610.0,4540.0,4540.0,nan,4571.305,88223,4032942480.0,123068,4606.0,96,4604.0,137,4608.0,235,4602.0,479,4610.0,945,4600.0,262,4612.0,245,4598.0,90,4614.0,43,4596.0,76
1597988281621555968,1597988281924999936,2020-08-21 13:38:01.925000,4604.0,4610.0,4540.0,4540.0,nan,4571.305,88224,4032988520.0,123068,4606.0,96,4604.0,136,4608.0,235,4602.0,480,4610.0,944,4600.0,262,4612.0,245,4598.0,90,4614.0,43,4596.0,76
1597988282133649920,1597988282423000064,2020-08-21 13:38:02.423000,4604.0,4610.0,4540.0,4540.0,nan,4571.306,88226,4033080600.0,123069,4606.0,97,4604.0,134,4608.0,235,4602.0,481,4610.0,944,4600.0,262,4612.0,245,4598.0,90,4614.0,43,4596.0,76
1597988282636772096,1597988282935000064,2020-08-21 13:38:02.935000,4604.0,4610.0,4540.0,4540.0,nan,4571.307,88227,4033126640.0,123070,4606.0,110,4604.0,138,4608.0,236,4602.0,481,4610.0,945,4600.0,262,4612.0,245,4598.0,90,4614.0,43,4596.0,76
1597988283130336000,1597988283430000128,2020-08-21 13:38:03.430000,4604.0,4610.0,4540.0,4540.0,nan,4571.307,88228,4033172680.0,123070,4606.0,112,4604.0,135,4608.0,237,4602.0,481,4610.0,945,4600.0,262,4612.0,245,4598.0,90,4614.0,43,4596.0,76
1597988283628367104,1597988283913000192,2020-08-21 13:38:03.913000,4604.0,4610.0,4540.0,4540.0,nan,4571.308,88230,4033264760.0,123070,4606.0,147,4604.0,133,4608.0,247,4602.0,480,4610.0,945,4600.0,262,4612.0,245,4598.0,90,4614.0,43,4596.0,76
1597988284149222912,1597988284435000064,2020-08-21 13:38:04.435000,4604.0,4610.0,4540.0,4540.0,nan,4571.308,88232,4033356840.0,123071,4606.0,147,4604.0,132,4608.0,286,4602.0,439,4610.0,910,4600.0,302,4612.0,245,4598.0,90,4614.0,43,4596.0,76
1597988284622373120,1597988284932000000,2020-08-21 13:38:04.932000,4604.0,4610.0,4540.0,4540.0,nan,4571.31,88235,4033494960.0,123074,4606.0,147,4604.0,129,4608.0,307,4602.0,399,4610.0,890,4600.0,342,4612.0,245,4598.0,90,4614.0,43,4596.0,76
1597988285135436032,1597988285413000192,2020-08-21 13:38:05.413000,4604.0,4610.0,4540.0,4540.0,nan,4571.311,88240,4033725160.0,123078,4606.0,149,4604.0,125,4608.0,307,4602.0,399,4610.0,890,4600.0,342,4612.0,245,4598.0,90,4614.0,43,4596.0,76
1597988285632816896,1597988285937999872,2020-08-21 13:38:05.938000,4604.0,4610.0,4540.0,4540.0,nan,4571.321,88267,4034968240.0,123089,4606.0,179,4604.0,84,4608.0,267,4602.0,356,4610.0,890,4600.0,362,4612.0,250,4598.0,90,4614.0,43,4596.0,76
1597988286141100032,1597988286428000000,2020-08-21 13:38:06.428000,4604.0,4610.0,4540.0,4540.0,nan,4571.354,88355,4039019740.0,123125,4604.0,68,4602.0,335,4606.0,170,4600.0,342,4608.0,292,4598.0,90,4610.0,830,4596.0,57,4612.0,250,4594.0,131
1597988286639849984,1597988286936000000,2020-08-21 13:38:06.936000,4604.0,4610.0,4540.0,4540.0,nan,4571.356,88360,4039249900.0,123125,4604.0,74,4602.0,345,4606.0,186,4600.0,323,4608.0,251,4598.0,90,4610.0,830,4596.0,57,4612.0,250,4594.0,131
1597988287144562944,1597988287435000064,2020-08-21 13:38:07.435000,4604.0,4610.0,4540.0,4540.0,nan,4571.356,88360,4039249900.0,123125,4604.0,78,4602.0,337,4606.0,207,4600.0,385,4608.0,271,4598.0,90,4610.0,850,4596.0,57,4612.0,269,4594.0,150
1597988287626161920,1597988287937999872,2020-08-21 13:38:07.938000,4604.0,4610.0,4540.0,4540.0,nan,4571.356,88361,4039295940.0,123126,4604.0,84,4602.0,321,4606.0,206,4600.0,383,4608.0,271,4598.0,90,4610.0,830,4596.0,57,4612.0,269,4594.0,150
1597988288123538944,1597988288436999936,2020-08-21 13:38:08.437000,4602.0,4610.0,4540.0,4540.0,nan,4571.356,88362,4039341960.0,123125,4604.0,85,4602.0,336,4606.0,206,4600.0,423,4608.0,309,4598.0,90,4610.0,830,4596.0,57,4612.0,269,4594.0,150
1597988288618195968,1597988288913000192,2020-08-21 13:38:08.913000,4602.0,4610.0,4540.0,4540.0,nan,4571.357,88363,4039387980.0,123124,4604.0,87,4602.0,358,4606.0,206,4600.0,424,4608.0,329,4598.0,90,4610.0,829,4596.0,57,4612.0,269,4594.0,150
1597988289112965888,1597988289432000000,2020-08-21 13:38:09.432000,4602.0,4610.0,4540.0,4540.0,nan,4571.358,88367,4039572080.0,123125,4604.0,88,4602.0,358,4606.0,207,4600.0,424,4608.0,329,4598.0,90,4610.0,826,4596.0,57,4612.0,269,4594.0,150
1597988289639598080,1597988289911000064,2020-08-21 13:38:09.911000,4604.0,4610.0,4540.0,4540.0,nan,4571.359,88368,4039618120.0,123125,4604.0,91,4602.0,378,4606.0,196,4600.0,424,4608.0,328,4598.0,90,4610.0,825,4596.0,57,4612.0,269,4594.0,150
1597988290123750912,1597988290417999872,2020-08-21 13:38:10.418000,4602.0,4610.0,4540.0,4540.0,nan,4571.359,88369,4039664140.0,123125,4604.0,102,4602.0,377,4606.0,195,4600.0,424,4608.0,328,4598.0,90,4610.0,824,4596.0,57,4612.0,269,4594.0,150
1597988290609370112,1597988290931000064,2020-08-21 13:38:10.931000,4602.0,4610.0,4540.0,4540.0,nan,4571.359,88370,4039710160.0,123125,4604.0,103,4602.0,376,4606.0,230,4600.0,424,4608.0,326,4598.0,90,4610.0,824,4596.0,57,4612.0,269,4594.0,150
1597988291119054080,1597988291432000000,2020-08-21 13:38:11.432000,4602.0,4610.0,4540.0,4540.0,nan,4571.366,88390,4040630560.0,123116,4604.0,105,4602.0,357,4606.0,230,4600.0,424,4608.0,326,4598.0,90,4610.0,824,4596.0,57,4612.0,269,4594.0,150
1597988291628175872,1597988291936000000,2020-08-21 13:38:11.936000,4602.0,4610.0,4540.0,4540.0,nan,4571.366,88390,4040630560.0,123116,4604.0,103,4602.0,356,4606.0,230,4600.0,425,4608.0,326,4598.0,90,4610.0,824,4596.0,57,4612.0,269,4594.0,150
1597988292132624896,1597988292436999936,2020-08-21 13:38:12.437000,4604.0,4610.0,4540.0,4540.0,nan,4571.367,88391,4040676600.0,123117,4604.0,104,4602.0,358,4606.0,230,4600.0,425,4608.0,326,4598.0,90,4610.0,824,4596.0,57,4612.0,269,4594.0,150
1597988292627827968,1597988292936000000,2020-08-21 13:38:12.936000,4604.0,4610.0,4540.0,4540.0,nan,4571.368,88396,4040906800.0,123122,4604.0,98,4602.0,359,4606.0,230,4600.0,425,4608.0,326,4598.0,90,4610.0,824,4596.0,57,4612.0,268,4594.0,150
1597988293129280000,1597988293428000000,2020-08-21 13:38:13.428000,4602.0,4610.0,4540.0,4540.0,nan,4571.372,88406,4041367000.0,123122,4604.0,99,4602.0,350,4606.0,230,4600.0,425,4608.0,326,4598.0,90,4610.0,824,4596.0,57,4612.0,268,4594.0,150
1597988293614235904,1597988293931000064,2020-08-21 13:38:13.931000,4602.0,4610.0,4540.0,4540.0,nan,4571.375,88416,4041827360.0,123129,4604.0,90,4602.0,348,4606.0,232,4600.0,425,4608.0,326,4598.0,90,4610.0,824,4596.0,57,4612.0,268,4594.0,150
1597988294131026944,1597988294430000128,2020-08-21 13:38:14.430000,4602.0,4610.0,4540.0,4540.0,nan,4571.377,88420,4042011500.0,123128,4604.0,88,4602.0,329,4606.0,242,4600.0,445,4608.0,326,4598.0,90,4610.0,824,4596.0,57,4612.0,268,4594.0,150
1597988294622946048,1597988294933000192,2020-08-21 13:38:14.933000,4602.0,4610.0,4540.0,4540.0,nan,4571.377,88420,4042011500.0,123128,4604.0,88,4602.0,329,4606.0,242,4600.0,445,4608.0,326,4598.0,90,4610.0,819,4596.0,57,4612.0,267,4594.0,150
1597988295158835968,1597988295438999808,2020-08-21 13:38:15.439000,4602.0,4610.0,4540.0,4540.0,nan,4571.377,88420,4042011500.0,123128,4604.0,90,4602.0,329,4606.0,242,4600.0,445,4608.0,326,4598.0,90,4610.0,819,4596.0,57,4612.0,267,4594.0,150
1597988295628096000,1597988295937999872,2020-08-21 13:38:15.938000,4602.0,4610.0,4540.0,4540.0,nan,4571.379,88425,4042241600.0,123123,4604.0,91,4602.0,324,4606.0,242,4600.0,445,4608.0,326,4598.0,90,4610.0,819,4596.0,57,4612.0,267,4594.0,150
1597988296131066112,1597988296431000064,2020-08-21 13:38:16.431000,4602.0,4610.0,4540.0,4540.0,nan,4571.408,88509,4046107300.0,123100,4604.0,91,4602.0,240,4606.0,241,4600.0,444,4608.0,326,4598.0,90,4610.0,819,4596.0,57,4612.0,267,4594.0,150
1597988296639988992,1597988296903000064,2020-08-21 13:38:16.903000,4602.0,4610.0,4540.0,4540.0,nan,4571.408,88510,4046153320.0,123100,4604.0,118,4602.0,231,4606.0,241,4600.0,426,4608.0,302,4598.0,90,4610.0,819,4596.0,57,4612.0,267,4594.0,150
1597988297148302080,1597988297424999936,2020-08-21 13:38:17.425000,4602.0,4610.0,4540.0,4540.0,nan,4571.408,88510,4046153320.0,123100,4604.0,136,4602.0,236,4606.0,241,4600.0,446,4608.0,322,4598.0,90,4610.0,819,4596.0,57,4612.0,267,4594.0,150
1597988297632022016,1597988297937999872,2020-08-21 13:38:17.938000,4604.0,4610.0,4540.0,4540.0,nan,4571.411,88517,4046475600.0,123100,4604.0,130,4602.0,238,4606.0,238,4600.0,443,4608.0,333,4598.0,90,4610.0,819,4596.0,57,4612.0,267,4594.0,150
1597988298120844032,1597988298433000192,2020-08-21 13:38:18.433000,4604.0,4610.0,4540.0,4540.0,nan,4571.411,88517,4046475600.0,123100,4604.0,132,4602.0,238,4606.0,238,4600.0,443,4608.0,333,4598.0,90,4610.0,821,4596.0,59,4612.0,267,4594.0,150
1597988298630327040,1597988298876000000,2020-08-21 13:38:18.876000,4602.0,4610.0,4540.0,4540.0,nan,4571.411,88518,4046521620.0,123100,4604.0,134,4602.0,244,4606.0,238,4600.0,443,4608.0,333,4598.0,90,4610.0,821,4596.0,59,4612.0,267,4594.0,150
1597988299136259072,1597988299417999872,2020-08-21 13:38:19.418000,4602.0,4610.0,4540.0,4540.0,nan,4571.411,88518,4046521620.0,123100,4604.0,133,4602.0,254,4606.0,238,4600.0,444,4608.0,332,4598.0,90,4610.0,821,4596.0,59,4612.0,267,4594.0,150
1597988299648854016,1597988299933000192,2020-08-21 13:38:19.933000,4602.0,4610.0,4540.0,4540.0,nan,4571.411,88518,4046521620.0,123100,4604.0,135,4602.0,255,4606.0,238,4600.0,444,4608.0,332,4598.0,91,4610.0,821,4596.0,63,4612.0,267,4594.0,150
1597988300143588096,1597988300418999808,2020-08-21 13:38:20.419000,4602.0,4610.0,4540.0,4540.0,nan,4571.411,88518,4046521620.0,123100,4604.0,141,4602.0,255,4606.0,238,4600.0,444,4608.0,332,4598.0,91,4610.0,820,4596.0,63,4612.0,267,4594.0,150
1597988300625550080,1597988300936999936,2020-08-21 13:38:20.937000,4602.0,4610.0,4540.0,4540.0,nan,4571.411,88518,4046521620.0,123100,4604.0,141,4602.0,256,4606.0,238,4600.0,444,4608.0,332,4598.0,91,4610.0,820,4596.0,63,4612.0,267,4594.0,150
1597988301547489024,1597988301433000192,2020-08-21 13:38:21.433000,4602.0,4610.0,4540.0,4540.0,nan,4571.411,88519,4046567640.0,123100,4604.0,140,4602.0,255,4606.0,238,4600.0,444,4608.0,333,4598.0,91,4610.0,820,4596.0,63,4612.0,267,4594.0,150
1597988302027576064,1597988301933000192,2020-08-21 13:38:21.933000,4602.0,4610.0,4540.0,4540.0,nan,4571.412,88520,4046613660.0,123100,4604.0,144,4602.0,255,4606.0,239,4600.0,446,4608.0,329,4598.0,91,4610.0,820,4596.0,64,4612.0,267,4594.0,150
1597988302149498112,1597988302412000000,2020-08-21 13:38:22.412000,4602.0,4610.0,4540.0,4540.0,nan,4571.412,88521,4046659680.0,123100,4604.0,145,4602.0,254,4606.0,239,4600.0,446,4608.0,329,4598.0,91,4610.0,820,4596.0,64,4612.0,267,4594.0,150
1597988302654597120,1597988302926000128,2020-08-21 13:38:22.926000,4602.0,4610.0,4540.0,4540.0,nan,4571.413,88524,4046797740.0,123102,4604.0,145,4602.0,251,4606.0,239,4600.0,446,4608.0,329,4598.0,91,4610.0,820,4596.0,64,4612.0,267,4594.0,150
1597988303117170944,1597988303428000000,2020-08-21 13:38:23.428000,4602.0,4610.0,4540.0,4540.0,nan,4571.413,88525,4046843760.0,123102,4604.0,145,4602.0,250,4606.0,229,4600.0,446,4608.0,339,4598.0,91,4610.0,820,4596.0,64,4612.0,267,4594.0,150
1597988303821591040,1597988303917999872,2020-08-21 13:38:23.918000,4602.0,4610.0,4540.0,4540.0,nan,4571.414,88527,4046935800.0,123102,4604.0,157,4602.0,248,4606.0,229,4600.0,446,4608.0,339,4598.0,91,4610.0,820,4596.0,64,4612.0,267,4594.0,150
1597988304145112064,1597988304435000064,2020-08-21 13:38:24.435000,4602.0,4610.0,4540.0,4540.0,nan,4571.414,88527,4046935800.0,123102,4604.0,177,4602.0,248,4606.0,229,4600.0,446,4608.0,339,4598.0,91,4610.0,814,4596.0,64,4612.0,267,4594.0,150
1597988304646915072,1597988304928999936,2020-08-21 13:38:24.929000,4602.0,4610.0,4540.0,4540.0,nan,4571.414,88527,4046935800.0,123102,4604.0,177,4602.0,249,4606.0,230,4600.0,446,4608.0,338,4598.0,91,4610.0,813,4596.0,64,4612.0,267,4594.0,150
1597988305125903104,1597988305433000192,2020-08-21 13:38:25.433000,4602.0,4610.0,4540.0,4540.0,nan,4571.414,88528,4046981820.0,123102,4604.0,178,4602.0,248,4606.0,230,4600.0,446,4608.0,338,4598.0,91,4610.0,813,4596.0,64,4612.0,267,4594.0,150
1597988305645905920,1597988305936999936,2020-08-21 13:38:25.937000,4602.0,4610.0,4540.0,4540.0,nan,4571.415,88529,4047027840.0,123102,4604.0,183,4602.0,247,4606.0,230,4600.0,446,4608.0,339,4598.0,91,4610.0,813,4596.0,64,4612.0,267,4594.0,150
1597988306124455936,1597988306417999872,2020-08-21 13:38:26.418000,4602.0,4610.0,4540.0,4540.0,nan,4571.415,88529,4047027840.0,123102,4604.0,183,4602.0,247,4606.0,231,4600.0,446,4608.0,339,4598.0,91,4610.0,813,4596.0,64,4612.0,267,4594.0,150
1597988306626919936,1597988306932000000,2020-08-21 13:38:26.932000,4602.0,4610.0,4540.0,4540.0,nan,4571.415,88529,4047027840.0,123102,4604.0,183,4602.0,249,4606.0,231,4600.0,446,4608.0,329,4598.0,91,4610.0,813,4596.0,64,4612.0,267,4594.0,150
1597988307116858880,1597988307413000192,2020-08-21 13:38:27.413000,4602.0,4610.0,4540.0,4540.0,nan,4571.415,88529,4047027840.0,123102,4604.0,183,4602.0,249,4606.0,231,4600.0,446,4608.0,329,4598.0,91,4610.0,814,4596.0,64,4612.0,267,4594.0,150
1597988307622780928,1597988307923000064,2020-08-21 13:38:27.923000,4602.0,4610.0,4540.0,4540.0,nan,4571.416,88532,4047165940.0,123103,4604.0,182,4602.0,248,4606.0,234,4600.0,446,4608.0,329,4598.0,90,4610.0,814,4596.0,65,4612.0,267,4594.0,150
1597988308141677056,1597988308432000000,2020-08-21 13:38:28.432000,4602.0,4610.0,4540.0,4540.0,nan,4571.416,88532,4047165940.0,123103,4604.0,182,4602.0,257,4606.0,234,4600.0,446,4608.0,329,4598.0,90,4610.0,814,4596.0,65,4612.0,267,4594.0,151
1597988308637635072,1597988308936999936,2020-08-21 13:38:28.937000,4602.0,4610.0,4540.0,4540.0,nan,4571.416,88532,4047165940.0,123103,4604.0,182,4602.0,257,4606.0,234,4600.0,443,4608.0,329,4598.0,90,4610.0,814,4596.0,68,4612.0,267,4594.0,151
1597988309132211968,1597988309437999872,2020-08-21 13:38:29.438000,4602.0,4610.0,4540.0,4540.0,nan,4571.416,88533,4047211960.0,123104,4604.0,182,4602.0,258,4606.0,234,4600.0,443,4608.0,329,4598.0,90,4610.0,814,4596.0,68,4612.0,267,4594.0,151
1597988309936845056,1597988310226000128,2020-08-21 13:38:30.226000,4602.0,4610.0,4540.0,4540.0,nan,4571.416,88533,4047211960.0,123104,4604.0,182,4602.0,258,4606.0,234,4600.0,444,4608.0,329,4598.0,90,4610.0,813,4596.0,68,4612.0,267,4594.0,151
1597988310228457984,1597988310433000192,2020-08-21 13:38:30.433000,4602.0,4610.0,4540.0,4540.0,nan,4571.417,88534,4047257980.0,123104,4604.0,182,4602.0,259,4606.0,234,4600.0,444,4608.0,329,4598.0,90,4610.0,813,4596.0,68,4612.0,267,4594.0,151
1597988310631142912,1597988310916000000,2020-08-21 13:38:30.916000,4602.0,4610.0,4540.0,4540.0,nan,4571.417,88534,4047257980.0,123104,4604.0,182,4602.0,260,4606.0,234,4600.0,444,4608.0,329,4598.0,90,4610.0,813,4596.0,68,4612.0,267,4594.0,151
1597988311150277888,1597988311407000064,2020-08-21 13:38:31.407000,4602.0,4610.0,4540.0,4540.0,nan,4571.417,88534,4047257980.0,123104,4604.0,182,4602.0,260,4606.0,235,4600.0,446,4608.0,329,4598.0,90,4610.0,813,4596.0,68,4612.0,267,4594.0,151
1597988311623500032,1597988311936000000,2020-08-21 13:38:31.936000,4602.0,4610.0,4540.0,4540.0,nan,4571.417,88534,4047257980.0,123104,4604.0,179,4602.0,260,4606.0,235,4600.0,446,4608.0,329,4598.0,91,4610.0,813,4596.0,68,4612.0,267,4594.0,151
1597988312124173056,1597988312436999936,2020-08-21 13:38:32.437000,4602.0,4610.0,4540.0,4540.0,nan,4571.417,88534,4047257980.0,123104,4604.0,180,4602.0,260,4606.0,235,4600.0,446,4608.0,329,4598.0,91,4610.0,813,4596.0,68,4612.0,267,4594.0,151
1597988312642087936,1597988312916999936,2020-08-21 13:38:32.917000,4602.0,4610.0,4540.0,4540.0,nan,4571.42,88545,4047764200.0,123097,4604.0,179,4602.0,268,4606.0,236,4600.0,447,4608.0,319,4598.0,91,4610.0,813,4596.0,68,4612.0,267,4594.0,151
1597988313161462016,1597988313424000000,2020-08-21 13:38:33.424000,4602.0,4610.0,4540.0,4540.0,nan,4571.424,88556,4048270420.0,123097,4604.0,180,4602.0,257,4606.0,246,4600.0,447,4608.0,319,4598.0,92,4610.0,813,4596.0,69,4612.0,267,4594.0,151
1597988313630682112,1597988313927000064,2020-08-21 13:38:33.927000,4602.0,4610.0,4540.0,4540.0,nan,4571.424,88556,4048270420.0,123097,4604.0,180,4602.0,257,4606.0,246,4600.0,447,4608.0,319,4598.0,92,4610.0,815,4596.0,69,4612.0,267,4594.0,151
1597988314144749056,1597988314420999936,2020-08-21 13:38:34.421000,4602.0,4610.0,4540.0,4540.0,nan,4571.443,88611,4050801620.0,123140,4604.0,175,4602.0,207,4606.0,246,4600.0,447,4608.0,319,4598.0,93,4610.0,815,4596.0,69,4612.0,267,4594.0,151
1597988314618690048,1597988314897000192,2020-08-21 13:38:34.897000,4602.0,4610.0,4540.0,4540.0,nan,4571.443,88611,4050801620.0,123140,4604.0,173,4602.0,201,4606.0,246,4600.0,449,4608.0,319,4598.0,93,4610.0,815,4596.0,69,4612.0,267,4594.0,151
1597988315127511040,1597988315403000064,2020-08-21 13:38:35.403000,4602.0,4610.0,4540.0,4540.0,nan,4571.443,88611,4050801620.0,123140,4604.0,170,4602.0,201,4606.0,246,4600.0,451,4608.0,322,4598.0,93,4610.0,814,4596.0,69,4612.0,267,4594.0,151
1597988315703401984,1597988315878000128,2020-08-21 13:38:35.878000,4604.0,4610.0,4540.0,4540.0,nan,4571.444,88612,4050847660.0,123141,4604.0,171,4602.0,207,4606.0,246,4600.0,447,4608.0,322,4598.0,93,4610.0,814,4596.0,69,4612.0,267,4594.0,151
1597988316131865088,1597988316420000000,2020-08-21 13:38:36.420000,4602.0,4610.0,4540.0,4540.0,nan,4571.455,88644,4052320320.0,123129,4604.0,168,4602.0,174,4606.0,246,4600.0,447,4608.0,324,4598.0,93,4610.0,814,4596.0,70,4612.0,267,4594.0,151
1597988316635632896,1597988316920999936,2020-08-21 13:38:36.921000,4602.0,4610.0,4540.0,4540.0,nan,4571.458,88654,4052780520.0,123119,4604.0,169,4602.0,167,4606.0,246,4600.0,446,4608.0,324,4598.0,93,4610.0,814,4596.0,70,4612.0,267,4594.0,151
1597988317131777024,1597988317431000064,2020-08-21 13:38:37.431000,4602.0,4610.0,4540.0,4540.0,nan,4571.458,88654,4052780520.0,123119,4604.0,189,4602.0,161,4606.0,285,4600.0,408,4608.0,267,4598.0,132,4610.0,814,4596.0,70,4612.0,267,4594.0,151
1597988317618727936,1597988317900999936,2020-08-21 13:38:37.901000,4602.0,4610.0,4540.0,4540.0,nan,4571.458,88654,4052780520.0,123119,4604.0,189,4602.0,161,4606.0,326,4600.0,388,4608.0,227,4598.0,154,4610.0,814,4596.0,70,4612.0,267,4594.0,151
1597988318170396928,1597988318714999808,2020-08-21 13:38:38.715000,4602.0,4610.0,4540.0,4540.0,nan,4571.459,88656,4052872560.0,123119,4604.0,189,4602.0,179,4606.0,327,4600.0,388,4608.0,207,4598.0,154,4610.0,814,4596.0,70,4612.0,267,4594.0,151
1597988318619962880,1597988318931000064,2020-08-21 13:38:38.931000,4602.0,4610.0,4540.0,4540.0,nan,4571.472,88695,4054667340.0,123099,4604.0,184,4602.0,135,4606.0,307,4600.0,388,4608.0,207,4598.0,136,4610.0,794,4596.0,70,4612.0,248,4594.0,132
1597988319118041088,1597988319404000000,2020-08-21 13:38:39.404000,4602.0,4610.0,4540.0,4540.0,nan,4571.521,88837,4061202180.0,123164,4602.0,1,4600.0,348,4604.0,178,4598.0,137,4606.0,267,4596.0,70,4608.0,207,4594.0,132,4610.0,794,4592.0,111
1597988319632476928,1597988319927000064,2020-08-21 13:38:39.927000,4602.0,4610.0,4540.0,4540.0,nan,4571.521,88838,4061248200.0,123165,4602.0,77,4600.0,311,4604.0,151,4598.0,177,4606.0,305,4596.0,69,4608.0,167,4594.0,132,4610.0,794,4592.0,112
1597988320142768896,1597988320428999936,2020-08-21 13:38:40.429000,4600.0,4610.0,4540.0,4540.0,nan,4571.522,88839,4061294200.0,123165,4602.0,87,4600.0,298,4604.0,195,4598.0,237,4606.0,322,4596.0,93,4608.0,167,4594.0,132,4610.0,813,4592.0,131
1597988320624261888,1597988320934000128,2020-08-21 13:38:40.934000,4600.0,4610.0,4540.0,4540.0,nan,4571.524,88845,4061570200.0,123165,4602.0,93,4600.0,292,4604.0,188,4598.0,237,4606.0,301,4596.0,70,4608.0,167,4594.0,133,4610.0,813,4592.0,131
1597988321143257088,1597988321436999936,2020-08-21 13:38:41.437000,4600.0,4610.0,4540.0,4540.0,nan,4571.524,88846,4061616200.0,123165,4602.0,95,4600.0,293,4604.0,208,4598.0,237,4606.0,301,4596.0,90,4608.0,167,4594.0,133,4610.0,813,4592.0,131
1597988321628199936,1597988321938999808,2020-08-21 13:38:41.939000,4600.0,4610.0,4540.0,4540.0,nan,4571.524,88846,4061616200.0,123165,4602.0,98,4600.0,313,4604.0,208,4598.0,238,4606.0,321,4596.0,90,4608.0,167,4594.0,133,4610.0,813,4592.0,131
1597988322131315968,1597988322426000128,2020-08-21 13:38:42.426000,4600.0,4610.0,4540.0,4540.0,nan,4571.524,88847,4061662200.0,123165,4602.0,103,4600.0,313,4604.0,204,4598.0,238,4606.0,321,4596.0,90,4608.0,167,4594.0,133,4610.0,813,4592.0,131
1597988322637594112,1597988322928999936,2020-08-21 13:38:42.929000,4602.0,4610.0,4540.0,4540.0,nan,4571.525,88848,4061708220.0,123166,4602.0,102,4600.0,313,4604.0,224,4598.0,258,4606.0,321,4596.0,90,4608.0,167,4594.0,133,4610.0,813,4592.0,136
1597988323133784064,1597988323428999936,2020-08-21 13:38:43.429000,4600.0,4610.0,4540.0,4540.0,nan,4571.531,88868,4062628220.0,123166,4602.0,103,4600.0,291,4604.0,224,4598.0,258,4606.0,321,4596.0,90,4608.0,167,4594.0,133,4610.0,813,4592.0,136
1597988323628371968,1597988323924999936,2020-08-21 13:38:43.925000,4600.0,4610.0,4540.0,4540.0,nan,4571.531,88868,4062628220.0,123166,4602.0,103,4600.0,292,4604.0,224,4598.0,258,4606.0,321,4596.0,90,4608.0,167,4594.0,133,4610.0,813,4592.0,136
1597988324124323072,1597988324424999936,2020-08-21 13:38:44.425000,4600.0,4610.0,4540.0,4540.0,nan,4571.534,88876,4062996260.0,123174,4602.0,101,4600.0,287,4604.0,224,4598.0,258,4606.0,321,4596.0,109,4608.0,167,4594.0,133,4610.0,813,4592.0,136
1597988324632854016,1597988324895000064,2020-08-21 13:38:44.895000,4602.0,4610.0,4540.0,4540.0,nan,4571.535,88879,4063134280.0,123174,4602.0,105,4600.0,288,4604.0,224,4598.0,258,4606.0,321,4596.0,109,4608.0,166,4594.0,141,4610.0,813,4592.0,136
1597988325140441088,1597988325424000000,2020-08-21 13:38:45.424000,4600.0,4610.0,4540.0,4540.0,nan,4571.536,88882,4063272280.0,123174,4602.0,104,4600.0,286,4604.0,224,4598.0,258,4606.0,321,4596.0,109,4608.0,166,4594.0,141,4610.0,813,4592.0,136
1597988325681347072,1597988325935000064,2020-08-21 13:38:45.935000,4600.0,4610.0,4540.0,4540.0,nan,4571.537,88886,4063456280.0,123174,4602.0,107,4600.0,285,4604.0,224,4598.0,258,4606.0,321,4596.0,109,4608.0,166,4594.0,143,4610.0,813,4592.0,136
1597988326235248128,1597988326413000192,2020-08-21 13:38:46.413000,4602.0,4610.0,4540.0,4540.0,nan,4571.542,88903,4064238380.0,123177,4602.0,104,4600.0,274,4604.0,224,4598.0,277,4606.0,321,4596.0,109,4608.0,165,4594.0,143,4610.0,813,4592.0,136
1597988326703716096,1597988326921999872,2020-08-21 13:38:46.922000,4602.0,4610.0,4540.0,4540.0,nan,4571.546,88914,4064744400.0,123178,4602.0,102,4600.0,246,4604.0,204,4598.0,296,4606.0,321,4596.0,87,4608.0,165,4594.0,154,4610.0,813,4592.0,136
1597988327125859072,1597988327434000128,2020-08-21 13:38:47.434000,4602.0,4610.0,4540.0,4540.0,nan,4571.546,88914,4064744400.0,123178,4602.0,112,4600.0,252,4604.0,204,4598.0,316,4606.0,341,4596.0,87,4608.0,165,4594.0,154,4610.0,813,4592.0,136
1597988327637306880,1597988327936999936,2020-08-21 13:38:47.937000,4602.0,4610.0,4540.0,4540.0,nan,4571.546,88914,4064744400.0,123178,4602.0,113,4600.0,256,4604.0,205,4598.0,317,4606.0,341,4596.0,87,4608.0,165,4594.0,154,4610.0,813,4592.0,138
1597988328292386048,1597988328431000064,2020-08-21 13:38:48.431000,4600.0,4610.0,4540.0,4540.0,nan,4571.554,88939,4065894400.0,123178,4602.0,113,4600.0,234,4604.0,206,4598.0,317,4606.0,341,4596.0,87,4608.0,165,4594.0,154,4610.0,813,4592.0,138
1597988328646385920,1597988328881999872,2020-08-21 13:38:48.882000,4600.0,4610.0,4540.0,4540.0,nan,4571.554,88939,4065894400.0,123178,4602.0,112,4600.0,233,4604.0,206,4598.0,317,4606.0,341,4596.0,87,4608.0,176,4594.0,154,4610.0,813,4592.0,138
1597988329267393024,1597988329400000000,2020-08-21 13:38:49.400000,4600.0,4610.0,4540.0,4540.0,nan,4571.582,89027,4069942400.0,123235,4602.0,114,4600.0,147,4604.0,206,4598.0,317,4606.0,341,4596.0,87,4608.0,176,4594.0,154,4610.0,813,4592.0,138
1597988329629902080,1597988329930000128,2020-08-21 13:38:49.930000,4600.0,4610.0,4540.0,4540.0,nan,4571.633,89186,4077256380.0,123358,4600.0,1,4598.0,234,4602.0,168,4596.0,87,4604.0,206,4594.0,154,4606.0,260,4592.0,119,4608.0,176,4590.0,94
1597988330158452992,1597988330434000128,2020-08-21 13:38:50.434000,4600.0,4610.0,4540.0,4540.0,nan,4571.633,89186,4077256380.0,123358,4600.0,98,4598.0,142,4602.0,150,4596.0,147,4604.0,244,4594.0,154,4606.0,203,4592.0,119,4608.0,166,4590.0,96
1597988330656933120,1597988330931000064,2020-08-21 13:38:50.931000,4600.0,4610.0,4540.0,4540.0,nan,4571.633,89187,4077302380.0,123359,4600.0,124,4598.0,133,4602.0,188,4596.0,209,4604.0,244,4594.0,177,4606.0,203,4592.0,119,4608.0,185,4590.0,115
1597988331139618048,1597988331408000000,2020-08-21 13:38:51.408000,4600.0,4610.0,4540.0,4540.0,nan,4571.633,89187,4077302380.0,123359,4600.0,147,4598.0,141,4602.0,165,4596.0,207,4604.0,244,4594.0,154,4606.0,203,4592.0,119,4608.0,185,4590.0,115
1597988331652173056,1597988331923000064,2020-08-21 13:38:51.923000,4600.0,4610.0,4540.0,4540.0,nan,4571.633,89187,4077302380.0,123359,4600.0,152,4598.0,142,4602.0,225,4596.0,168,4604.0,205,4594.0,213,4606.0,203,4592.0,119,4608.0,185,4590.0,115
1597988332187245056,1597988332427000064,2020-08-21 13:38:52.427000,4600.0,4610.0,4540.0,4540.0,nan,4571.633,89187,4077302380.0,123359,4600.0,156,4598.0,148,4602.0,245,4596.0,128,4604.0,184,4594.0,253,4606.0,203,4592.0,119,4608.0,185,4590.0,115
1597988332701722112,1597988332932000000,2020-08-21 13:38:52.932000,4600.0,4610.0,4540.0,4540.0,nan,4571.634,89191,4077486320.0,123359,4600.0,157,4598.0,145,4602.0,265,4596.0,128,4604.0,184,4594.0,273,4606.0,203,4592.0,119,4608.0,185,4590.0,115
1597988333148952064,1597988333436000000,2020-08-21 13:38:53.436000,4600.0,4610.0,4540.0,4540.0,nan,4571.635,89192,4077532320.0,123359,4600.0,158,4598.0,145,4602.0,261,4596.0,128,4604.0,184,4594.0,273,4606.0,203,4592.0,119,4608.0,185,4590.0,115
1597988333765452032,1597988333913000192,2020-08-21 13:38:53.913000,4598.0,4610.0,4540.0,4540.0,nan,4571.636,89198,4077808200.0,123359,4600.0,179,4598.0,143,4602.0,261,4596.0,128,4604.0,184,4594.0,293,4606.0,204,4592.0,119,4608.0,185,4590.0,115
1597988334152659968,1597988334436000000,2020-08-21 13:38:54.436000,4598.0,4610.0,4540.0,4540.0,nan,4571.646,89231,4079325540.0,123348,4600.0,158,4598.0,76,4602.0,261,4596.0,128,4604.0,189,4594.0,273,4606.0,204,4592.0,119,4608.0,185,4590.0,115
1597988334657531904,1597988334927000064,2020-08-21 13:38:54.927000,4596.0,4610.0,4540.0,4540.0,nan,4571.672,89321,4083463540.0,123321,4598.0,15,4596.0,99,4600.0,146,4594.0,233,4602.0,200,4592.0,119,4604.0,189,4590.0,98,4606.0,204,4588.0,125
1597988335166682880,1597988335376000000,2020-08-21 13:38:55.376000,4596.0,4610.0,4540.0,4540.0,nan,4571.681,89350,4084796740.0,123303,4598.0,48,4596.0,129,4600.0,162,4594.0,257,4602.0,204,4592.0,119,4604.0,143,4590.0,99,4606.0,204,4588.0,125
1597988335677612032,1597988335924999936,2020-08-21 13:38:55.925000,4598.0,4610.0,4540.0,4540.0,nan,4571.685,89366,4085532420.0,123303,4598.0,33,4596.0,134,4600.0,159,4594.0,276,4602.0,218,4592.0,119,4604.0,143,4590.0,99,4606.0,223,4588.0,144
1597988336182763008,1597988336403000064,2020-08-21 13:38:56.403000,4598.0,4610.0,4540.0,4540.0,nan,4571.696,89402,4087187700.0,123290,4600.0,159,4598.0,9,4602.0,237,4596.0,149,4604.0,142,4594.0,294,4606.0,178,4592.0,119,4608.0,174,4590.0,99
1597988336617560064,1597988336936999936,2020-08-21 13:38:56.937000,4596.0,4610.0,4540.0,4540.0,nan,4571.702,89423,4088153100.0,123302,4598.0,12,4596.0,143,4600.0,127,4594.0,254,4602.0,238,4592.0,119,4604.0,117,4590.0,99,4606.0,178,4588.0,125
1597988337151406080,1597988337416999936,2020-08-21 13:38:57.417000,4598.0,4610.0,4540.0,4540.0,nan,4571.708,89442,4089026720.0,123295,4600.0,153,4598.0,2,4602.0,198,4596.0,154,4604.0,137,4594.0,274,4606.0,178,4592.0,119,4608.0,174,4590.0,99
1597988337643355904,1597988337934000128,2020-08-21 13:38:57.934000,4598.0,4610.0,4540.0,4540.0,nan,4571.708,89444,4089118680.0,123294,4598.0,35,4596.0,156,4600.0,148,4594.0,295,4602.0,246,4592.0,119,4604.0,112,4590.0,89,4606.0,174,4588.0,125
1597988338140616960,1597988338428000000,2020-08-21 13:38:58.428000,4598.0,4610.0,4540.0,4540.0,nan,4571.719,89480,4090773960.0,123290,4600.0,143,4598.0,8,4602.0,244,4596.0,154,4604.0,112,4594.0,295,4606.0,174,4592.0,119,4608.0,174,4590.0,89
1597988338633620992,1597988338928999936,2020-08-21 13:38:58.929000,4596.0,4610.0,4540.0,4540.0,nan,4571.726,89505,4091923320.0,123286,4598.0,3,4596.0,147,4600.0,143,4594.0,276,4602.0,225,4592.0,120,4604.0,113,4590.0,89,4606.0,174,4588.0,125
1597988339316323072,1597988339424000000,2020-08-21 13:38:59.424000,4598.0,4610.0,4540.0,4540.0,nan,4571.728,89511,4092199220.0,123283,4600.0,146,4598.0,22,4602.0,205,4596.0,146,4604.0,138,4594.0,276,4606.0,174,4592.0,120,4608.0,172,4590.0,89
1597988339638962944,1597988339934000128,2020-08-21 13:38:59.934000,4596.0,4610.0,4540.0,4540.0,nan,4571.739,89550,4093992140.0,123294,4598.0,2,4596.0,132,4600.0,145,4594.0,276,4602.0,225,4592.0,120,4604.0,118,4590.0,89,4606.0,174,4588.0,125
1597988340150228992,1597988340432000000,2020-08-21 13:39:00.432000,4598.0,4610.0,4540.0,4540.0,nan,4571.742,89562,4094543900.0,123294,4598.0,64,4596.0,136,4600.0,146,4594.0,317,4602.0,245,4592.0,120,4604.0,138,4590.0,89,4606.0,174,4588.0,125
1597988340671023104,1597988340924000000,2020-08-21 13:39:00.924000,4598.0,4610.0,4540.0,4540.0,nan,4571.742,89562,4094543900.0,123294,4598.0,72,4596.0,136,4600.0,164,4594.0,336,4602.0,264,4592.0,120,4604.0,118,4590.0,89,4606.0,193,4588.0,144
1597988341143117056,1597988341415000064,2020-08-21 13:39:01.415000,4598.0,4610.0,4540.0,4540.0,nan,4571.742,89562,4094543900.0,123294,4598.0,74,4596.0,135,4600.0,162,4594.0,336,4602.0,244,4592.0,120,4604.0,118,4590.0,89,4606.0,158,4588.0,144
1597988341664153088,1597988341936999936,2020-08-21 13:39:01.937000,4598.0,4610.0,4540.0,4540.0,nan,4571.742,89562,4094543900.0,123294,4598.0,81,4596.0,141,4600.0,140,4594.0,342,4602.0,266,4592.0,120,4604.0,118,4590.0,89,4606.0,158,4588.0,144
1597988342171931904,1597988342410000128,2020-08-21 13:39:02.410000,4596.0,4610.0,4540.0,4540.0,nan,4571.751,89595,4096060600.0,123290,4598.0,85,4596.0,109,4600.0,117,4594.0,319,4602.0,243,4592.0,120,4604.0,118,4590.0,89,4606.0,158,4588.0,144
1597988342730004992,1597988342924999936,2020-08-21 13:39:02.925000,4598.0,4610.0,4540.0,4540.0,nan,4571.752,89597,4096152560.0,123291,4598.0,87,4596.0,125,4600.0,117,4594.0,343,4602.0,263,4592.0,120,4604.0,118,4590.0,89,4606.0,158,4588.0,144
1597988343141999104,1597988343435000064,2020-08-21 13:39:03.435000,4598.0,4610.0,4540.0,4540.0,nan,4571.752,89597,4096152560.0,123291,4598.0,88,4596.0,126,4600.0,117,4594.0,343,4602.0,262,4592.0,120,4604.0,118,4590.0,89,4606.0,158,4588.0,144
1597988343675212032,1597988343936999936,2020-08-21 13:39:03.937000,4598.0,4610.0,4540.0,4540.0,nan,4571.753,89601,4096336480.0,123291,4598.0,96,4596.0,128,4600.0,117,4594.0,332,4602.0,262,4592.0,120,4604.0,118,4590.0,89,4606.0,158,4588.0,144
1597988344157085952,1597988344374000128,2020-08-21 13:39:04.374000,4598.0,4610.0,4540.0,4540.0,nan,4571.753,89602,4096382460.0,123292,4598.0,95,4596.0,129,4600.0,117,4594.0,330,4602.0,262,4592.0,120,4604.0,118,4590.0,89,4606.0,158,4588.0,144
1597988344622340096,1597988344918999808,2020-08-21 13:39:04.919000,4596.0,4610.0,4540.0,4540.0,nan,4571.755,89607,4096612260.0,123293,4598.0,96,4596.0,125,4600.0,117,4594.0,330,4602.0,262,4592.0,120,4604.0,118,4590.0,89,4606.0,158,4588.0,144
1597988345146907904,1597988345416999936,2020-08-21 13:39:05.417000,4596.0,4610.0,4540.0,4540.0,nan,4571.758,89618,4097117820.0,123282,4598.0,94,4596.0,122,4600.0,117,4594.0,331,4602.0,262,4592.0,120,4604.0,118,4590.0,87,4606.0,158,4588.0,139
1597988345645583104,1597988345923000064,2020-08-21 13:39:05.923000,4598.0,4610.0,4540.0,4540.0,nan,4571.758,89619,4097163800.0,123283,4598.0,96,4596.0,125,4600.0,120,4594.0,331,4602.0,272,4592.0,124,4604.0,118,4590.0,87,4606.0,158,4588.0,139
1597988346163258880,1597988346420999936,2020-08-21 13:39:06.421000,4598.0,4610.0,4540.0,4540.0,nan,4571.758,89619,4097163800.0,123283,4598.0,95,4596.0,135,4600.0,120,4594.0,332,4602.0,272,4592.0,124,4604.0,118,4590.0,87,4606.0,158,4588.0,139
1597988346653659904,1597988346920000000,2020-08-21 13:39:06.920000,4598.0,4610.0,4540.0,4540.0,nan,4571.758,89619,4097163800.0,123283,4598.0,96,4596.0,146,4600.0,120,4594.0,333,4602.0,272,4592.0,124,4604.0,118,4590.0,87,4606.0,158,4588.0,139
1597988347486520064,1597988347420999936,2020-08-21 13:39:07.421000,4598.0,4610.0,4540.0,4540.0,nan,4571.767,89652,4098680520.0,123263,4598.0,95,4596.0,117,4600.0,120,4594.0,333,4602.0,273,4592.0,135,4604.0,113,4590.0,87,4606.0,159,4588.0,139
1597988347652595968,1597988347923000064,2020-08-21 13:39:07.923000,4596.0,4610.0,4540.0,4540.0,nan,4571.778,89692,4100518920.0,123248,4598.0,88,4596.0,82,4600.0,120,4594.0,293,4602.0,233,4592.0,135,4604.0,113,4590.0,87,4606.0,140,4588.0,120
1597988348152037120,1597988348430000128,2020-08-21 13:39:08.430000,4598.0,4610.0,4540.0,4540.0,nan,4571.778,89694,4100610880.0,123250,4598.0,85,4596.0,83,4600.0,158,4594.0,253,4602.0,196,4592.0,174,4604.0,113,4590.0,87,4606.0,140,4588.0,120
1597988348643642880,1597988348932000000,2020-08-21 13:39:08.932000,4598.0,4610.0,4540.0,4540.0,nan,4571.792,89745,4102954860.0,123290,4598.0,82,4596.0,36,4600.0,197,4594.0,254,4602.0,153,4592.0,174,4604.0,113,4590.0,87,4606.0,140,4588.0,120
1597988349198289920,1597988349437999872,2020-08-21 13:39:09.438000,4598.0,4610.0,4540.0,4540.0,nan,4571.792,89745,4102954860.0,123290,4598.0,121,4596.0,65,4600.0,197,4594.0,197,4602.0,153,4592.0,234,4604.0,113,4590.0,87,4606.0,159,4588.0,141
1597988349624723968,1597988349898000128,2020-08-21 13:39:09.898000,4598.0,4610.0,4540.0,4540.0,nan,4571.792,89745,4102954860.0,123290,4598.0,120,4596.0,65,4600.0,221,4594.0,216,4602.0,153,4592.0,237,4604.0,113,4590.0,89,4606.0,159,4588.0,141
1597988350117036032,1597988350412000000,2020-08-21 13:39:10.412000,4598.0,4610.0,4540.0,4540.0,nan,4571.792,89745,4102954860.0,123290,4598.0,127,4596.0,74,4600.0,242,4594.0,214,4602.0,133,4592.0,234,4604.0,113,4590.0,89,4606.0,159,4588.0,141
1597988350749001984,1597988350888000000,2020-08-21 13:39:10.888000,4598.0,4610.0,4540.0,4540.0,nan,4571.792,89745,4102954860.0,123290,4598.0,128,4596.0,85,4600.0,274,4594.0,215,4602.0,133,4592.0,254,4604.0,111,4590.0,89,4606.0,159,4588.0,141
1597988351147891968,1597988351423000064,2020-08-21 13:39:11.423000,4598.0,4610.0,4540.0,4540.0,nan,4571.792,89745,4102954860.0,123290,4598.0,128,4596.0,88,4600.0,274,4594.0,235,4602.0,133,4592.0,234,4604.0,111,4590.0,89,4606.0,159,4588.0,144
1597988351771947008,1597988351935000064,2020-08-21 13:39:11.935000,4598.0,4610.0,4540.0,4540.0,nan,4571.795,89754,4103368680.0,123298,4598.0,119,4596.0,91,4600.0,274,4594.0,256,4602.0,133,4592.0,215,4604.0,111,4590.0,89,4606.0,159,4588.0,144
1597988352127047936,1597988352436999936,2020-08-21 13:39:12.437000,4598.0,4610.0,4540.0,4540.0,nan,4571.795,89754,4103368680.0,123298,4598.0,119,4596.0,153,4600.0,276,4594.0,256,4602.0,133,4592.0,215,4604.0,111,4590.0,89,4606.0,158,4588.0,144
1597988352691360000,1597988352927000064,2020-08-21 13:39:12.927000,4598.0,4610.0,4540.0,4540.0,nan,4571.821,89843,4107460900.0,123239,4600.0,159,4598.0,12,4602.0,171,4596.0,207,4604.0,111,4594.0,275,4606.0,139,4592.0,149,4608.0,180,4590.0,89
1597988353185584896,1597988353404999936,2020-08-21 13:39:13.405000,4598.0,4610.0,4540.0,4540.0,nan,4571.828,89867,4108564420.0,123224,4600.0,121,4598.0,38,4602.0,191,4596.0,308,4604.0,111,4594.0,239,4606.0,139,4592.0,149,4608.0,180,4590.0,90
1597988353636867072,1597988353924999936,2020-08-21 13:39:13.925000,4598.0,4610.0,4540.0,4540.0,nan,4571.828,89867,4108564420.0,123224,4600.0,124,4598.0,71,4602.0,234,4596.0,352,4604.0,131,4594.0,262,4606.0,139,4592.0,149,4608.0,199,4590.0,109
1597988354134944000,1597988354382999808,2020-08-21 13:39:14.383000,4598.0,4610.0,4540.0,4540.0,nan,4571.829,89870,4108702360.0,123221,4600.0,128,4598.0,115,4602.0,231,4596.0,367,4604.0,131,4594.0,238,4606.0,139,4592.0,149,4608.0,199,4590.0,109
1597988354638181888,1597988354903000064,2020-08-21 13:39:14.903000,4598.0,4610.0,4540.0,4540.0,nan,4571.829,89872,4108794320.0,123219,4600.0,117,4598.0,116,4602.0,231,4596.0,407,4604.0,151,4594.0,218,4606.0,139,4592.0,149,4608.0,199,4590.0,109
1597988355125457920,1597988355434000128,2020-08-21 13:39:15.434000,4598.0,4610.0,4540.0,4540.0,nan,4571.829,89872,4108794320.0,123219,4600.0,117,4598.0,116,4602.0,231,4596.0,426,4604.0,151,4594.0,218,4606.0,139,4592.0,149,4608.0,199,4590.0,109
1597988355634340096,1597988355934000128,2020-08-21 13:39:15.934000,4600.0,4610.0,4540.0,4540.0,nan,4571.829,89873,4108840320.0,123220,4600.0,118,4598.0,127,4602.0,251,4596.0,453,4604.0,151,4594.0,218,4606.0,139,4592.0,149,4608.0,199,4590.0,109
1597988356127980032,1597988356436000000,2020-08-21 13:39:16.436000,4600.0,4610.0,4540.0,4540.0,nan,4571.829,89873,4108840320.0,123220,4600.0,83,4598.0,126,4602.0,213,4596.0,492,4604.0,188,4594.0,178,4606.0,139,4592.0,149,4608.0,199,4590.0,111
1597988356632235008,1597988356924999936,2020-08-21 13:39:16.925000,4600.0,4610.0,4540.0,4540.0,nan,4571.856,89958,4112750320.0,123266,4602.0,164,4600.0,17,4604.0,190,4598.0,113,4606.0,139,4596.0,471,4608.0,180,4594.0,158,4610.0,806,4592.0,149
1597988357131915008,1597988357430000128,2020-08-21 13:39:17.430000,4600.0,4610.0,4540.0,4540.0,nan,4571.864,89984,4113946320.0,123265,4600.0,41,4598.0,136,4602.0,108,4596.0,412,4604.0,210,4594.0,158,4606.0,139,4592.0,149,4608.0,180,4590.0,92
1597988357632898048,1597988357931000064,2020-08-21 13:39:17.931000,4600.0,4610.0,4540.0,4540.0,nan,4571.879,90031,4116108320.0,123264,4602.0,128,4600.0,38,4604.0,213,4598.0,139,4606.0,159,4596.0,295,4608.0,180,4594.0,158,4610.0,806,4592.0,149
1597988358133903104,1597988358344000000,2020-08-21 13:39:18.344000,4602.0,4610.0,4540.0,4540.0,nan,4571.882,90040,4116522340.0,123273,4602.0,111,4600.0,53,4604.0,230,4598.0,159,4606.0,159,4596.0,269,4608.0,180,4594.0,158,4610.0,806,4592.0,149
1597988358635380992,1597988358920000000,2020-08-21 13:39:18.920000,4600.0,4610.0,4540.0,4540.0,nan,4571.883,90043,4116660340.0,123273,4602.0,115,4600.0,53,4604.0,270,4598.0,159,4606.0,159,4596.0,309,4608.0,180,4594.0,158,4610.0,825,4592.0,168
1597988359154213120,1597988359424999936,2020-08-21 13:39:19.425000,4600.0,4610.0,4540.0,4540.0,nan,4571.883,90043,4116660340.0,123273,4602.0,115,4600.0,53,4604.0,272,4598.0,160,4606.0,159,4596.0,310,4608.0,180,4594.0,139,4610.0,825,4592.0,168
1597988359622918912,1597988359923000064,2020-08-21 13:39:19.923000,4600.0,4610.0,4540.0,4540.0,nan,4571.883,90043,4116660340.0,123273,4602.0,125,4600.0,59,4604.0,292,4598.0,162,4606.0,159,4596.0,326,4608.0,180,4594.0,139,4610.0,826,4592.0,168
1597988360127077120,1597988360408999936,2020-08-21 13:39:20.409000,4602.0,4610.0,4540.0,4540.0,nan,4571.883,90044,4116706360.0,123274,4602.0,124,4600.0,57,4604.0,292,4598.0,163,4606.0,159,4596.0,326,4608.0,180,4594.0,140,4610.0,826,4592.0,168
1597988360621854976,1597988360845999872,2020-08-21 13:39:20.846000,4600.0,4610.0,4540.0,4540.0,nan,4571.883,90045,4116752360.0,123275,4602.0,144,4600.0,92,4604.0,292,4598.0,163,4606.0,159,4596.0,346,4608.0,180,4594.0,140,4610.0,826,4592.0,168
1597988361132193024,1597988361430000128,2020-08-21 13:39:21.430000,4600.0,4610.0,4540.0,4540.0,nan,4571.884,90046,4116798360.0,123276,4602.0,143,4600.0,94,4604.0,292,4598.0,201,4606.0,159,4596.0,306,4608.0,180,4594.0,140,4610.0,826,4592.0,168
1597988361626206976,1597988361904000000,2020-08-21 13:39:21.904000,4600.0,4610.0,4540.0,4540.0,nan,4571.884,90046,4116798360.0,123276,4602.0,151,4600.0,96,4604.0,292,4598.0,201,4606.0,159,4596.0,306,4608.0,180,4594.0,140,4610.0,826,4592.0,168
1597988362141434112,1597988362424999936,2020-08-21 13:39:22.425000,4600.0,4610.0,4540.0,4540.0,nan,4571.884,90046,4116798360.0,123276,4602.0,147,4600.0,96,4604.0,292,4598.0,201,4606.0,159,4596.0,306,4608.0,180,4594.0,140,4610.0,826,4592.0,168
1597988362673317120,1597988362903000064,2020-08-21 13:39:22.903000,4600.0,4610.0,4540.0,4540.0,nan,4571.884,90046,4116798360.0,123276,4602.0,148,4600.0,97,4604.0,293,4598.0,202,4606.0,159,4596.0,306,4608.0,181,4594.0,140,4610.0,826,4592.0,168
1597988363142490880,1597988363433000192,2020-08-21 13:39:23.433000,4600.0,4610.0,4540.0,4540.0,nan,4571.884,90046,4116798360.0,123276,4602.0,149,4600.0,97,4604.0,294,4598.0,202,4606.0,159,4596.0,306,4608.0,181,4594.0,140,4610.0,826,4592.0,168
1597988363630840064,1597988363923000064,2020-08-21 13:39:23.923000,4600.0,4610.0,4540.0,4540.0,nan,4571.884,90046,4116798360.0,123276,4602.0,149,4600.0,98,4604.0,294,4598.0,202,4606.0,159,4596.0,306,4608.0,181,4594.0,140,4610.0,826,4592.0,168
1597988364132867072,1597988364416000000,2020-08-21 13:39:24.416000,4600.0,4610.0,4540.0,4540.0,nan,4571.884,90046,4116798360.0,123276,4602.0,149,4600.0,99,4604.0,294,4598.0,203,4606.0,159,4596.0,306,4608.0,181,4594.0,140,4610.0,826,4592.0,187
1597988364638778112,1597988364924999936,2020-08-21 13:39:24.925000,4600.0,4610.0,4540.0,4540.0,nan,4571.884,90046,4116798360.0,123276,4602.0,149,4600.0,99,4604.0,294,4598.0,203,4606.0,160,4596.0,306,4608.0,181,4594.0,140,4610.0,826,4592.0,187
1597988365135282944,1597988365427000064,2020-08-21 13:39:25.427000,4602.0,4610.0,4540.0,4540.0,nan,4571.884,90047,4116844380.0,123276,4602.0,148,4600.0,102,4604.0,294,4598.0,203,4606.0,160,4596.0,310,4608.0,191,4594.0,140,4610.0,826,4592.0,187
1597988365632547072,1597988365927000064,2020-08-21 13:39:25.927000,4602.0,4610.0,4540.0,4540.0,nan,4571.884,90048,4116890400.0,123277,4602.0,146,4600.0,123,4604.0,294,4598.0,203,4606.0,160,4596.0,311,4608.0,191,4594.0,140,4610.0,826,4592.0,189
1597988366205325056,1597988366421999872,2020-08-21 13:39:26.422000,4600.0,4610.0,4540.0,4540.0,nan,4571.885,90050,4116982400.0,123277,4602.0,149,4600.0,123,4604.0,294,4598.0,203,4606.0,160,4596.0,311,4608.0,190,4594.0,140,4610.0,820,4592.0,189
1597988366713378048,1597988366920000000,2020-08-21 13:39:26.920000,4600.0,4610.0,4540.0,4540.0,nan,4571.885,90050,4116982400.0,123277,4602.0,148,4600.0,129,4604.0,295,4598.0,203,4606.0,160,4596.0,311,4608.0,190,4594.0,140,4610.0,830,4592.0,189
1597988367181147904,1597988367416000000,2020-08-21 13:39:27.416000,4600.0,4610.0,4540.0,4540.0,nan,4571.886,90053,4117120420.0,123278,4602.0,147,4600.0,127,4604.0,297,4598.0,205,4606.0,160,4596.0,311,4608.0,190,4594.0,140,4610.0,830,4592.0,189
1597988367672456960,1597988367901999872,2020-08-21 13:39:27.902000,4602.0,4610.0,4540.0,4540.0,nan,4571.887,90055,4117212460.0,123278,4602.0,145,4600.0,131,4604.0,297,4598.0,205,4606.0,160,4596.0,311,4608.0,190,4594.0,140,4610.0,830,4592.0,189
1597988368130234880,1597988368420999936,2020-08-21 13:39:28.421000,4602.0,4610.0,4540.0,4540.0,nan,4571.89,90065,4117672660.0,123279,4602.0,136,4600.0,161,4604.0,297,4598.0,206,4606.0,160,4596.0,311,4608.0,190,4594.0,140,4610.0,830,4592.0,189
1597988368622950912,1597988368928999936,2020-08-21 13:39:28.929000,4602.0,4610.0,4540.0,4540.0,nan,4571.89,90065,4117672660.0,123279,4602.0,99,4600.0,161,4604.0,238,4598.0,265,4606.0,218,4596.0,252,4608.0,190,4594.0,140,4610.0,830,4592.0,190
1597988369134157056,1597988369394000128,2020-08-21 13:39:29.394000,4602.0,4610.0,4540.0,4540.0,nan,4571.893,90075,4118132860.0,123286,4602.0,59,4600.0,162,4604.0,218,4598.0,285,4606.0,239,4596.0,232,4608.0,191,4594.0,140,4610.0,831,4592.0,190
1597988369626309888,1597988369829999872,2020-08-21 13:39:29.830000,4604.0,4610.0,4540.0,4540.0,nan,4571.913,90135,4120894080.0,123315,4604.0,177,4602.0,56,4606.0,219,4600.0,148,4608.0,191,4598.0,245,4610.0,812,4596.0,212,4612.0,244,4594.0,140
1597988370140739072,1597988370428999936,2020-08-21 13:39:30.429000,4604.0,4610.0,4540.0,4540.0,nan,4571.918,90148,4121492380.0,123316,4604.0,133,4602.0,74,4606.0,259,4600.0,190,4608.0,190,4598.0,201,4610.0,812,4596.0,192,4612.0,244,4594.0,140
1597988370650778112,1597988370926000128,2020-08-21 13:39:30.926000,4604.0,4610.0,4540.0,4540.0,nan,4571.918,90148,4121492380.0,123316,4604.0,136,4602.0,73,4606.0,301,4600.0,212,4608.0,190,4598.0,221,4610.0,812,4596.0,202,4612.0,263,4594.0,159
1597988371133334016,1597988371364000000,2020-08-21 13:39:31.364000,4604.0,4610.0,4540.0,4540.0,nan,4571.918,90148,4121492380.0,123316,4604.0,140,4602.0,103,4606.0,299,4600.0,212,4608.0,190,4598.0,221,4610.0,812,4596.0,202,4612.0,263,4594.0,159
1597988371639942912,1597988371914000128,2020-08-21 13:39:31.914000,4604.0,4610.0,4540.0,4540.0,nan,4571.918,90149,4121538420.0,123317,4604.0,143,4602.0,106,4606.0,319,4600.0,233,4608.0,191,4598.0,225,4610.0,813,4596.0,202,4612.0,263,4594.0,159
1597988372132331008,1597988372426000128,2020-08-21 13:39:32.426000,4604.0,4610.0,4540.0,4540.0,nan,4571.918,90150,4121584460.0,123318,4604.0,142,4602.0,106,4606.0,319,4600.0,254,4608.0,191,4598.0,205,4610.0,823,4596.0,202,4612.0,263,4594.0,159
1597988372637118976,1597988372927000064,2020-08-21 13:39:32.927000,4604.0,4610.0,4540.0,4540.0,nan,4571.918,90150,4121584460.0,123318,4604.0,142,4602.0,108,4606.0,319,4600.0,254,4608.0,191,4598.0,205,4610.0,824,4596.0,201,4612.0,263,4594.0,159
1597988373136615936,1597988373426000128,2020-08-21 13:39:33.426000,4604.0,4610.0,4540.0,4540.0,nan,4571.919,90152,4121676540.0,123320,4604.0,141,4602.0,109,4606.0,329,4600.0,254,4608.0,191,4598.0,205,4610.0,824,4596.0,201,4612.0,263,4594.0,159
1597988373631459072,1597988373934000128,2020-08-21 13:39:33.934000,4604.0,4610.0,4540.0,4540.0,nan,4571.919,90152,4121676540.0,123320,4604.0,143,4602.0,109,4606.0,329,4600.0,254,4608.0,191,4598.0,205,4610.0,824,4596.0,201,4612.0,263,4594.0,159
1597988374136224000,1597988374433000192,2020-08-21 13:39:34.433000,4604.0,4610.0,4540.0,4540.0,nan,4571.92,90155,4121814660.0,123323,4604.0,143,4602.0,110,4606.0,329,4600.0,254,4608.0,190,4598.0,205,4610.0,824,4596.0,201,4612.0,263,4594.0,159
1597988374696434944,1597988374936999936,2020-08-21 13:39:34.937000,4604.0,4610.0,4540.0,4540.0,nan,4571.92,90155,4121814660.0,123323,4604.0,143,4602.0,115,4606.0,329,4600.0,254,4608.0,190,4598.0,205,4610.0,824,4596.0,201,4612.0,263,4594.0,159
1597988375133391104,1597988375430000128,2020-08-21 13:39:35.430000,4604.0,4610.0,4540.0,4540.0,nan,4571.921,90157,4121906740.0,123324,4604.0,164,4602.0,120,4606.0,329,4600.0,255,4608.0,190,4598.0,205,4610.0,824,4596.0,206,4612.0,263,4594.0,158
1597988375650714112,1597988375897000192,2020-08-21 13:39:35.897000,4604.0,4610.0,4540.0,4540.0,nan,4571.921,90157,4121906740.0,123324,4604.0,166,4602.0,122,4606.0,329,4600.0,255,4608.0,190,4598.0,206,4610.0,824,4596.0,206,4612.0,263,4594.0,158
1597988376128299008,1597988376411000064,2020-08-21 13:39:36.411000,4604.0,4610.0,4540.0,4540.0,nan,4571.921,90158,4121952780.0,123324,4604.0,165,4602.0,122,4606.0,329,4600.0,255,4608.0,190,4598.0,206,4610.0,824,4596.0,206,4612.0,263,4594.0,157
1597988376647223040,1597988376935000064,2020-08-21 13:39:36.935000,4604.0,4610.0,4540.0,4540.0,nan,4571.921,90158,4121952780.0,123324,4604.0,165,4602.0,122,4606.0,329,4600.0,255,4608.0,190,4598.0,206,4610.0,824,4596.0,200,4612.0,263,4594.0,160
1597988377135344128,1597988377420999936,2020-08-21 13:39:37.421000,4604.0,4610.0,4540.0,4540.0,nan,4571.921,90158,4121952780.0,123324,4604.0,165,4602.0,124,4606.0,329,4600.0,255,4608.0,194,4598.0,206,4610.0,824,4596.0,200,4612.0,263,4594.0,160
1597988377646125056,1597988377936000000,2020-08-21 13:39:37.936000,4604.0,4610.0,4540.0,4540.0,nan,4571.928,90178,4122873580.0,123325,4604.0,145,4602.0,125,4606.0,332,4600.0,255,4608.0,194,4598.0,207,4610.0,824,4596.0,200,4612.0,262,4594.0,160
1597988378143767040,1597988378437999872,2020-08-21 13:39:38.438000,4604.0,4610.0,4540.0,4540.0,nan,4571.928,90178,4122873580.0,123325,4604.0,144,4602.0,129,4606.0,332,4600.0,255,4608.0,194,4598.0,207,4610.0,824,4596.0,199,4612.0,262,4594.0,160
1597988378621954048,1597988378920999936,2020-08-21 13:39:38.921000,4604.0,4610.0,4540.0,4540.0,nan,4571.928,90178,4122873580.0,123325,4604.0,144,4602.0,130,4606.0,332,4600.0,255,4608.0,194,4598.0,207,4610.0,824,4596.0,199,4612.0,262,4594.0,160
1597988379118985984,1597988379394000128,2020-08-21 13:39:39.394000,4604.0,4610.0,4540.0,4540.0,nan,4571.928,90178,4122873580.0,123325,4604.0,144,4602.0,135,4606.0,334,4600.0,256,4608.0,194,4598.0,207,4610.0,824,4596.0,199,4612.0,262,4594.0,160
1597988379636857088,1597988379928000000,2020-08-21 13:39:39.928000,4604.0,4610.0,4540.0,4540.0,nan,4571.928,90178,4122873580.0,123325,4604.0,144,4602.0,136,4606.0,334,4600.0,256,4608.0,194,4598.0,207,4610.0,824,4596.0,199,4612.0,262,4594.0,160
1597988380151644928,1597988380382999808,2020-08-21 13:39:40.383000,4604.0,4610.0,4540.0,4540.0,nan,4571.929,90179,4122919620.0,123325,4604.0,143,4602.0,136,4606.0,334,4600.0,256,4608.0,194,4598.0,207,4610.0,824,4596.0,200,4612.0,262,4594.0,160
1597988380667767040,1597988380934000128,2020-08-21 13:39:40.934000,4604.0,4610.0,4540.0,4540.0,nan,4571.929,90179,4122919620.0,123325,4604.0,143,4602.0,136,4606.0,334,4600.0,256,4608.0,193,4598.0,207,4610.0,823,4596.0,200,4612.0,262,4594.0,160
1597988381151197952,1597988381404000000,2020-08-21 13:39:41.404000,4604.0,4610.0,4540.0,4540.0,nan,4571.93,90182,4123057720.0,123325,4604.0,141,4602.0,135,4606.0,334,4600.0,256,4608.0,195,4598.0,206,4610.0,823,4596.0,201,4612.0,262,4594.0,160
1597988381635249920,1597988381904999936,2020-08-21 13:39:41.905000,4604.0,4610.0,4540.0,4540.0,nan,4571.93,90182,4123057720.0,123325,4604.0,140,4602.0,135,4606.0,334,4600.0,256,4608.0,195,4598.0,206,4610.0,822,4596.0,202,4612.0,262,4594.0,160
1597988382126084096,1597988382435000064,2020-08-21 13:39:42.435000,4602.0,4610.0,4540.0,4540.0,nan,4571.93,90183,4123103740.0,123325,4604.0,142,4602.0,134,4606.0,334,4600.0,256,4608.0,195,4598.0,206,4610.0,822,4596.0,202,4612.0,262,4594.0,160
1597988382645356032,1597988382921999872,2020-08-21 13:39:42.922000,4602.0,4610.0,4540.0,4540.0,nan,4571.931,90185,4123195800.0,123325,4604.0,121,4602.0,135,4606.0,354,4600.0,256,4608.0,195,4598.0,226,4610.0,822,4596.0,182,4612.0,262,4594.0,158
1597988383120805120,1597988383423000064,2020-08-21 13:39:43.423000,4602.0,4610.0,4540.0,4540.0,nan,4571.933,90192,4123518020.0,123325,4604.0,117,4602.0,133,4606.0,315,4600.0,295,4608.0,233,4598.0,186,4610.0,822,4596.0,182,4612.0,262,4594.0,158
1597988383624908032,1597988383916000000,2020-08-21 13:39:43.916000,4604.0,4610.0,4540.0,4540.0,nan,4571.934,90193,4123564060.0,123325,4604.0,97,4602.0,155,4606.0,293,4600.0,295,4608.0,253,4598.0,166,4610.0,842,4596.0,181,4612.0,262,4594.0,158
1597988384147416064,1597988384434000128,2020-08-21 13:39:44.434000,4604.0,4610.0,4540.0,4540.0,nan,4571.935,90198,4123794260.0,123325,4604.0,124,4602.0,141,4606.0,293,4600.0,295,4608.0,253,4598.0,167,4610.0,822,4596.0,181,4612.0,262,4594.0,158
1597988384635417088,1597988384924000000,2020-08-21 13:39:44.924000,4602.0,4610.0,4540.0,4540.0,nan,4571.937,90204,4124070380.0,123325,4604.0,126,4602.0,133,4606.0,293,4600.0,295,4608.0,252,4598.0,167,4610.0,822,4596.0,181,4612.0,262,4594.0,158
1597988385139674880,1597988385400999936,2020-08-21 13:39:45.401000,4604.0,4610.0,4540.0,4540.0,nan,4571.941,90215,4124576620.0,123325,4604.0,145,4602.0,123,4606.0,293,4600.0,316,4608.0,252,4598.0,167,4610.0,820,4596.0,181,4612.0,262,4594.0,163
1597988385615410944,1597988385924000000,2020-08-21 13:39:45.924000,4604.0,4610.0,4540.0,4540.0,nan,4571.941,90215,4124576620.0,123325,4604.0,162,4602.0,123,4606.0,352,4600.0,257,4608.0,194,4598.0,226,4610.0,820,4596.0,181,4612.0,262,4594.0,162
1597988386154938112,1597988386428999936,2020-08-21 13:39:46.429000,4602.0,4610.0,4540.0,4540.0,nan,4571.942,90217,4124668680.0,123327,4604.0,161,4602.0,122,4606.0,352,4600.0,257,4608.0,194,4598.0,226,4610.0,820,4596.0,181,4612.0,262,4594.0,162
1597988386627833088,1597988386927000064,2020-08-21 13:39:46.927000,4602.0,4610.0,4540.0,4540.0,nan,4571.942,90218,4124714700.0,123328,4604.0,172,4602.0,121,4606.0,352,4600.0,257,4608.0,194,4598.0,226,4610.0,820,4596.0,181,4612.0,262,4594.0,162
1597988387142471936,1597988387426000128,2020-08-21 13:39:47.426000,4604.0,4610.0,4540.0,4540.0,nan,4571.942,90219,4124760740.0,123329,4604.0,171,4602.0,126,4606.0,352,4600.0,256,4608.0,194,4598.0,203,4610.0,820,4596.0,155,4612.0,262,4594.0,162
1597988387651264000,1597988387872000000,2020-08-21 13:39:47.872000,4602.0,4610.0,4540.0,4540.0,nan,4571.977,90324,4129592840.0,123408,4604.0,162,4602.0,22,4606.0,292,4600.0,236,4608.0,194,4598.0,163,4610.0,827,4596.0,155,4612.0,243,4594.0,143
1597988388144104960,1597988388436999936,2020-08-21 13:39:48.437000,4602.0,4610.0,4540.0,4540.0,nan,4571.985,90347,4130651300.0,123401,4602.0,95,4600.0,178,4604.0,179,4598.0,207,4606.0,272,4596.0,155,4608.0,194,4594.0,143,4610.0,827,4592.0,173
1597988388633648896,1597988388936000000,2020-08-21 13:39:48.936000,4602.0,4610.0,4540.0,4540.0,nan,4571.985,90348,4130697320.0,123402,4602.0,132,4600.0,161,4604.0,200,4598.0,224,4606.0,229,4596.0,155,4608.0,194,4594.0,143,4610.0,846,4592.0,192
1597988389138078976,1597988389374000128,2020-08-21 13:39:49.374000,4602.0,4610.0,4540.0,4540.0,nan,4571.986,90350,4130789360.0,123404,4602.0,138,4600.0,157,4604.0,215,4598.0,268,4606.0,251,4596.0,155,4608.0,194,4594.0,143,4610.0,846,4592.0,192
1597988389617106944,1597988389934000128,2020-08-21 13:39:49.934000,4602.0,4610.0,4540.0,4540.0,nan,4571.986,90350,4130789360.0,123404,4602.0,143,4600.0,174,4604.0,214,4598.0,243,4606.0,228,4596.0,155,4608.0,194,4594.0,143,4610.0,845,4592.0,192
1597988390164197120,1597988390432000000,2020-08-21 13:39:50.432000,4602.0,4610.0,4540.0,4540.0,nan,4571.997,90382,4132262000.0,123436,4602.0,113,4600.0,176,4604.0,215,4598.0,283,4606.0,268,4596.0,155,4608.0,194,4594.0,143,4610.0,845,4592.0,192
1597988390635546880,1597988390937999872,2020-08-21 13:39:50.938000,4602.0,4610.0,4540.0,4540.0,nan,4571.997,90382,4132262000.0,123436,4602.0,91,4600.0,175,4604.0,216,4598.0,283,4606.0,268,4596.0,155,4608.0,194,4594.0,143,4610.0,845,4592.0,192
1597988391143732992,1597988391348000000,2020-08-21 13:39:51.348000,4602.0,4610.0,4540.0,4540.0,nan,4571.997,90382,4132262000.0,123436,4602.0,91,4600.0,175,4604.0,216,4598.0,282,4606.0,268,4596.0,155,4608.0,194,4594.0,143,4610.0,845,4592.0,192
1597988391631688960,1597988391932000000,2020-08-21 13:39:51.932000,4602.0,4610.0,4540.0,4540.0,nan,4571.997,90384,4132354040.0,123438,4602.0,91,4600.0,177,4604.0,236,4598.0,302,4606.0,268,4596.0,155,4608.0,194,4594.0,143,4610.0,845,4592.0,192
1597988392133457920,1597988392435000064,2020-08-21 13:39:52.435000,4602.0,4610.0,4540.0,4540.0,nan,4571.998,90385,4132400060.0,123439,4602.0,92,4600.0,179,4604.0,236,4598.0,302,4606.0,269,4596.0,155,4608.0,194,4594.0,143,4610.0,845,4592.0,192
1597988392630747904,1597988392937999872,2020-08-21 13:39:52.938000,4602.0,4610.0,4540.0,4540.0,nan,4571.998,90385,4132400060.0,123439,4602.0,92,4600.0,180,4604.0,236,4598.0,302,4606.0,269,4596.0,155,4608.0,194,4594.0,143,4610.0,845,4592.0,192
1597988393167968000,1597988393432000000,2020-08-21 13:39:53.432000,4602.0,4610.0,4540.0,4540.0,nan,4571.998,90385,4132400060.0,123439,4602.0,92,4600.0,181,4604.0,236,4598.0,302,4606.0,269,4596.0,174,4608.0,194,4594.0,143,4610.0,845,4592.0,192
1597988393624418048,1597988393904999936,2020-08-21 13:39:53.905000,4602.0,4610.0,4540.0,4540.0,nan,4571.998,90385,4132400060.0,123439,4602.0,92,4600.0,181,4604.0,235,4598.0,302,4606.0,269,4596.0,174,4608.0,195,4594.0,143,4610.0,845,4592.0,192
1597988394120358912,1597988394424999936,2020-08-21 13:39:54.425000,4602.0,4610.0,4540.0,4540.0,nan,4571.998,90386,4132446080.0,123440,4602.0,92,4600.0,180,4604.0,235,4598.0,302,4606.0,269,4596.0,174,4608.0,203,4594.0,143,4610.0,845,4592.0,192
1597988394652968960,1597988394903000064,2020-08-21 13:39:54.903000,4602.0,4610.0,4540.0,4540.0,nan,4571.998,90387,4132492100.0,123441,4602.0,91,4600.0,187,4604.0,235,4598.0,302,4606.0,269,4596.0,174,4608.0,203,4594.0,143,4610.0,851,4592.0,192
1597988395635087104,1597988395937999872,2020-08-21 13:39:55.938000,4602.0,4610.0,4540.0,4540.0,nan,4571.999,90389,4132584140.0,123441,4602.0,89,4600.0,187,4604.0,235,4598.0,301,4606.0,269,4596.0,173,4608.0,203,4594.0,143,4610.0,851,4592.0,192
1597988396140416000,1597988396436000000,2020-08-21 13:39:56.436000,4602.0,4610.0,4540.0,4540.0,nan,4572.001,90395,4132860260.0,123441,4602.0,85,4600.0,187,4604.0,235,4598.0,301,4606.0,269,4596.0,173,4608.0,203,4594.0,143,4610.0,851,4592.0,192
1597988396691599104,1597988396937999872,2020-08-21 13:39:56.938000,4602.0,4610.0,4540.0,4540.0,nan,4572.044,90531,4139116980.0,123506,4602.0,22,4600.0,85,4604.0,236,4598.0,281,4606.0,249,4596.0,173,4608.0,203,4594.0,143,4610.0,832,4592.0,173
1597988397136145920,1597988397437999872,2020-08-21 13:39:57.438000,4602.0,4610.0,4540.0,4540.0,nan,4572.048,90545,4139761260.0,123507,4602.0,40,4600.0,105,4604.0,199,4598.0,221,4606.0,229,4596.0,154,4608.0,203,4594.0,143,4610.0,832,4592.0,173
1597988397650710016,1597988397901999872,2020-08-21 13:39:57.902000,4602.0,4610.0,4540.0,4540.0,nan,4572.048,90545,4139761260.0,123507,4602.0,45,4600.0,124,4604.0,199,4598.0,222,4606.0,230,4596.0,154,4608.0,203,4594.0,143,4610.0,832,4592.0,173
1597988398177905920,1597988398421999872,2020-08-21 13:39:58.422000,4602.0,4610.0,4540.0,4540.0,nan,4572.048,90545,4139761260.0,123507,4602.0,53,4600.0,129,4604.0,216,4598.0,245,4606.0,233,4596.0,159,4608.0,203,4594.0,143,4610.0,851,4592.0,192
1597988398632205056,1597988398860999936,2020-08-21 13:39:58.861000,4602.0,4610.0,4540.0,4540.0,nan,4572.048,90545,4139761260.0,123507,4602.0,56,4600.0,130,4604.0,216,4598.0,222,4606.0,210,4596.0,160,4608.0,203,4594.0,143,4610.0,851,4592.0,192
1597988399131354112,1597988399408999936,2020-08-21 13:39:59.409000,4602.0,4610.0,4540.0,4540.0,nan,4572.048,90545,4139761260.0,123507,4602.0,57,4600.0,130,4604.0,235,4598.0,242,4606.0,229,4596.0,180,4608.0,203,4594.0,143,4610.0,851,4592.0,192
1597988399622638080,1597988399924999936,2020-08-21 13:39:59.925000,4602.0,4610.0,4540.0,4540.0,nan,4572.05,90550,4139991360.0,123507,4602.0,55,4600.0,132,4604.0,255,4598.0,262,4606.0,229,4596.0,180,4608.0,203,4594.0,143,4610.0,851,4592.0,192
1597988400146384896,1597988400420999936,2020-08-21 13:40:00.421000,4602.0,4610.0,4540.0,4540.0,nan,4572.05,90550,4139991360.0,123507,4602.0,55,4600.0,140,4604.0,255,4598.0,262,4606.0,229,4596.0,180,4608.0,203,4594.0,143,4610.0,851,4592.0,192
1597988400647202048,1597988400937999872,2020-08-21 13:40:00.938000,4600.0,4610.0,4540.0,4540.0,nan,4572.051,90553,4140129360.0,123506,4602.0,53,4600.0,137,4604.0,274,4598.0,282,4606.0,229,4596.0,180,4608.0,203,4594.0,143,4610.0,851,4592.0,182
1597988401122055936,1597988401428999936,2020-08-21 13:40:01.429000,4600.0,4610.0,4540.0,4540.0,nan,4572.051,90553,4140129360.0,123506,4602.0,52,4600.0,138,4604.0,274,4598.0,282,4606.0,230,4596.0,180,4608.0,203,4594.0,143,4610.0,851,4592.0,181
1597988401636784896,1597988401930000128,2020-08-21 13:40:01.930000,4600.0,4610.0,4540.0,4540.0,nan,4572.054,90564,4140635360.0,123512,4602.0,54,4600.0,128,4604.0,274,4598.0,283,4606.0,230,4596.0,180,4608.0,203,4594.0,142,4610.0,851,4592.0,181
1597988402155270912,1597988402413000192,2020-08-21 13:40:02.413000,4602.0,4610.0,4540.0,4540.0,nan,4572.055,90566,4140727400.0,123512,4602.0,72,4600.0,128,4604.0,274,4598.0,283,4606.0,230,4596.0,180,4608.0,203,4594.0,142,4610.0,851,4592.0,181
1597988402630130944,1597988402918999808,2020-08-21 13:40:02.919000,4602.0,4610.0,4540.0,4540.0,nan,4572.055,90566,4140727400.0,123512,4602.0,71,4600.0,128,4604.0,224,4598.0,283,4606.0,230,4596.0,180,4608.0,203,4594.0,142,4610.0,851,4592.0,181
1597988403137082112,1597988403432000000,2020-08-21 13:40:03.432000,4602.0,4610.0,4540.0,4540.0,nan,4572.055,90566,4140727400.0,123512,4602.0,122,4600.0,129,4604.0,182,4598.0,283,4606.0,251,4596.0,163,4608.0,202,4594.0,142,4610.0,847,4592.0,178
1597988403634798080,1597988403924000000,2020-08-21 13:40:03.924000,4602.0,4610.0,4540.0,4540.0,nan,4572.062,90586,4141647800.0,123512,4602.0,128,4600.0,127,4604.0,182,4598.0,303,4606.0,271,4596.0,163,4608.0,202,4594.0,141,4610.0,847,4592.0,178
1597988404172006912,1597988404694999808,2020-08-21 13:40:04.695000,4602.0,4610.0,4540.0,4540.0,nan,4572.062,90586,4141647800.0,123512,4602.0,128,4600.0,131,4604.0,221,4598.0,263,4606.0,232,4596.0,203,4608.0,202,4594.0,141,4610.0,847,4592.0,178
1597988404659064064,1597988404903000064,2020-08-21 13:40:04.903000,4602.0,4610.0,4540.0,4540.0,nan,4572.062,90586,4141647800.0,123512,4602.0,128,4600.0,131,4604.0,182,4598.0,303,4606.0,271,4596.0,163,4608.0,202,4594.0,141,4610.0,848,4592.0,178
1597988405161296896,1597988405420000000,2020-08-21 13:40:05.420000,4602.0,4610.0,4540.0,4540.0,nan,4572.062,90588,4141739840.0,123512,4602.0,128,4600.0,133,4604.0,182,4598.0,303,4606.0,271,4596.0,163,4608.0,202,4594.0,141,4610.0,848,4592.0,178
1597988405656732928,1597988405897000192,2020-08-21 13:40:05.897000,4602.0,4610.0,4540.0,4540.0,nan,4572.062,90588,4141739840.0,123512,4602.0,128,4600.0,135,4604.0,182,4598.0,303,4606.0,271,4596.0,163,4608.0,202,4594.0,141,4610.0,848,4592.0,178
1597988406154211072,1597988406427000064,2020-08-21 13:40:06.427000,4602.0,4610.0,4540.0,4540.0,nan,4572.062,90588,4141739840.0,123512,4602.0,129,4600.0,206,4604.0,192,4598.0,303,4606.0,271,4596.0,163,4608.0,202,4594.0,141,4610.0,848,4592.0,178
1597988406634696960,1597988406927000064,2020-08-21 13:40:06.927000,4602.0,4610.0,4540.0,4540.0,nan,4572.062,90588,4141739840.0,123512,4602.0,127,4600.0,207,4604.0,192,4598.0,303,4606.0,271,4596.0,163,4608.0,202,4594.0,141,4610.0,848,4592.0,178
1597988408158244096,1597988408431000064,2020-08-21 13:40:08.431000,4602.0,4610.0,4540.0,4540.0,nan,4572.062,90588,4141739840.0,123512,4602.0,127,4600.0,207,4604.0,192,4598.0,303,4606.0,280,4596.0,163,4608.0,202,4594.0,141,4610.0,848,4592.0,178
1597988408649125888,1597988408918999808,2020-08-21 13:40:08.919000,4600.0,4610.0,4540.0,4540.0,nan,4572.064,90593,4141969840.0,123512,4602.0,127,4600.0,202,4604.0,192,4598.0,303,4606.0,280,4596.0,162,4608.0,201,4594.0,141,4610.0,848,4592.0,178
1597988409134149888,1597988409415000064,2020-08-21 13:40:09.415000,4600.0,4610.0,4540.0,4540.0,nan,4572.064,90593,4141969840.0,123512,4602.0,125,4600.0,206,4604.0,191,4598.0,303,4606.0,280,4596.0,162,4608.0,201,4594.0,141,4610.0,848,4592.0,178
1597988409645030912,1597988409904999936,2020-08-21 13:40:09.905000,4600.0,4610.0,4540.0,4540.0,nan,4572.064,90593,4141969840.0,123512,4602.0,126,4600.0,208,4604.0,191,4598.0,303,4606.0,280,4596.0,162,4608.0,201,4594.0,141,4610.0,848,4592.0,178
1597988410118365952,1597988410403000064,2020-08-21 13:40:10.403000,4600.0,4610.0,4540.0,4540.0,nan,4572.064,90593,4141969840.0,123512,4602.0,131,4600.0,208,4604.0,191,4598.0,303,4606.0,280,4596.0,157,4608.0,201,4594.0,141,4610.0,848,4592.0,178
1597988411125868032,1597988411436000000,2020-08-21 13:40:11.436000,4600.0,4610.0,4540.0,4540.0,nan,4572.064,90593,4141969840.0,123512,4602.0,131,4600.0,209,4604.0,191,4598.0,303,4606.0,280,4596.0,157,4608.0,201,4594.0,141,4610.0,848,4592.0,178
1597988411642578944,1597988411924999936,2020-08-21 13:40:11.925000,4600.0,4610.0,4540.0,4540.0,nan,4572.065,90596,4142107880.0,123510,4602.0,129,4600.0,208,4604.0,190,4598.0,303,4606.0,280,4596.0,157,4608.0,201,4594.0,141,4610.0,848,4592.0,178
1597988412120731904,1597988412411000064,2020-08-21 13:40:12.411000,4600.0,4610.0,4540.0,4540.0,nan,4572.065,90596,4142107880.0,123510,4602.0,129,4600.0,213,4604.0,190,4598.0,303,4606.0,280,4596.0,157,4608.0,201,4594.0,141,4610.0,848,4592.0,178
1597988412667089920,1597988412930000128,2020-08-21 13:40:12.930000,4600.0,4610.0,4540.0,4540.0,nan,4572.065,90596,4142107880.0,123510,4602.0,129,4600.0,213,4604.0,190,4598.0,303,4606.0,279,4596.0,157,4608.0,201,4594.0,141,4610.0,848,4592.0,178
1597988413695781120,1597988413916000000,2020-08-21 13:40:13.916000,4602.0,4610.0,4540.0,4540.0,nan,4572.077,90633,4143810620.0,123525,4602.0,92,4600.0,202,4604.0,190,4598.0,243,4606.0,219,4596.0,157,4608.0,201,4594.0,141,4610.0,829,4592.0,159
1597988414151819008,1597988414356000000,2020-08-21 13:40:14.356000,4602.0,4610.0,4540.0,4540.0,nan,4572.077,90634,4143856640.0,123524,4602.0,72,4600.0,208,4604.0,190,4598.0,223,4606.0,200,4596.0,157,4608.0,201,4594.0,141,4610.0,834,4592.0,159
1597988414658650112,1597988414920999936,2020-08-21 13:40:14.921000,4600.0,4610.0,4540.0,4540.0,nan,4572.079,90639,4144086660.0,123523,4602.0,76,4600.0,229,4604.0,190,4598.0,223,4606.0,240,4596.0,176,4608.0,197,4594.0,141,4610.0,853,4592.0,178
1597988415146235904,1597988415437999872,2020-08-21 13:40:15.438000,4602.0,4610.0,4540.0,4540.0,nan,4572.079,90640,4144132680.0,123522,4602.0,79,4600.0,232,4604.0,170,4598.0,243,4606.0,259,4596.0,176,4608.0,217,4594.0,141,4610.0,853,4592.0,178
1597988415719994112,1597988415935000064,2020-08-21 13:40:15.935000,4602.0,4610.0,4540.0,4540.0,nan,4572.08,90641,4144178700.0,123521,4602.0,78,4600.0,213,4604.0,170,4598.0,243,4606.0,239,4596.0,156,4608.0,197,4594.0,141,4610.0,853,4592.0,178
1597988416141387008,1597988416325999872,2020-08-21 13:40:16.326000,4602.0,4610.0,4540.0,4540.0,nan,4572.08,90641,4144178700.0,123521,4602.0,81,4600.0,237,4604.0,170,4598.0,283,4606.0,279,4596.0,156,4608.0,217,4594.0,141,4610.0,853,4592.0,178
1597988416627791872,1597988416935000064,2020-08-21 13:40:16.935000,4600.0,4610.0,4540.0,4540.0,nan,4572.081,90646,4144408700.0,123521,4602.0,81,4600.0,230,4604.0,170,4598.0,283,4606.0,299,4596.0,156,4608.0,197,4594.0,141,4610.0,853,4592.0,178
1597988417152589056,1597988417744000000,2020-08-21 13:40:17.744000,4600.0,4610.0,4540.0,4540.0,nan,4572.081,90646,4144408700.0,123521,4602.0,80,4600.0,232,4604.0,170,4598.0,283,4606.0,299,4596.0,156,4608.0,197,4594.0,141,4610.0,853,4592.0,178
1597988417660054016,1597988417892999936,2020-08-21 13:40:17.893000,4602.0,4610.0,4540.0,4540.0,nan,4572.082,90647,4144454720.0,123521,4602.0,80,4600.0,234,4604.0,170,4598.0,283,4606.0,299,4596.0,156,4608.0,198,4594.0,141,4610.0,853,4592.0,178
1597988418144295936,1597988418427000064,2020-08-21 13:40:18.427000,4602.0,4610.0,4540.0,4540.0,nan,4572.082,90647,4144454720.0,123521,4602.0,79,4600.0,234,4604.0,170,4598.0,283,4606.0,299,4596.0,156,4608.0,198,4594.0,141,4610.0,853,4592.0,178
1597988418637598976,1597988418931000064,2020-08-21 13:40:18.931000,4602.0,4610.0,4540.0,4540.0,nan,4572.082,90647,4144454720.0,123521,4602.0,80,4600.0,235,4604.0,170,4598.0,283,4606.0,299,4596.0,156,4608.0,198,4594.0,149,4610.0,853,4592.0,178
1597988419141292032,1597988419430000128,2020-08-21 13:40:19.430000,4602.0,4610.0,4540.0,4540.0,nan,4572.082,90647,4144454720.0,123521,4602.0,81,4600.0,235,4604.0,170,4598.0,283,4606.0,318,4596.0,156,4608.0,198,4594.0,149,4610.0,853,4592.0,178
1597988419659044096,1597988419924999936,2020-08-21 13:40:19.925000,4602.0,4610.0,4540.0,4540.0,nan,4572.082,90647,4144454720.0,123521,4602.0,81,4600.0,235,4604.0,170,4598.0,283,4606.0,318,4596.0,156,4608.0,198,4594.0,149,4610.0,853,4592.0,128
1597988420119245056,1597988420433000192,2020-08-21 13:40:20.433000,4602.0,4610.0,4540.0,4540.0,nan,4572.083,90652,4144684820.0,123521,4602.0,76,4600.0,235,4604.0,170,4598.0,283,4606.0,318,4596.0,156,4608.0,198,4594.0,149,4610.0,853,4592.0,128
1597988420686546944,1597988420932000000,2020-08-21 13:40:20.932000,4602.0,4610.0,4540.0,4540.0,nan,4572.084,90654,4144776860.0,123519,4602.0,73,4600.0,239,4604.0,170,4598.0,282,4606.0,318,4596.0,156,4608.0,198,4594.0,149,4610.0,853,4592.0,128
1597988421121086976,1597988421390000128,2020-08-21 13:40:21.390000,4602.0,4610.0,4540.0,4540.0,nan,4572.084,90654,4144776860.0,123519,4602.0,73,4600.0,239,4604.0,170,4598.0,282,4606.0,319,4596.0,156,4608.0,214,4594.0,149,4610.0,853,4592.0,128
1597988421636646912,1597988421928000000,2020-08-21 13:40:21.928000,4602.0,4610.0,4540.0,4540.0,nan,4572.084,90654,4144776860.0,123519,4602.0,73,4600.0,239,4604.0,170,4598.0,282,4606.0,320,4596.0,156,4608.0,214,4594.0,149,4610.0,853,4592.0,128
1597988422122091008,1597988422401999872,2020-08-21 13:40:22.402000,4602.0,4610.0,4540.0,4540.0,nan,4572.087,90663,4145191040.0,123519,4602.0,64,4600.0,239,4604.0,170,4598.0,282,4606.0,320,4596.0,156,4608.0,214,4594.0,149,4610.0,853,4592.0,128
1597988422684242944,1597988422921999872,2020-08-21 13:40:22.922000,4602.0,4610.0,4540.0,4540.0,nan,4572.108,90727,4148136320.0,123473,4604.0,130,4602.0,28,4606.0,281,4600.0,230,4608.0,234,4598.0,222,4610.0,834,4596.0,156,4612.0,244,4594.0,145
1597988423128321024,1597988423430000128,2020-08-21 13:40:23.430000,4602.0,4610.0,4540.0,4540.0,nan,4572.146,90843,4153474660.0,123519,4604.0,129,4602.0,9,4606.0,285,4600.0,135,4608.0,253,4598.0,225,4610.0,834,4596.0,156,4612.0,244,4594.0,147
1597988423630780928,1597988423857000192,2020-08-21 13:40:23.857000,4602.0,4610.0,4540.0,4540.0,nan,4572.151,90858,4154164960.0,123519,4602.0,37,4600.0,136,4604.0,146,4598.0,162,4606.0,242,4596.0,156,4608.0,214,4594.0,147,4610.0,835,4592.0,109
1597988424172676096,1597988424434000128,2020-08-21 13:40:24.434000,4602.0,4610.0,4540.0,4540.0,nan,4572.153,90865,4154487100.0,123518,4602.0,1,4600.0,162,4604.0,164,4598.0,202,4606.0,261,4596.0,156,4608.0,214,4594.0,147,4610.0,835,4592.0,109
1597988424654716928,1597988424924000000,2020-08-21 13:40:24.924000,4602.0,4610.0,4540.0,4540.0,nan,4572.16,90885,4155407500.0,123521,4602.0,3,4600.0,198,4604.0,125,4598.0,205,4606.0,282,4596.0,153,4608.0,213,4594.0,147,4610.0,854,4592.0,128
1597988425149860096,1597988425424999936,2020-08-21 13:40:25.425000,4604.0,4610.0,4540.0,4540.0,nan,4572.161,90889,4155591600.0,123523,4604.0,126,4602.0,41,4606.0,262,4600.0,179,4608.0,213,4598.0,205,4610.0,835,4596.0,155,4612.0,244,4594.0,147
1597988425632304128,1597988425930000128,2020-08-21 13:40:25.930000,4602.0,4610.0,4540.0,4540.0,nan,4572.164,90896,4155913740.0,123528,4604.0,125,4602.0,65,4606.0,305,4600.0,174,4608.0,213,4598.0,228,4610.0,835,4596.0,155,4612.0,244,4594.0,147
1597988426194363904,1597988426431000064,2020-08-21 13:40:26.431000,4604.0,4610.0,4540.0,4540.0,nan,4572.164,90897,4155959780.0,123528,4604.0,129,4602.0,77,4606.0,302,4600.0,172,4608.0,233,4598.0,244,4610.0,835,4596.0,155,4612.0,263,4594.0,166
1597988426859874048,1597988426934000128,2020-08-21 13:40:26.934000,4604.0,4610.0,4540.0,4540.0,nan,4572.164,90897,4155959780.0,123528,4604.0,129,4602.0,78,4606.0,342,4600.0,212,4608.0,233,4598.0,246,4610.0,835,4596.0,155,4612.0,263,4594.0,166
1597988427176327936,1597988427434000128,2020-08-21 13:40:27.434000,4604.0,4610.0,4540.0,4540.0,nan,4572.164,90897,4155959780.0,123528,4604.0,130,4602.0,80,4606.0,342,4600.0,212,4608.0,233,4598.0,247,4610.0,835,4596.0,155,4612.0,268,4594.0,166
1597988427625778944,1597988427918999808,2020-08-21 13:40:27.919000,4602.0,4610.0,4540.0,4540.0,nan,4572.164,90898,4156005800.0,123528,4604.0,120,4602.0,84,4606.0,342,4600.0,212,4608.0,233,4598.0,247,4610.0,835,4596.0,155,4612.0,268,4594.0,166
1597988428140570112,1597988428412000000,2020-08-21 13:40:28.412000,4602.0,4610.0,4540.0,4540.0,nan,4572.165,90900,4156097840.0,123529,4604.0,119,4602.0,82,4606.0,343,4600.0,234,4608.0,233,4598.0,227,4610.0,835,4596.0,155,4612.0,268,4594.0,166
1597988428612572928,1597988428924999936,2020-08-21 13:40:28.925000,4602.0,4610.0,4540.0,4540.0,nan,4572.166,90903,4156235920.0,123529,4604.0,119,4602.0,83,4606.0,343,4600.0,252,4608.0,233,4598.0,207,4610.0,835,4596.0,155,4612.0,268,4594.0,166
1597988429130089984,1597988429424999936,2020-08-21 13:40:29.425000,4604.0,4610.0,4540.0,4540.0,nan,4572.167,90906,4156374040.0,123532,4604.0,116,4602.0,82,4606.0,343,4600.0,252,4608.0,233,4598.0,207,4610.0,835,4596.0,155,4612.0,268,4594.0,166
1597988429627184128,1597988429936999936,2020-08-21 13:40:29.937000,4604.0,4610.0,4540.0,4540.0,nan,4572.167,90906,4156374040.0,123532,4604.0,115,4602.0,87,4606.0,343,4600.0,252,4608.0,233,4598.0,207,4610.0,835,4596.0,155,4612.0,268,4594.0,166
1597988430144388096,1597988430434000128,2020-08-21 13:40:30.434000,4604.0,4610.0,4540.0,4540.0,nan,4572.167,90906,4156374040.0,123532,4604.0,117,4602.0,89,4606.0,343,4600.0,253,4608.0,252,4598.0,207,4610.0,835,4596.0,155,4612.0,268,4594.0,166
1597988430637630976,1597988430927000064,2020-08-21 13:40:30.927000,4602.0,4610.0,4540.0,4540.0,nan,4572.174,90927,4157340460.0,123532,4604.0,118,4602.0,100,4606.0,343,4600.0,251,4608.0,252,4598.0,207,4610.0,835,4596.0,155,4612.0,268,4594.0,166
1597988431128137984,1597988431431000064,2020-08-21 13:40:31.431000,4602.0,4610.0,4540.0,4540.0,nan,4572.19,90976,4159595460.0,123501,4604.0,106,4602.0,57,4606.0,283,4600.0,231,4608.0,252,4598.0,167,4610.0,835,4596.0,155,4612.0,249,4594.0,147
1597988431638772992,1597988431912000000,2020-08-21 13:40:31.912000,4604.0,4610.0,4540.0,4540.0,nan,4572.19,90977,4159641500.0,123502,4604.0,162,4602.0,60,4606.0,283,4600.0,211,4608.0,213,4598.0,168,4610.0,835,4596.0,155,4612.0,249,4594.0,147
1597988432138156032,1597988432428000000,2020-08-21 13:40:32.428000,4604.0,4610.0,4540.0,4540.0,nan,4572.19,90977,4159641500.0,123502,4604.0,169,4602.0,65,4606.0,323,4600.0,191,4608.0,213,4598.0,228,4610.0,835,4596.0,155,4612.0,249,4594.0,147
1597988432619045120,1597988432936999936,2020-08-21 13:40:32.937000,4604.0,4610.0,4540.0,4540.0,nan,4572.191,90978,4159687540.0,123503,4604.0,170,4602.0,88,4606.0,323,4600.0,191,4608.0,213,4598.0,228,4610.0,835,4596.0,155,4612.0,268,4594.0,166
1597988433121246976,1597988433437999872,2020-08-21 13:40:33.438000,4602.0,4610.0,4540.0,4540.0,nan,4572.191,90979,4159733560.0,123503,4604.0,169,4602.0,90,4606.0,343,4600.0,211,4608.0,213,4598.0,227,4610.0,835,4596.0,155,4612.0,268,4594.0,166
1597988433806045952,1597988433934000128,2020-08-21 13:40:33.934000,4602.0,4610.0,4540.0,4540.0,nan,4572.197,90999,4160653960.0,123494,4604.0,169,4602.0,71,4606.0,363,4600.0,211,4608.0,213,4598.0,247,4610.0,835,4596.0,155,4612.0,268,4594.0,166
1597988434122735104,1597988434405999872,2020-08-21 13:40:34.406000,4604.0,4610.0,4540.0,4540.0,nan,4572.198,91001,4160746040.0,123496,4604.0,168,4602.0,77,4606.0,363,4600.0,211,4608.0,212,4598.0,247,4610.0,834,4596.0,155,4612.0,268,4594.0,166
1597988434640652032,1597988434923000064,2020-08-21 13:40:34.923000,4604.0,4610.0,4540.0,4540.0,nan,4572.198,91001,4160746040.0,123496,4604.0,171,4602.0,79,4606.0,363,4600.0,211,4608.0,212,4598.0,247,4610.0,834,4596.0,155,4612.0,268,4594.0,166
