local_nano_time,quote_nano_time,datetime,last_price,highest,lowest,open,close,average,volume,amount,open_interest,ask_price1,ask_volume1,bid_price1,bid_volume1,ask_price2,ask_volume2,bid_price2,bid_volume2,ask_price3,ask_volume3,bid_price3,bid_volume3,ask_price4,ask_volume4,bid_price4,bid_volume4,ask_price5,ask_volume5,bid_price5,bid_volume5
1597988229829232896,1597988230432000000,2020-08-21 13:37:10.432000,2295.0,2318.0,2284.0,2310.0,nan,2297.0,498905,11463757320.0,1156858,2296.0,751,2295.0,2365,nan,0,nan,0,nan,0,nan,0,nan,0,nan,0,nan,0,nan,0
1597988230367001088,1597988230868999936,2020-08-21 13:37:10.869000,2295.0,2318.0,2284.0,2310.0,nan,2297.0,498905,11463757320.0,1156858,2296.0,751,2295.0,2405,nan,0,nan,0,nan,0,nan,0,nan,0,nan,0,nan,0,nan,0
1597988231826063872,1597988232423000064,2020-08-21 13:37:12.423000,2296.0,2318.0,2284.0,2310.0,nan,2297.0,498906,11463780280.0,1156857,2296.0,751,2295.0,2405,nan,0,nan,0,nan,0,nan,0,nan,0,nan,0,nan,0,nan,0
1597988233351926016,1597988233912000000,2020-08-21 13:37:13.912000,2296.0,2318.0,2284.0,2310.0,nan,2297.0,498906,11463780280.0,1156857,2296.0,751,2295.0,2406,nan,0,nan,0,nan,0,nan,0,nan,0,nan,0,nan,0,nan,0
1597988234338109952,1597988234932000000,2020-08-21 13:37:14.932000,2296.0,2318.0,2284.0,2310.0,nan,2297.0,498906,11463780280.0,1156857,2296.0,751,2295.0,2407,nan,0,nan,0,nan,0,nan,0,nan,0,nan,0,nan,0,nan,0
1597988234829668096,1597988235413000192,2020-08-21 13:37:15.413000,2296.0,2318.0,2284.0,2310.0,nan,2297.0,498920,11464101720.0,1156856,2296.0,738,2295.0,2395,nan,0,nan,0,nan,0,nan,0,nan,0,nan,0,nan,0,nan,0
1597988235341597952,1597988235884999936,2020-08-21 13:37:15.885000,2296.0,2318.0,2284.0,2310.0,nan,2297.0,498921,11464124680.0,1156856,2296.0,738,2295.0,2395,nan,0,nan,0,nan,0,nan,0,nan,0,nan,0,nan,0,nan,0
1597988235839920896,1597988236432000000,2020-08-21 13:37:16.432000,2296.0,2318.0,2284.0,2310.0,nan,2297.0,498923,11464170600.0,1156856,2296.0,736,2295.0,2395,nan,0,nan,0,nan,0,nan,0,nan,0,nan,0,nan,0,nan,0
1597988236832282112,1597988237412000000,2020-08-21 13:37:17.412000,2296.0,2318.0,2284.0,2310.0,nan,2297.0,498924,11464193560.0,1156856,2296.0,735,2295.0,2395,nan,0,nan,0,nan,0,nan,0,nan,0,nan,0,nan,0,nan,0
1597988237337225984,1597988237934000128,2020-08-21 13:37:17.934000,2296.0,2318.0,2284.0,2310.0,nan,2297.0,498925,11464216520.0,1156856,2296.0,734,2295.0,2399,nan,0,nan,0,nan,0,nan,0,nan,0,nan,0,nan,0,nan,0
1597988238366020096,1597988238932000000,2020-08-21 13:37:18.932000,2296.0,2318.0,2284.0,2310.0,nan,2297.0,498925,11464216520.0,1156856,2296.0,740,2295.0,2399,nan,0,nan,0,nan,0,nan,0,nan,0,nan,0,nan,0,nan,0
1597988239341374976,1597988239932000000,2020-08-21 13:37:19.932000,2296.0,2318.0,2284.0,2310.0,nan,2297.0,498925,11464216520.0,1156856,2296.0,743,2295.0,2399,nan,0,nan,0,nan,0,nan,0,nan,0,nan,0,nan,0,nan,0
1597988239827773952,1597988240324000000,2020-08-21 13:37:20.324000,2295.0,2318.0,2284.0,2310.0,nan,2297.0,498926,11464239470.0,1156856,2296.0,743,2295.0,2398,nan,0,nan,0,nan,0,nan,0,nan,0,nan,0,nan,0,nan,0
1597988240836669952,1597988241423000064,2020-08-21 13:37:21.423000,2295.0,2318.0,2284.0,2310.0,nan,2297.0,498941,11464583720.0,1156856,2296.0,743,2295.0,2383,nan,0,nan,0,nan,0,nan,0,nan,0,nan,0,nan,0,nan,0
1597988241336781056,1597988241901999872,2020-08-21 13:37:21.902000,2295.0,2318.0,2284.0,2310.0,nan,2297.0,498945,11464675520.0,1156856,2296.0,744,2295.0,2379,nan,0,nan,0,nan,0,nan,0,nan,0,nan,0,nan,0,nan,0
1597988241827732992,1597988242423000064,2020-08-21 13:37:22.423000,2295.0,2318.0,2284.0,2310.0,nan,2297.0,498948,11464744390.0,1156855,2296.0,742,2295.0,2378,nan,0,nan,0,nan,0,nan,0,nan,0,nan,0,nan,0,nan,0
1597988242350206976,1597988242935000064,2020-08-21 13:37:22.935000,2296.0,2318.0,2284.0,2310.0,nan,2297.0,498958,11464973990.0,1156851,2296.0,782,2295.0,2378,nan,0,nan,0,nan,0,nan,0,nan,0,nan,0,nan,0,nan,0
1597988242827065088,1597988243432000000,2020-08-21 13:37:23.432000,2296.0,2318.0,2284.0,2310.0,nan,2297.0,498961,11465042870.0,1156852,2296.0,779,2295.0,2378,nan,0,nan,0,nan,0,nan,0,nan,0,nan,0,nan,0,nan,0
1597988243330686976,1597988243872000000,2020-08-21 13:37:23.872000,2296.0,2318.0,2284.0,2310.0,nan,2297.0,498961,11465042870.0,1156852,2296.0,779,2295.0,2371,nan,0,nan,0,nan,0,nan,0,nan,0,nan,0,nan,0,nan,0
1597988243828989952,1597988244374000128,2020-08-21 13:37:24.374000,2295.0,2318.0,2284.0,2310.0,nan,2297.0,498962,11465065820.0,1156853,2296.0,779,2295.0,2377,nan,0,nan,0,nan,0,nan,0,nan,0,nan,0,nan,0,nan,0
1597988244841584896,1597988245427000064,2020-08-21 13:37:25.427000,2295.0,2318.0,2284.0,2310.0,nan,2297.0,498982,11465524830.0,1156854,2296.0,781,2295.0,2358,nan,0,nan,0,nan,0,nan,0,nan,0,nan,0,nan,0,nan,0
1597988245344827904,1597988245855000064,2020-08-21 13:37:25.855000,2296.0,2318.0,2284.0,2310.0,nan,2297.0,498984,11465570740.0,1156855,2296.0,780,2295.0,2359,nan,0,nan,0,nan,0,nan,0,nan,0,nan,0,nan,0,nan,0
1597988245825864960,1597988246420000000,2020-08-21 13:37:26.420000,2296.0,2318.0,2284.0,2310.0,nan,2297.0,498984,11465570740.0,1156855,2296.0,780,2295.0,2360,nan,0,nan,0,nan,0,nan,0,nan,0,nan,0,nan,0,nan,0
1597988246835313920,1597988247434000128,2020-08-21 13:37:27.434000,2296.0,2318.0,2284.0,2310.0,nan,2297.0,498985,11465593700.0,1156854,2296.0,779,2295.0,2360,nan,0,nan,0,nan,0,nan,0,nan,0,nan,0,nan,0,nan,0
1597988247337629952,1597988247912000000,2020-08-21 13:37:27.912000,2296.0,2318.0,2284.0,2310.0,nan,2297.0,498985,11465593700.0,1156854,2296.0,779,2295.0,2372,nan,0,nan,0,nan,0,nan,0,nan,0,nan,0,nan,0,nan,0
1597988248833972992,1597988249418999808,2020-08-21 13:37:29.419000,2296.0,2318.0,2284.0,2310.0,nan,2297.0,498987,11465639620.0,1156854,2296.0,777,2295.0,2372,nan,0,nan,0,nan,0,nan,0,nan,0,nan,0,nan,0,nan,0
1597988249334493952,1597988249892000000,2020-08-21 13:37:29.892000,2296.0,2318.0,2284.0,2310.0,nan,2297.0,498988,11465662580.0,1156854,2296.0,776,2295.0,2372,nan,0,nan,0,nan,0,nan,0,nan,0,nan,0,nan,0,nan,0
1597988249853775872,1597988250401999872,2020-08-21 13:37:30.402000,2296.0,2318.0,2284.0,2310.0,nan,2297.0,499249,11471655140.0,1156788,2296.0,514,2295.0,2380,nan,0,nan,0,nan,0,nan,0,nan,0,nan,0,nan,0,nan,0
1597988250338679040,1597988250921999872,2020-08-21 13:37:30.922000,2296.0,2318.0,2284.0,2310.0,nan,2297.0,499301,11472849060.0,1156788,2296.0,484,2295.0,2380,nan,0,nan,0,nan,0,nan,0,nan,0,nan,0,nan,0,nan,0
1597988250842021120,1597988251436000000,2020-08-21 13:37:31.436000,2296.0,2318.0,2284.0,2310.0,nan,2297.0,499332,11473560520.0,1156811,2296.0,454,2295.0,2350,nan,0,nan,0,nan,0,nan,0,nan,0,nan,0,nan,0,nan,0
1597988251360677120,1597988251900999936,2020-08-21 13:37:31.901000,2296.0,2318.0,2284.0,2310.0,nan,2297.0,499335,11473629400.0,1156808,2296.0,452,2295.0,2350,nan,0,nan,0,nan,0,nan,0,nan,0,nan,0,nan,0,nan,0
1597988251826405120,1597988252420999936,2020-08-21 13:37:32.421000,2296.0,2318.0,2284.0,2310.0,nan,2297.0,499396,11475029960.0,1156748,2296.0,391,2295.0,2350,nan,0,nan,0,nan,0,nan,0,nan,0,nan,0,nan,0,nan,0
1597988252375187968,1597988252875000064,2020-08-21 13:37:32.875000,2296.0,2318.0,2284.0,2310.0,nan,2297.0,499397,11475052920.0,1156748,2296.0,390,2295.0,2350,nan,0,nan,0,nan,0,nan,0,nan,0,nan,0,nan,0,nan,0
1597988252830028032,1597988253404999936,2020-08-21 13:37:33.405000,2296.0,2318.0,2284.0,2310.0,nan,2297.0,499787,11484007320.0,1156550,2297.0,994,2296.0,2,nan,0,nan,0,nan,0,nan,0,nan,0,nan,0,nan,0,nan,0
1597988253325927936,1597988253857000192,2020-08-21 13:37:33.857000,2296.0,2318.0,2284.0,2310.0,nan,2297.0,499948,11487703880.0,1156539,2297.0,822,2296.0,175,nan,0,nan,0,nan,0,nan,0,nan,0,nan,0,nan,0,nan,0
1597988253828685056,1597988254436999936,2020-08-21 13:37:34.437000,2296.0,2318.0,2284.0,2310.0,nan,2297.0,499948,11487703880.0,1156539,2297.0,813,2296.0,245,nan,0,nan,0,nan,0,nan,0,nan,0,nan,0,nan,0,nan,0
1597988254349874944,1597988254935000064,2020-08-21 13:37:34.935000,2296.0,2318.0,2284.0,2310.0,nan,2297.0,499952,11487795720.0,1156539,2297.0,740,2296.0,365,nan,0,nan,0,nan,0,nan,0,nan,0,nan,0,nan,0,nan,0
1597988254837163008,1597988255433000192,2020-08-21 13:37:35.433000,2296.0,2318.0,2284.0,2310.0,nan,2297.0,499952,11487795720.0,1156539,2297.0,737,2296.0,412,nan,0,nan,0,nan,0,nan,0,nan,0,nan,0,nan,0,nan,0
1597988255334106112,1597988255928000000,2020-08-21 13:37:35.928000,2296.0,2318.0,2284.0,2310.0,nan,2297.0,499965,11488094320.0,1156539,2297.0,732,2296.0,542,nan,0,nan,0,nan,0,nan,0,nan,0,nan,0,nan,0,nan,0
1597988255826365952,1597988256412000000,2020-08-21 13:37:36.412000,2297.0,2318.0,2284.0,2310.0,nan,2297.0,499971,11488232140.0,1156540,2297.0,728,2296.0,550,nan,0,nan,0,nan,0,nan,0,nan,0,nan,0,nan,0,nan,0
1597988256329582080,1597988256924999936,2020-08-21 13:37:36.925000,2297.0,2318.0,2284.0,2310.0,nan,2297.0,499976,11488346960.0,1156536,2297.0,727,2296.0,591,nan,0,nan,0,nan,0,nan,0,nan,0,nan,0,nan,0,nan,0
1597988256834467072,1597988257415000064,2020-08-21 13:37:37.415000,2296.0,2318.0,2284.0,2310.0,nan,2297.0,499977,11488369920.0,1156536,2297.0,727,2296.0,598,nan,0,nan,0,nan,0,nan,0,nan,0,nan,0,nan,0,nan,0
1597988257355760128,1597988257882999808,2020-08-21 13:37:37.883000,2296.0,2318.0,2284.0,2310.0,nan,2297.0,499979,11488415840.0,1156534,2297.0,727,2296.0,640,nan,0,nan,0,nan,0,nan,0,nan,0,nan,0,nan,0,nan,0
1597988257826466048,1597988258414000128,2020-08-21 13:37:38.414000,2296.0,2318.0,2284.0,2310.0,nan,2297.0,499979,11488415840.0,1156534,2297.0,727,2296.0,663,nan,0,nan,0,nan,0,nan,0,nan,0,nan,0,nan,0,nan,0
1597988258339970048,1597988258935000064,2020-08-21 13:37:38.935000,2296.0,2318.0,2284.0,2310.0,nan,2297.0,499979,11488415840.0,1156534,2297.0,697,2296.0,782,nan,0,nan,0,nan,0,nan,0,nan,0,nan,0,nan,0,nan,0
1597988258827493120,1597988259405999872,2020-08-21 13:37:39.406000,2297.0,2318.0,2284.0,2310.0,nan,2297.0,499980,11488438810.0,1156534,2297.0,696,2296.0,784,nan,0,nan,0,nan,0,nan,0,nan,0,nan,0,nan,0,nan,0
1597988260333773056,1597988260932000000,2020-08-21 13:37:40.932000,2297.0,2318.0,2284.0,2310.0,nan,2297.0,499981,11488461780.0,1156533,2297.0,1140,2296.0,784,nan,0,nan,0,nan,0,nan,0,nan,0,nan,0,nan,0,nan,0
1597988260828013056,1597988261388999936,2020-08-21 13:37:41.389000,2297.0,2318.0,2284.0,2310.0,nan,2297.0,499981,11488461780.0,1156533,2297.0,1140,2296.0,783,nan,0,nan,0,nan,0,nan,0,nan,0,nan,0,nan,0,nan,0
1597988261334789120,1597988261912000000,2020-08-21 13:37:41.912000,2297.0,2318.0,2284.0,2310.0,nan,2297.0,499981,11488461780.0,1156533,2297.0,1140,2296.0,798,nan,0,nan,0,nan,0,nan,0,nan,0,nan,0,nan,0,nan,0
1597988261826315008,1597988262435000064,2020-08-21 13:37:42.435000,2297.0,2318.0,2284.0,2310.0,nan,2297.0,499988,11488622530.0,1156528,2297.0,1140,2296.0,803,nan,0,nan,0,nan,0,nan,0,nan,0,nan,0,nan,0,nan,0
1597988262346422016,1597988262901999872,2020-08-21 13:37:42.902000,2297.0,2318.0,2284.0,2310.0,nan,2297.0,499988,11488622530.0,1156528,2297.0,1141,2296.0,803,nan,0,nan,0,nan,0,nan,0,nan,0,nan,0,nan,0,nan,0
1597988262837956096,1597988263379000064,2020-08-21 13:37:43.379000,2297.0,2318.0,2284.0,2310.0,nan,2297.0,499996,11488806290.0,1156520,2297.0,1133,2296.0,816,nan,0,nan,0,nan,0,nan,0,nan,0,nan,0,nan,0,nan,0
1597988263351750912,1597988263881999872,2020-08-21 13:37:43.882000,2297.0,2318.0,2284.0,2310.0,nan,2297.0,499996,11488806290.0,1156520,2297.0,1133,2296.0,835,nan,0,nan,0,nan,0,nan,0,nan,0,nan,0,nan,0,nan,0
1597988263823778048,1597988264432000000,2020-08-21 13:37:44.432000,2297.0,2318.0,2284.0,2310.0,nan,2297.0,499996,11488806290.0,1156520,2297.0,1133,2296.0,836,nan,0,nan,0,nan,0,nan,0,nan,0,nan,0,nan,0,nan,0
1597988264346548992,1597988264927000064,2020-08-21 13:37:44.927000,2297.0,2318.0,2284.0,2310.0,nan,2297.0,499999,11488875200.0,1156517,2297.0,1130,2296.0,837,nan,0,nan,0,nan,0,nan,0,nan,0,nan,0,nan,0,nan,0
1597988264824491008,1597988265412000000,2020-08-21 13:37:45.412000,2296.0,2318.0,2284.0,2310.0,nan,2297.0,500000,11488898160.0,1156517,2297.0,1130,2296.0,836,nan,0,nan,0,nan,0,nan,0,nan,0,nan,0,nan,0,nan,0
1597988265331223040,1597988265935000064,2020-08-21 13:37:45.935000,2296.0,2318.0,2284.0,2310.0,nan,2297.0,500000,11488898160.0,1156517,2297.0,1131,2296.0,836,nan,0,nan,0,nan,0,nan,0,nan,0,nan,0,nan,0,nan,0
1597988265832190976,1597988266424999936,2020-08-21 13:37:46.425000,2296.0,2318.0,2284.0,2310.0,nan,2297.0,500000,11488898160.0,1156517,2297.0,1134,2296.0,836,nan,0,nan,0,nan,0,nan,0,nan,0,nan,0,nan,0,nan,0
1597988266338820096,1597988266799000064,2020-08-21 13:37:46.799000,2296.0,2318.0,2284.0,2310.0,nan,2297.0,500000,11488898160.0,1156517,2297.0,1157,2296.0,836,nan,0,nan,0,nan,0,nan,0,nan,0,nan,0,nan,0,nan,0
1597988266833861120,1597988267416999936,2020-08-21 13:37:47.417000,2297.0,2318.0,2284.0,2310.0,nan,2297.0,500007,11489058940.0,1156512,2297.0,1151,2296.0,835,nan,0,nan,0,nan,0,nan,0,nan,0,nan,0,nan,0,nan,0
1597988267346098944,1597988267938999808,2020-08-21 13:37:47.939000,2296.0,2318.0,2284.0,2310.0,nan,2297.0,500008,11489081900.0,1156512,2297.0,1157,2296.0,834,nan,0,nan,0,nan,0,nan,0,nan,0,nan,0,nan,0,nan,0
1597988267826619904,1597988268428999936,2020-08-21 13:37:48.429000,2296.0,2318.0,2284.0,2310.0,nan,2297.0,500008,11489081900.0,1156512,2297.0,1163,2296.0,836,nan,0,nan,0,nan,0,nan,0,nan,0,nan,0,nan,0,nan,0
1597988268337687040,1597988268918999808,2020-08-21 13:37:48.919000,2296.0,2318.0,2284.0,2310.0,nan,2297.0,500009,11489104860.0,1156512,2297.0,1166,2296.0,885,nan,0,nan,0,nan,0,nan,0,nan,0,nan,0,nan,0,nan,0
1597988268834920960,1597988269404999936,2020-08-21 13:37:49.405000,2296.0,2318.0,2284.0,2310.0,nan,2297.0,500009,11489104860.0,1156512,2297.0,1166,2296.0,895,nan,0,nan,0,nan,0,nan,0,nan,0,nan,0,nan,0,nan,0
1597988269355333120,1597988269892999936,2020-08-21 13:37:49.893000,2297.0,2318.0,2284.0,2310.0,nan,2297.0,500010,11489127830.0,1156512,2297.0,1168,2296.0,895,nan,0,nan,0,nan,0,nan,0,nan,0,nan,0,nan,0,nan,0
1597988269833940992,1597988270416000000,2020-08-21 13:37:50.416000,2297.0,2318.0,2284.0,2310.0,nan,2297.0,500010,11489127830.0,1156512,2297.0,1188,2296.0,895,nan,0,nan,0,nan,0,nan,0,nan,0,nan,0,nan,0,nan,0
1597988270336872960,1597988270935000064,2020-08-21 13:37:50.935000,2297.0,2318.0,2284.0,2310.0,nan,2297.0,500011,11489150800.0,1156511,2297.0,1188,2296.0,895,nan,0,nan,0,nan,0,nan,0,nan,0,nan,0,nan,0,nan,0
1597988270828133120,1597988271421999872,2020-08-21 13:37:51.422000,2297.0,2318.0,2284.0,2310.0,nan,2297.0,500011,11489150800.0,1156511,2297.0,1173,2296.0,895,nan,0,nan,0,nan,0,nan,0,nan,0,nan,0,nan,0,nan,0
1597988271334626048,1597988271908000000,2020-08-21 13:37:51.908000,2297.0,2318.0,2284.0,2310.0,nan,2297.0,500011,11489150800.0,1156511,2297.0,1205,2296.0,895,nan,0,nan,0,nan,0,nan,0,nan,0,nan,0,nan,0,nan,0
1597988271828758016,1597988272432000000,2020-08-21 13:37:52.432000,2296.0,2318.0,2284.0,2310.0,nan,2297.0,500016,11489265600.0,1156506,2297.0,1207,2296.0,891,nan,0,nan,0,nan,0,nan,0,nan,0,nan,0,nan,0,nan,0
1597988272339663872,1597988272920000000,2020-08-21 13:37:52.920000,2296.0,2318.0,2284.0,2310.0,nan,2297.0,500019,11489334490.0,1156507,2297.0,1204,2296.0,891,nan,0,nan,0,nan,0,nan,0,nan,0,nan,0,nan,0,nan,0
1597988272838831104,1597988273434000128,2020-08-21 13:37:53.434000,2296.0,2318.0,2284.0,2310.0,nan,2297.0,500019,11489334490.0,1156507,2297.0,1204,2296.0,900,nan,0,nan,0,nan,0,nan,0,nan,0,nan,0,nan,0,nan,0
1597988273351307008,1597988273932000000,2020-08-21 13:37:53.932000,2297.0,2318.0,2284.0,2310.0,nan,2297.0,500020,11489357460.0,1156506,2297.0,1203,2296.0,885,nan,0,nan,0,nan,0,nan,0,nan,0,nan,0,nan,0,nan,0
1597988273836666880,1597988274432000000,2020-08-21 13:37:54.432000,2297.0,2318.0,2284.0,2310.0,nan,2297.0,500022,11489403400.0,1156505,2297.0,1201,2296.0,922,nan,0,nan,0,nan,0,nan,0,nan,0,nan,0,nan,0,nan,0
1597988274333148928,1597988274931000064,2020-08-21 13:37:54.931000,2297.0,2318.0,2284.0,2310.0,nan,2297.0,500022,11489403400.0,1156505,2297.0,1200,2296.0,921,nan,0,nan,0,nan,0,nan,0,nan,0,nan,0,nan,0,nan,0
1597988274838692096,1597988275411000064,2020-08-21 13:37:55.411000,2297.0,2318.0,2284.0,2310.0,nan,2297.0,500023,11489426370.0,1156505,2297.0,1199,2296.0,923,nan,0,nan,0,nan,0,nan,0,nan,0,nan,0,nan,0,nan,0
1597988275353264896,1597988275917999872,2020-08-21 13:37:55.918000,2296.0,2318.0,2284.0,2310.0,nan,2297.0,500026,11489495270.0,1156507,2297.0,1197,2296.0,922,nan,0,nan,0,nan,0,nan,0,nan,0,nan,0,nan,0,nan,0
1597988275918686976,1597988276404000000,2020-08-21 13:37:56.404000,2296.0,2318.0,2284.0,2310.0,nan,2297.0,500026,11489495270.0,1156507,2297.0,1197,2296.0,924,nan,0,nan,0,nan,0,nan,0,nan,0,nan,0,nan,0,nan,0
1597988276360695040,1597988276891000064,2020-08-21 13:37:56.891000,2296.0,2318.0,2284.0,2310.0,nan,2297.0,500026,11489495270.0,1156507,2297.0,1201,2296.0,924,nan,0,nan,0,nan,0,nan,0,nan,0,nan,0,nan,0,nan,0
1597988276833024000,1597988277428999936,2020-08-21 13:37:57.429000,2296.0,2318.0,2284.0,2310.0,nan,2297.0,500026,11489495270.0,1156507,2297.0,1201,2296.0,925,nan,0,nan,0,nan,0,nan,0,nan,0,nan,0,nan,0,nan,0
1597988277333604096,1597988277915000064,2020-08-21 13:37:57.915000,2296.0,2318.0,2284.0,2310.0,nan,2297.0,500028,11489541190.0,1156507,2297.0,1201,2296.0,1126,nan,0,nan,0,nan,0,nan,0,nan,0,nan,0,nan,0,nan,0
1597988278358196992,1597988278937999872,2020-08-21 13:37:58.938000,2296.0,2318.0,2284.0,2310.0,nan,2297.0,500029,11489564150.0,1156508,2297.0,1201,2296.0,1126,nan,0,nan,0,nan,0,nan,0,nan,0,nan,0,nan,0,nan,0
1597988278828275968,1597988279420000000,2020-08-21 13:37:59.420000,2296.0,2318.0,2284.0,2310.0,nan,2297.0,500029,11489564150.0,1156508,2297.0,1201,2296.0,1128,nan,0,nan,0,nan,0,nan,0,nan,0,nan,0,nan,0,nan,0
1597988279839173120,1597988280428999936,2020-08-21 13:38:00.429000,2296.0,2318.0,2284.0,2310.0,nan,2297.0,500029,11489564150.0,1156508,2297.0,1202,2296.0,1128,nan,0,nan,0,nan,0,nan,0,nan,0,nan,0,nan,0,nan,0
1597988281348883968,1597988281912000000,2020-08-21 13:38:01.912000,2297.0,2318.0,2284.0,2310.0,nan,2297.0,500030,11489587120.0,1156508,2297.0,1201,2296.0,1130,nan,0,nan,0,nan,0,nan,0,nan,0,nan,0,nan,0,nan,0
1597988281824546048,1597988282408999936,2020-08-21 13:38:02.409000,2297.0,2318.0,2284.0,2310.0,nan,2297.0,500030,11489587120.0,1156508,2297.0,1202,2296.0,1130,nan,0,nan,0,nan,0,nan,0,nan,0,nan,0,nan,0,nan,0
1597988282337396992,1597988282903000064,2020-08-21 13:38:02.903000,2297.0,2318.0,2284.0,2310.0,nan,2297.0,500031,11489610090.0,1156508,2297.0,1201,2296.0,1133,nan,0,nan,0,nan,0,nan,0,nan,0,nan,0,nan,0,nan,0
1597988282835045888,1597988283423000064,2020-08-21 13:38:03.423000,2297.0,2318.0,2284.0,2310.0,nan,2297.0,500032,11489633060.0,1156508,2297.0,1200,2296.0,1133,nan,0,nan,0,nan,0,nan,0,nan,0,nan,0,nan,0,nan,0
1597988283325197056,1597988283894000128,2020-08-21 13:38:03.894000,2297.0,2318.0,2284.0,2310.0,nan,2297.0,500033,11489656030.0,1156507,2297.0,1199,2296.0,1136,nan,0,nan,0,nan,0,nan,0,nan,0,nan,0,nan,0,nan,0
1597988283828857088,1597988284420999936,2020-08-21 13:38:04.421000,2297.0,2318.0,2284.0,2310.0,nan,2297.0,500033,11489656030.0,1156507,2297.0,1200,2296.0,1141,nan,0,nan,0,nan,0,nan,0,nan,0,nan,0,nan,0,nan,0
1597988284827599104,1597988285413000192,2020-08-21 13:38:05.413000,2297.0,2318.0,2284.0,2310.0,nan,2297.0,500033,11489656030.0,1156507,2297.0,1201,2296.0,1141,nan,0,nan,0,nan,0,nan,0,nan,0,nan,0,nan,0,nan,0
1597988285338723072,1597988285924000000,2020-08-21 13:38:05.924000,2296.0,2318.0,2284.0,2310.0,nan,2297.0,500044,11489908590.0,1156509,2297.0,1200,2296.0,1130,nan,0,nan,0,nan,0,nan,0,nan,0,nan,0,nan,0,nan,0
1597988286324614912,1597988286895000064,2020-08-21 13:38:06.895000,2297.0,2318.0,2284.0,2310.0,nan,2297.0,500045,11489931560.0,1156509,2297.0,1199,2296.0,1133,nan,0,nan,0,nan,0,nan,0,nan,0,nan,0,nan,0,nan,0
1597988286826457088,1597988287433000192,2020-08-21 13:38:07.433000,2297.0,2318.0,2284.0,2310.0,nan,2297.0,500045,11489931560.0,1156509,2297.0,1204,2296.0,1133,nan,0,nan,0,nan,0,nan,0,nan,0,nan,0,nan,0,nan,0
1597988287354434048,1597988287933000192,2020-08-21 13:38:07.933000,2297.0,2318.0,2284.0,2310.0,nan,2297.0,500048,11490000470.0,1156509,2297.0,1199,2296.0,1133,nan,0,nan,0,nan,0,nan,0,nan,0,nan,0,nan,0,nan,0
1597988287826554112,1597988288436999936,2020-08-21 13:38:08.437000,2297.0,2318.0,2284.0,2310.0,nan,2297.0,500049,11490023440.0,1156509,2297.0,1198,2296.0,1142,nan,0,nan,0,nan,0,nan,0,nan,0,nan,0,nan,0,nan,0
1597988288327311872,1597988288913000192,2020-08-21 13:38:08.913000,2297.0,2318.0,2284.0,2310.0,nan,2297.0,500049,11490023440.0,1156509,2297.0,1198,2296.0,1146,nan,0,nan,0,nan,0,nan,0,nan,0,nan,0,nan,0,nan,0
1597988288835539968,1597988289362999808,2020-08-21 13:38:09.363000,2296.0,2318.0,2284.0,2310.0,nan,2297.0,500050,11490046400.0,1156509,2297.0,1203,2296.0,1145,nan,0,nan,0,nan,0,nan,0,nan,0,nan,0,nan,0,nan,0
1597988289329726976,1597988289903000064,2020-08-21 13:38:09.903000,2297.0,2318.0,2284.0,2310.0,nan,2297.0,500052,11490092340.0,1156509,2297.0,1201,2296.0,1145,nan,0,nan,0,nan,0,nan,0,nan,0,nan,0,nan,0,nan,0
1597988289827659008,1597988290252000000,2020-08-21 13:38:10.252000,2297.0,2318.0,2284.0,2310.0,nan,2297.0,500052,11490092340.0,1156509,2297.0,1203,2296.0,1147,nan,0,nan,0,nan,0,nan,0,nan,0,nan,0,nan,0,nan,0
1597988290349657088,1597988290920000000,2020-08-21 13:38:10.920000,2297.0,2318.0,2284.0,2310.0,nan,2297.0,500053,11490115310.0,1156510,2297.0,1202,2296.0,1144,nan,0,nan,0,nan,0,nan,0,nan,0,nan,0,nan,0,nan,0
1597988290828450048,1597988291432000000,2020-08-21 13:38:11.432000,2297.0,2318.0,2284.0,2310.0,nan,2297.0,500064,11490367980.0,1156521,2297.0,1191,2296.0,1144,nan,0,nan,0,nan,0,nan,0,nan,0,nan,0,nan,0,nan,0
1597988291334109952,1597988291932000000,2020-08-21 13:38:11.932000,2297.0,2318.0,2284.0,2310.0,nan,2297.0,500065,11490390950.0,1156522,2297.0,1190,2296.0,1184,nan,0,nan,0,nan,0,nan,0,nan,0,nan,0,nan,0,nan,0
1597988291835661056,1597988292433000192,2020-08-21 13:38:12.433000,2297.0,2318.0,2284.0,2310.0,nan,2297.0,500066,11490413920.0,1156523,2297.0,1189,2296.0,1185,nan,0,nan,0,nan,0,nan,0,nan,0,nan,0,nan,0,nan,0
1597988292337336064,1597988292936000000,2020-08-21 13:38:12.936000,2297.0,2318.0,2284.0,2310.0,nan,2297.0,500066,11490413920.0,1156523,2297.0,1190,2296.0,1179,nan,0,nan,0,nan,0,nan,0,nan,0,nan,0,nan,0,nan,0
1597988292839916032,1597988293424999936,2020-08-21 13:38:13.425000,2297.0,2318.0,2284.0,2310.0,nan,2297.0,500071,11490528770.0,1156528,2297.0,1185,2296.0,1179,nan,0,nan,0,nan,0,nan,0,nan,0,nan,0,nan,0,nan,0
1597988293351809024,1597988293924000000,2020-08-21 13:38:13.924000,2297.0,2318.0,2284.0,2310.0,nan,2297.0,500082,11490781440.0,1156522,2297.0,1174,2296.0,1179,nan,0,nan,0,nan,0,nan,0,nan,0,nan,0,nan,0,nan,0
1597988293827299072,1597988294430000128,2020-08-21 13:38:14.430000,2297.0,2318.0,2284.0,2310.0,nan,2297.0,500085,11490850340.0,1156522,2297.0,1172,2296.0,1184,nan,0,nan,0,nan,0,nan,0,nan,0,nan,0,nan,0,nan,0
1597988294828007936,1597988295438999808,2020-08-21 13:38:15.439000,2297.0,2318.0,2284.0,2310.0,nan,2297.0,500085,11490850340.0,1156522,2297.0,1172,2296.0,1170,nan,0,nan,0,nan,0,nan,0,nan,0,nan,0,nan,0,nan,0
1597988295333982976,1597988295918999808,2020-08-21 13:38:15.919000,2297.0,2318.0,2284.0,2310.0,nan,2297.0,500085,11490850340.0,1156522,2297.0,1172,2296.0,1187,nan,0,nan,0,nan,0,nan,0,nan,0,nan,0,nan,0,nan,0
1597988295838512128,1597988296356000000,2020-08-21 13:38:16.356000,2297.0,2318.0,2284.0,2310.0,nan,2297.0,500085,11490850340.0,1156522,2297.0,1173,2296.0,1187,nan,0,nan,0,nan,0,nan,0,nan,0,nan,0,nan,0,nan,0
1597988296335548928,1597988296903000064,2020-08-21 13:38:16.903000,2297.0,2318.0,2284.0,2310.0,nan,2297.0,500087,11490896270.0,1156521,2297.0,1174,2296.0,1186,nan,0,nan,0,nan,0,nan,0,nan,0,nan,0,nan,0,nan,0
1597988297827636992,1597988298433000192,2020-08-21 13:38:18.433000,2296.0,2318.0,2284.0,2310.0,nan,2297.0,500088,11490919230.0,1156520,2297.0,1155,2296.0,1170,nan,0,nan,0,nan,0,nan,0,nan,0,nan,0,nan,0,nan,0
1597988298327055872,1597988298823000064,2020-08-21 13:38:18.823000,2297.0,2318.0,2284.0,2310.0,nan,2297.0,500089,11490942200.0,1156520,2297.0,1150,2296.0,1185,nan,0,nan,0,nan,0,nan,0,nan,0,nan,0,nan,0,nan,0
1597988299347008000,1597988299877000192,2020-08-21 13:38:19.877000,2296.0,2318.0,2284.0,2310.0,nan,2297.0,500091,11490988120.0,1156520,2297.0,1150,2296.0,1183,nan,0,nan,0,nan,0,nan,0,nan,0,nan,0,nan,0,nan,0
1597988300338093056,1597988300813999872,2020-08-21 13:38:20.814000,2296.0,2318.0,2284.0,2310.0,nan,2297.0,500091,11490988120.0,1156520,2297.0,1151,2296.0,1187,nan,0,nan,0,nan,0,nan,0,nan,0,nan,0,nan,0,nan,0
1597988302354827008,1597988302921999872,2020-08-21 13:38:22.922000,2296.0,2318.0,2284.0,2310.0,nan,2297.0,500091,11490988120.0,1156520,2297.0,1153,2296.0,1187,nan,0,nan,0,nan,0,nan,0,nan,0,nan,0,nan,0,nan,0
1597988302833227008,1597988303398000128,2020-08-21 13:38:23.398000,2297.0,2318.0,2284.0,2310.0,nan,2297.0,500092,11491011090.0,1156520,2297.0,1052,2296.0,1188,nan,0,nan,0,nan,0,nan,0,nan,0,nan,0,nan,0,nan,0
1597988303326088960,1597988303917999872,2020-08-21 13:38:23.918000,2297.0,2318.0,2284.0,2310.0,nan,2297.0,500092,11491011090.0,1156520,2297.0,1054,2296.0,1188,nan,0,nan,0,nan,0,nan,0,nan,0,nan,0,nan,0,nan,0
1597988303852018944,1597988304324999936,2020-08-21 13:38:24.325000,2297.0,2318.0,2284.0,2310.0,nan,2297.0,500097,11491125940.0,1156520,2297.0,1050,2296.0,1188,nan,0,nan,0,nan,0,nan,0,nan,0,nan,0,nan,0,nan,0
1597988304835394048,1597988305433000192,2020-08-21 13:38:25.433000,2297.0,2318.0,2284.0,2310.0,nan,2297.0,500097,11491125940.0,1156520,2297.0,1050,2296.0,1181,nan,0,nan,0,nan,0,nan,0,nan,0,nan,0,nan,0,nan,0
1597988305824665088,1597988306417999872,2020-08-21 13:38:26.418000,2297.0,2318.0,2284.0,2310.0,nan,2297.0,500097,11491125940.0,1156520,2297.0,1060,2296.0,1181,nan,0,nan,0,nan,0,nan,0,nan,0,nan,0,nan,0,nan,0
1597988306336833024,1597988306842000128,2020-08-21 13:38:26.842000,2297.0,2318.0,2284.0,2310.0,nan,2297.0,500097,11491125940.0,1156520,2297.0,1062,2296.0,1182,nan,0,nan,0,nan,0,nan,0,nan,0,nan,0,nan,0,nan,0
1597988306828069888,1597988307398000128,2020-08-21 13:38:27.398000,2296.0,2318.0,2284.0,2310.0,nan,2297.0,500107,11491355540.0,1156520,2297.0,1062,2296.0,1172,nan,0,nan,0,nan,0,nan,0,nan,0,nan,0,nan,0,nan,0
1597988307330080000,1597988307880000000,2020-08-21 13:38:27.880000,2296.0,2318.0,2284.0,2310.0,nan,2297.0,500107,11491355540.0,1156520,2297.0,1061,2296.0,1165,nan,0,nan,0,nan,0,nan,0,nan,0,nan,0,nan,0,nan,0
1597988307834895872,1597988308432000000,2020-08-21 13:38:28.432000,2296.0,2318.0,2284.0,2310.0,nan,2297.0,500107,11491355540.0,1156520,2297.0,1061,2296.0,1216,nan,0,nan,0,nan,0,nan,0,nan,0,nan,0,nan,0,nan,0
1597988308414544896,1597988308936999936,2020-08-21 13:38:28.937000,2297.0,2318.0,2284.0,2310.0,nan,2297.0,500113,11491493360.0,1156525,2297.0,1054,2296.0,1220,nan,0,nan,0,nan,0,nan,0,nan,0,nan,0,nan,0,nan,0
1597988308830198016,1597988309289999872,2020-08-21 13:38:29.290000,2296.0,2318.0,2284.0,2310.0,nan,2297.0,500191,11493285010.0,1156567,2297.0,977,2296.0,1213,nan,0,nan,0,nan,0,nan,0,nan,0,nan,0,nan,0,nan,0
1597988309347909888,1597988309913000192,2020-08-21 13:38:29.913000,2297.0,2318.0,2284.0,2310.0,nan,2297.0,500192,11493307980.0,1156567,2297.0,976,2296.0,1221,nan,0,nan,0,nan,0,nan,0,nan,0,nan,0,nan,0,nan,0
1597988309967450112,1597988310433000192,2020-08-21 13:38:30.433000,2297.0,2318.0,2284.0,2310.0,nan,2297.0,500193,11493330950.0,1156566,2297.0,966,2296.0,1221,nan,0,nan,0,nan,0,nan,0,nan,0,nan,0,nan,0,nan,0
1597988310484209920,1597988310903000064,2020-08-21 13:38:30.903000,2297.0,2318.0,2284.0,2310.0,nan,2297.0,500194,11493353920.0,1156566,2297.0,966,2296.0,1221,nan,0,nan,0,nan,0,nan,0,nan,0,nan,0,nan,0,nan,0
1597988310858672128,1597988311380999936,2020-08-21 13:38:31.381000,2297.0,2318.0,2284.0,2310.0,nan,2297.0,500194,11493353920.0,1156566,2297.0,966,2296.0,1222,nan,0,nan,0,nan,0,nan,0,nan,0,nan,0,nan,0,nan,0
1597988311360355072,1597988311936000000,2020-08-21 13:38:31.936000,2297.0,2318.0,2284.0,2310.0,nan,2297.0,500194,11493353920.0,1156566,2297.0,971,2296.0,1222,nan,0,nan,0,nan,0,nan,0,nan,0,nan,0,nan,0,nan,0
1597988311826479104,1597988312433000192,2020-08-21 13:38:32.433000,2297.0,2318.0,2284.0,2310.0,nan,2297.0,500197,11493422830.0,1156565,2297.0,969,2296.0,1221,nan,0,nan,0,nan,0,nan,0,nan,0,nan,0,nan,0,nan,0
1597988312334642944,1597988312916999936,2020-08-21 13:38:32.917000,2297.0,2318.0,2284.0,2310.0,nan,2297.0,500209,11493698360.0,1156565,2297.0,968,2296.0,1210,nan,0,nan,0,nan,0,nan,0,nan,0,nan,0,nan,0,nan,0
1597988312835672064,1597988313424000000,2020-08-21 13:38:33.424000,2297.0,2318.0,2284.0,2310.0,nan,2297.0,500209,11493698360.0,1156565,2297.0,979,2296.0,1210,nan,0,nan,0,nan,0,nan,0,nan,0,nan,0,nan,0,nan,0
1597988313339219968,1597988313927000064,2020-08-21 13:38:33.927000,2296.0,2318.0,2284.0,2310.0,nan,2297.0,500210,11493721320.0,1156565,2297.0,979,2296.0,1209,nan,0,nan,0,nan,0,nan,0,nan,0,nan,0,nan,0,nan,0
1597988314328836096,1597988314828999936,2020-08-21 13:38:34.829000,2296.0,2318.0,2284.0,2310.0,nan,2297.0,500210,11493721320.0,1156565,2297.0,979,2296.0,1208,nan,0,nan,0,nan,0,nan,0,nan,0,nan,0,nan,0,nan,0
1597988314826107904,1597988315326999808,2020-08-21 13:38:35.327000,2296.0,2318.0,2284.0,2310.0,nan,2297.0,500210,11493721320.0,1156565,2297.0,981,2296.0,1207,nan,0,nan,0,nan,0,nan,0,nan,0,nan,0,nan,0,nan,0
1597988315834493952,1597988316382999808,2020-08-21 13:38:36.383000,2297.0,2318.0,2284.0,2310.0,nan,2297.0,500211,11493744290.0,1156564,2297.0,982,2296.0,1207,nan,0,nan,0,nan,0,nan,0,nan,0,nan,0,nan,0,nan,0
1597988316327628032,1597988316920999936,2020-08-21 13:38:36.921000,2296.0,2318.0,2284.0,2310.0,nan,2297.0,500212,11493767250.0,1156564,2297.0,983,2296.0,1206,nan,0,nan,0,nan,0,nan,0,nan,0,nan,0,nan,0,nan,0
1597988316824011008,1597988317380999936,2020-08-21 13:38:37.381000,2296.0,2318.0,2284.0,2310.0,nan,2297.0,500213,11493790210.0,1156564,2297.0,983,2296.0,1205,nan,0,nan,0,nan,0,nan,0,nan,0,nan,0,nan,0,nan,0
1597988317825421056,1597988318420999936,2020-08-21 13:38:38.421000,2297.0,2318.0,2284.0,2310.0,nan,2297.0,500214,11493813180.0,1156564,2297.0,981,2296.0,1221,nan,0,nan,0,nan,0,nan,0,nan,0,nan,0,nan,0,nan,0
1597988318334659072,1597988318844999936,2020-08-21 13:38:38.845000,2297.0,2318.0,2284.0,2310.0,nan,2297.0,500217,11493882090.0,1156561,2297.0,978,2296.0,1221,nan,0,nan,0,nan,0,nan,0,nan,0,nan,0,nan,0,nan,0
1597988318839305984,1597988319398000128,2020-08-21 13:38:39.398000,2297.0,2318.0,2284.0,2310.0,nan,2297.0,500220,11493951000.0,1156561,2297.0,975,2296.0,1226,nan,0,nan,0,nan,0,nan,0,nan,0,nan,0,nan,0,nan,0
1597988319340210944,1597988319927000064,2020-08-21 13:38:39.927000,2297.0,2318.0,2284.0,2310.0,nan,2297.0,500220,11493951000.0,1156561,2297.0,976,2296.0,1211,nan,0,nan,0,nan,0,nan,0,nan,0,nan,0,nan,0,nan,0
1597988319829319936,1597988320407000064,2020-08-21 13:38:40.407000,2297.0,2318.0,2284.0,2310.0,nan,2297.0,500220,11493951000.0,1156561,2297.0,976,2296.0,1226,nan,0,nan,0,nan,0,nan,0,nan,0,nan,0,nan,0,nan,0
1597988320359817984,1597988320921999872,2020-08-21 13:38:40.922000,2296.0,2318.0,2284.0,2310.0,nan,2297.0,500221,11493973960.0,1156561,2297.0,976,2296.0,1225,nan,0,nan,0,nan,0,nan,0,nan,0,nan,0,nan,0,nan,0
1597988320827798016,1597988321404000000,2020-08-21 13:38:41.404000,2296.0,2318.0,2284.0,2310.0,nan,2297.0,500225,11494065800.0,1156557,2297.0,996,2296.0,1221,nan,0,nan,0,nan,0,nan,0,nan,0,nan,0,nan,0,nan,0
1597988321336692992,1597988321938999808,2020-08-21 13:38:41.939000,2296.0,2318.0,2284.0,2310.0,nan,2297.0,500225,11494065800.0,1156557,2297.0,997,2296.0,1221,nan,0,nan,0,nan,0,nan,0,nan,0,nan,0,nan,0,nan,0
1597988321827942912,1597988322233999872,2020-08-21 13:38:42.234000,2296.0,2318.0,2284.0,2310.0,nan,2297.0,500225,11494065800.0,1156557,2297.0,997,2296.0,1223,nan,0,nan,0,nan,0,nan,0,nan,0,nan,0,nan,0,nan,0
1597988322325905920,1597988322844999936,2020-08-21 13:38:42.845000,2296.0,2318.0,2284.0,2310.0,nan,2297.0,500225,11494065800.0,1156557,2297.0,998,2296.0,1223,nan,0,nan,0,nan,0,nan,0,nan,0,nan,0,nan,0,nan,0
1597988322826189056,1597988323428999936,2020-08-21 13:38:43.429000,2297.0,2318.0,2284.0,2310.0,nan,2297.0,500229,11494157680.0,1156557,2297.0,995,2296.0,1223,nan,0,nan,0,nan,0,nan,0,nan,0,nan,0,nan,0,nan,0
1597988323355869952,1597988323920000000,2020-08-21 13:38:43.920000,2297.0,2318.0,2284.0,2310.0,nan,2297.0,500229,11494157680.0,1156557,2297.0,995,2296.0,1218,nan,0,nan,0,nan,0,nan,0,nan,0,nan,0,nan,0,nan,0
1597988323834296064,1597988324356000000,2020-08-21 13:38:44.356000,2297.0,2318.0,2284.0,2310.0,nan,2297.0,500229,11494157680.0,1156557,2297.0,995,2296.0,1218,nan,0,nan,0,nan,0,nan,0,nan,0,nan,0,nan,0,nan,0
1597988324325224960,1597988324762000128,2020-08-21 13:38:44.762000,2297.0,2318.0,2284.0,2310.0,nan,2297.0,500229,11494157680.0,1156557,2297.0,995,2296.0,1219,nan,0,nan,0,nan,0,nan,0,nan,0,nan,0,nan,0,nan,0
1597988324831364096,1597988325355000064,2020-08-21 13:38:45.355000,2297.0,2318.0,2284.0,2310.0,nan,2297.0,500239,11494387380.0,1156557,2297.0,984,2296.0,1219,nan,0,nan,0,nan,0,nan,0,nan,0,nan,0,nan,0,nan,0
1597988325403845120,1597988325842999808,2020-08-21 13:38:45.843000,2297.0,2318.0,2284.0,2310.0,nan,2297.0,500239,11494387380.0,1156557,2297.0,987,2296.0,1219,nan,0,nan,0,nan,0,nan,0,nan,0,nan,0,nan,0,nan,0
1597988325880318976,1597988326380999936,2020-08-21 13:38:46.381000,2297.0,2318.0,2284.0,2310.0,nan,2297.0,500239,11494387380.0,1156557,2297.0,987,2296.0,1218,nan,0,nan,0,nan,0,nan,0,nan,0,nan,0,nan,0,nan,0
1597988326412658944,1597988326875000064,2020-08-21 13:38:46.875000,2297.0,2318.0,2284.0,2310.0,nan,2297.0,500270,11495099450.0,1156583,2297.0,956,2296.0,1218,nan,0,nan,0,nan,0,nan,0,nan,0,nan,0,nan,0,nan,0
1597988326840527104,1597988327355000064,2020-08-21 13:38:47.355000,2297.0,2318.0,2284.0,2310.0,nan,2297.0,500271,11495122420.0,1156583,2297.0,955,2296.0,1218,nan,0,nan,0,nan,0,nan,0,nan,0,nan,0,nan,0,nan,0
1597988327426507008,1597988327923000064,2020-08-21 13:38:47.923000,2296.0,2318.0,2284.0,2310.0,nan,2297.0,500274,11495191320.0,1156584,2297.0,953,2296.0,1217,nan,0,nan,0,nan,0,nan,0,nan,0,nan,0,nan,0,nan,0
1597988327907275008,1597988328431000064,2020-08-21 13:38:48.431000,2297.0,2318.0,2284.0,2310.0,nan,2297.0,500276,11495237260.0,1156586,2297.0,951,2296.0,1218,nan,0,nan,0,nan,0,nan,0,nan,0,nan,0,nan,0,nan,0
1597988328852858880,1597988329380999936,2020-08-21 13:38:49.381000,2297.0,2318.0,2284.0,2310.0,nan,2297.0,500278,11495283200.0,1156588,2297.0,949,2296.0,1218,nan,0,nan,0,nan,0,nan,0,nan,0,nan,0,nan,0,nan,0
1597988330346416128,1597988330931000064,2020-08-21 13:38:50.931000,2297.0,2318.0,2284.0,2310.0,nan,2297.0,500278,11495283200.0,1156588,2297.0,951,2296.0,1218,nan,0,nan,0,nan,0,nan,0,nan,0,nan,0,nan,0,nan,0
1597988330839079936,1597988331320000000,2020-08-21 13:38:51.320000,2297.0,2318.0,2284.0,2310.0,nan,2297.0,500278,11495283200.0,1156588,2297.0,953,2296.0,1218,nan,0,nan,0,nan,0,nan,0,nan,0,nan,0,nan,0,nan,0
1597988331332733952,1597988331869999872,2020-08-21 13:38:51.870000,2297.0,2318.0,2284.0,2310.0,nan,2297.0,500279,11495306170.0,1156589,2297.0,944,2296.0,1218,nan,0,nan,0,nan,0,nan,0,nan,0,nan,0,nan,0,nan,0
1597988331823162112,1597988332421999872,2020-08-21 13:38:52.422000,2297.0,2318.0,2284.0,2310.0,nan,2297.0,500280,11495329140.0,1156590,2297.0,943,2296.0,1217,nan,0,nan,0,nan,0,nan,0,nan,0,nan,0,nan,0,nan,0
1597988333341437952,1597988333879000064,2020-08-21 13:38:53.879000,2297.0,2318.0,2284.0,2310.0,nan,2297.0,500280,11495329140.0,1156590,2297.0,944,2296.0,1216,nan,0,nan,0,nan,0,nan,0,nan,0,nan,0,nan,0,nan,0
1597988334847691008,1597988335376000000,2020-08-21 13:38:55.376000,2297.0,2318.0,2284.0,2310.0,nan,2297.0,500280,11495329140.0,1156590,2297.0,944,2296.0,1217,nan,0,nan,0,nan,0,nan,0,nan,0,nan,0,nan,0,nan,0
1597988335824687104,1597988336357000192,2020-08-21 13:38:56.357000,2296.0,2318.0,2284.0,2310.0,nan,2297.0,500281,11495352100.0,1156591,2297.0,945,2296.0,1216,nan,0,nan,0,nan,0,nan,0,nan,0,nan,0,nan,0,nan,0
1597988336334757120,1597988336936000000,2020-08-21 13:38:56.936000,2297.0,2318.0,2284.0,2310.0,nan,2297.0,500283,11495398040.0,1156591,2297.0,943,2296.0,1216,nan,0,nan,0,nan,0,nan,0,nan,0,nan,0,nan,0,nan,0
1597988336862792960,1597988337336000000,2020-08-21 13:38:57.336000,2297.0,2318.0,2284.0,2310.0,nan,2297.0,500284,11495421010.0,1156592,2297.0,943,2296.0,1216,nan,0,nan,0,nan,0,nan,0,nan,0,nan,0,nan,0,nan,0
1597988339370626048,1597988339884000000,2020-08-21 13:38:59.884000,2297.0,2318.0,2284.0,2310.0,nan,2297.0,500285,11495443980.0,1156593,2297.0,943,2296.0,1216,nan,0,nan,0,nan,0,nan,0,nan,0,nan,0,nan,0,nan,0
1597988339828205056,1597988340432000000,2020-08-21 13:39:00.432000,2297.0,2318.0,2284.0,2310.0,nan,2297.0,500285,11495443980.0,1156593,2297.0,962,2296.0,1216,nan,0,nan,0,nan,0,nan,0,nan,0,nan,0,nan,0,nan,0
1597988340333300992,1597988340924000000,2020-08-21 13:39:00.924000,2297.0,2318.0,2284.0,2310.0,nan,2297.0,500285,11495443980.0,1156593,2297.0,963,2296.0,1216,nan,0,nan,0,nan,0,nan,0,nan,0,nan,0,nan,0,nan,0
1597988340850397952,1597988341415000064,2020-08-21 13:39:01.415000,2297.0,2318.0,2284.0,2310.0,nan,2297.0,500323,11496316840.0,1156593,2297.0,925,2296.0,1216,nan,0,nan,0,nan,0,nan,0,nan,0,nan,0,nan,0,nan,0
1597988341888982016,1597988342410000128,2020-08-21 13:39:02.410000,2297.0,2318.0,2284.0,2310.0,nan,2297.0,500324,11496339810.0,1156594,2297.0,924,2296.0,1216,nan,0,nan,0,nan,0,nan,0,nan,0,nan,0,nan,0,nan,0
1597988342345008128,1597988342924999936,2020-08-21 13:39:02.925000,2297.0,2318.0,2284.0,2310.0,nan,2297.0,500339,11496684360.0,1156594,2297.0,910,2296.0,1216,nan,0,nan,0,nan,0,nan,0,nan,0,nan,0,nan,0,nan,0
1597988342830777088,1597988343435000064,2020-08-21 13:39:03.435000,2297.0,2318.0,2284.0,2310.0,nan,2297.0,500339,11496684360.0,1156594,2297.0,907,2296.0,1216,nan,0,nan,0,nan,0,nan,0,nan,0,nan,0,nan,0,nan,0
1597988343336872960,1597988343846999808,2020-08-21 13:39:03.847000,2297.0,2318.0,2284.0,2310.0,nan,2297.0,500340,11496707330.0,1156595,2297.0,906,2296.0,1209,nan,0,nan,0,nan,0,nan,0,nan,0,nan,0,nan,0,nan,0
1597988344381721088,1597988344901999872,2020-08-21 13:39:04.902000,2297.0,2318.0,2284.0,2310.0,nan,2297.0,500340,11496707330.0,1156595,2297.0,907,2296.0,1209,nan,0,nan,0,nan,0,nan,0,nan,0,nan,0,nan,0,nan,0
1597988344962065920,1597988345416999936,2020-08-21 13:39:05.417000,2297.0,2318.0,2284.0,2310.0,nan,2297.0,500340,11496707330.0,1156595,2297.0,908,2296.0,1209,nan,0,nan,0,nan,0,nan,0,nan,0,nan,0,nan,0,nan,0
1597988345883991040,1597988346420999936,2020-08-21 13:39:06.421000,2296.0,2318.0,2284.0,2310.0,nan,2297.0,500348,11496891010.0,1156603,2297.0,908,2296.0,1201,nan,0,nan,0,nan,0,nan,0,nan,0,nan,0,nan,0,nan,0
1597988346421531904,1597988346857000192,2020-08-21 13:39:06.857000,2296.0,2318.0,2284.0,2310.0,nan,2297.0,500356,11497074690.0,1156603,2297.0,908,2296.0,1202,nan,0,nan,0,nan,0,nan,0,nan,0,nan,0,nan,0,nan,0
1597988347404912896,1597988347923000064,2020-08-21 13:39:07.923000,2296.0,2318.0,2284.0,2310.0,nan,2297.0,500368,11497350290.0,1156615,2297.0,901,2296.0,1193,nan,0,nan,0,nan,0,nan,0,nan,0,nan,0,nan,0,nan,0
1597988347824769024,1597988348233999872,2020-08-21 13:39:08.234000,2296.0,2318.0,2284.0,2310.0,nan,2297.0,500368,11497350290.0,1156615,2297.0,902,2296.0,1193,nan,0,nan,0,nan,0,nan,0,nan,0,nan,0,nan,0,nan,0
1597988348345530880,1597988348896000000,2020-08-21 13:39:08.896000,2297.0,2318.0,2284.0,2310.0,nan,2297.0,500373,11497465140.0,1156617,2297.0,897,2296.0,1193,nan,0,nan,0,nan,0,nan,0,nan,0,nan,0,nan,0,nan,0
1597988349334771968,1597988349898000128,2020-08-21 13:39:09.898000,2297.0,2318.0,2284.0,2310.0,nan,2297.0,500373,11497465140.0,1156617,2297.0,904,2296.0,1193,nan,0,nan,0,nan,0,nan,0,nan,0,nan,0,nan,0,nan,0
1597988349838729984,1597988350412000000,2020-08-21 13:39:10.412000,2297.0,2318.0,2284.0,2310.0,nan,2297.0,500373,11497465140.0,1156617,2297.0,906,2296.0,1193,nan,0,nan,0,nan,0,nan,0,nan,0,nan,0,nan,0,nan,0
1597988350414704128,1597988350888000000,2020-08-21 13:39:10.888000,2297.0,2318.0,2284.0,2310.0,nan,2297.0,500374,11497488110.0,1156617,2297.0,905,2296.0,1193,nan,0,nan,0,nan,0,nan,0,nan,0,nan,0,nan,0,nan,0
1597988350897235968,1597988351400000000,2020-08-21 13:39:11.400000,2297.0,2318.0,2284.0,2310.0,nan,2297.0,500376,11497534050.0,1156616,2297.0,903,2296.0,1193,nan,0,nan,0,nan,0,nan,0,nan,0,nan,0,nan,0,nan,0
1597988351331127040,1597988351935000064,2020-08-21 13:39:11.935000,2296.0,2318.0,2284.0,2310.0,nan,2297.0,500379,11497602940.0,1156616,2297.0,903,2296.0,1191,nan,0,nan,0,nan,0,nan,0,nan,0,nan,0,nan,0,nan,0
1597988351828161024,1597988352324999936,2020-08-21 13:39:12.325000,2296.0,2318.0,2284.0,2310.0,nan,2297.0,500380,11497625900.0,1156617,2297.0,903,2296.0,1190,nan,0,nan,0,nan,0,nan,0,nan,0,nan,0,nan,0,nan,0
1597988353340092928,1597988353865999872,2020-08-21 13:39:13.866000,2296.0,2318.0,2284.0,2310.0,nan,2297.0,500380,11497625900.0,1156617,2297.0,902,2296.0,1190,nan,0,nan,0,nan,0,nan,0,nan,0,nan,0,nan,0,nan,0
1597988353835607040,1597988354378000128,2020-08-21 13:39:14.378000,2296.0,2318.0,2284.0,2310.0,nan,2297.0,500380,11497625900.0,1156617,2297.0,902,2296.0,1191,nan,0,nan,0,nan,0,nan,0,nan,0,nan,0,nan,0,nan,0
1597988354327163904,1597988354903000064,2020-08-21 13:39:14.903000,2296.0,2318.0,2284.0,2310.0,nan,2297.0,500380,11497625900.0,1156617,2297.0,902,2296.0,1192,nan,0,nan,0,nan,0,nan,0,nan,0,nan,0,nan,0,nan,0
1597988355833150976,1597988356431000064,2020-08-21 13:39:16.431000,2296.0,2318.0,2284.0,2310.0,nan,2297.0,500380,11497625900.0,1156617,2297.0,902,2296.0,1194,nan,0,nan,0,nan,0,nan,0,nan,0,nan,0,nan,0,nan,0
1597988356355386880,1597988356920999936,2020-08-21 13:39:16.921000,2297.0,2318.0,2284.0,2310.0,nan,2297.0,500381,11497648870.0,1156617,2297.0,901,2296.0,1195,nan,0,nan,0,nan,0,nan,0,nan,0,nan,0,nan,0,nan,0
1597988356825084928,1597988357328999936,2020-08-21 13:39:17.329000,2297.0,2318.0,2284.0,2310.0,nan,2297.0,500383,11497694810.0,1156618,2297.0,899,2296.0,1196,nan,0,nan,0,nan,0,nan,0,nan,0,nan,0,nan,0,nan,0
1597988358354501888,1597988358892000000,2020-08-21 13:39:18.892000,2296.0,2318.0,2284.0,2310.0,nan,2297.0,500384,11497717770.0,1156619,2297.0,893,2296.0,1196,nan,0,nan,0,nan,0,nan,0,nan,0,nan,0,nan,0,nan,0
1597988358825517056,1597988359382999808,2020-08-21 13:39:19.383000,2296.0,2318.0,2284.0,2310.0,nan,2297.0,500385,11497740730.0,1156620,2297.0,900,2296.0,1194,nan,0,nan,0,nan,0,nan,0,nan,0,nan,0,nan,0,nan,0
1597988359342974976,1597988359920000000,2020-08-21 13:39:19.920000,2297.0,2318.0,2284.0,2310.0,nan,2297.0,500386,11497763700.0,1156620,2297.0,897,2296.0,1194,nan,0,nan,0,nan,0,nan,0,nan,0,nan,0,nan,0,nan,0
1597988359844246016,1597988360408999936,2020-08-21 13:39:20.409000,2297.0,2318.0,2284.0,2310.0,nan,2297.0,500386,11497763700.0,1156620,2297.0,899,2296.0,1194,nan,0,nan,0,nan,0,nan,0,nan,0,nan,0,nan,0,nan,0
1597988360327991040,1597988360824000000,2020-08-21 13:39:20.824000,2297.0,2318.0,2284.0,2310.0,nan,2297.0,500386,11497763700.0,1156620,2297.0,902,2296.0,1194,nan,0,nan,0,nan,0,nan,0,nan,0,nan,0,nan,0,nan,0
1597988360827144960,1597988361430000128,2020-08-21 13:39:21.430000,2297.0,2318.0,2284.0,2310.0,nan,2297.0,500386,11497763700.0,1156620,2297.0,912,2296.0,1194,nan,0,nan,0,nan,0,nan,0,nan,0,nan,0,nan,0,nan,0
1597988361326980096,1597988361864000000,2020-08-21 13:39:21.864000,2297.0,2318.0,2284.0,2310.0,nan,2297.0,500386,11497763700.0,1156620,2297.0,917,2296.0,1194,nan,0,nan,0,nan,0,nan,0,nan,0,nan,0,nan,0,nan,0
1597988361835428096,1597988362324000000,2020-08-21 13:39:22.324000,2296.0,2318.0,2284.0,2310.0,nan,2297.0,500388,11497809620.0,1156622,2297.0,917,2296.0,1192,nan,0,nan,0,nan,0,nan,0,nan,0,nan,0,nan,0,nan,0
1597988362348291072,1597988362900999936,2020-08-21 13:39:22.901000,2296.0,2318.0,2284.0,2310.0,nan,2297.0,500388,11497809620.0,1156622,2297.0,919,2296.0,1177,nan,0,nan,0,nan,0,nan,0,nan,0,nan,0,nan,0,nan,0
1597988362822991104,1597988363433000192,2020-08-21 13:39:23.433000,2296.0,2318.0,2284.0,2310.0,nan,2297.0,500388,11497809620.0,1156622,2297.0,919,2296.0,1192,nan,0,nan,0,nan,0,nan,0,nan,0,nan,0,nan,0,nan,0
1597988364331245056,1597988364881999872,2020-08-21 13:39:24.882000,2296.0,2318.0,2284.0,2310.0,nan,2297.0,500388,11497809620.0,1156622,2297.0,918,2296.0,1192,nan,0,nan,0,nan,0,nan,0,nan,0,nan,0,nan,0,nan,0
1597988364827038976,1597988365420000000,2020-08-21 13:39:25.420000,2297.0,2318.0,2284.0,2310.0,nan,2297.0,500389,11497832590.0,1156623,2297.0,917,2296.0,1191,nan,0,nan,0,nan,0,nan,0,nan,0,nan,0,nan,0,nan,0
1597988365351069952,1597988365927000064,2020-08-21 13:39:25.927000,2296.0,2318.0,2284.0,2310.0,nan,2297.0,500390,11497855550.0,1156624,2297.0,917,2296.0,1202,nan,0,nan,0,nan,0,nan,0,nan,0,nan,0,nan,0,nan,0
1597988366328130048,1597988366823000064,2020-08-21 13:39:26.823000,2297.0,2318.0,2284.0,2310.0,nan,2297.0,500392,11497901480.0,1156625,2297.0,916,2296.0,1201,nan,0,nan,0,nan,0,nan,0,nan,0,nan,0,nan,0,nan,0
1597988366829818112,1597988367323000064,2020-08-21 13:39:27.323000,2297.0,2318.0,2284.0,2310.0,nan,2297.0,500392,11497901480.0,1156625,2297.0,917,2296.0,1201,nan,0,nan,0,nan,0,nan,0,nan,0,nan,0,nan,0,nan,0
1597988367332563968,1597988367828999936,2020-08-21 13:39:27.829000,2297.0,2318.0,2284.0,2310.0,nan,2297.0,500392,11497901480.0,1156625,2297.0,905,2296.0,1211,nan,0,nan,0,nan,0,nan,0,nan,0,nan,0,nan,0,nan,0
1597988367827283968,1597988368416000000,2020-08-21 13:39:28.416000,2296.0,2318.0,2284.0,2310.0,nan,2297.0,500397,11498016280.0,1156630,2297.0,899,2296.0,1206,nan,0,nan,0,nan,0,nan,0,nan,0,nan,0,nan,0,nan,0
1597988369326195968,1597988369829999872,2020-08-21 13:39:29.830000,2297.0,2318.0,2284.0,2310.0,nan,2297.0,500398,11498039250.0,1156631,2297.0,901,2296.0,1206,nan,0,nan,0,nan,0,nan,0,nan,0,nan,0,nan,0,nan,0
1597988369826212096,1597988370369999872,2020-08-21 13:39:30.370000,2297.0,2318.0,2284.0,2310.0,nan,2297.0,500398,11498039250.0,1156631,2297.0,902,2296.0,1206,nan,0,nan,0,nan,0,nan,0,nan,0,nan,0,nan,0,nan,0
1597988370343389952,1597988370898999808,2020-08-21 13:39:30.899000,2297.0,2318.0,2284.0,2310.0,nan,2297.0,500398,11498039250.0,1156631,2297.0,902,2296.0,1203,nan,0,nan,0,nan,0,nan,0,nan,0,nan,0,nan,0,nan,0
1597988371840992000,1597988372376000000,2020-08-21 13:39:32.376000,2296.0,2318.0,2284.0,2310.0,nan,2297.0,500400,11498085170.0,1156632,2297.0,909,2296.0,1201,nan,0,nan,0,nan,0,nan,0,nan,0,nan,0,nan,0,nan,0
1597988372324922880,1597988372787000064,2020-08-21 13:39:32.787000,2296.0,2318.0,2284.0,2310.0,nan,2297.0,500401,11498108130.0,1156633,2297.0,911,2296.0,1200,nan,0,nan,0,nan,0,nan,0,nan,0,nan,0,nan,0,nan,0
1597988373325213952,1597988373927000064,2020-08-21 13:39:33.927000,2296.0,2318.0,2284.0,2310.0,nan,2297.0,500401,11498108130.0,1156633,2297.0,911,2296.0,1200,nan,0,nan,0,nan,0,nan,0,nan,0,nan,0,nan,0,nan,0
1597988373823887872,1597988374382999808,2020-08-21 13:39:34.383000,2296.0,2318.0,2284.0,2310.0,nan,2297.0,500401,11498108130.0,1156633,2297.0,913,2296.0,1198,nan,0,nan,0,nan,0,nan,0,nan,0,nan,0,nan,0,nan,0
1597988374368212992,1597988374829999872,2020-08-21 13:39:34.830000,2296.0,2318.0,2284.0,2310.0,nan,2297.0,500401,11498108130.0,1156633,2297.0,913,2296.0,1199,nan,0,nan,0,nan,0,nan,0,nan,0,nan,0,nan,0,nan,0
1597988374839122944,1597988375405999872,2020-08-21 13:39:35.406000,2297.0,2318.0,2284.0,2310.0,nan,2297.0,500403,11498154070.0,1156635,2297.0,911,2296.0,1199,nan,0,nan,0,nan,0,nan,0,nan,0,nan,0,nan,0,nan,0
1597988375329177088,1597988375732000000,2020-08-21 13:39:35.732000,2297.0,2318.0,2284.0,2310.0,nan,2297.0,500403,11498154070.0,1156635,2297.0,912,2296.0,1199,nan,0,nan,0,nan,0,nan,0,nan,0,nan,0,nan,0,nan,0
1597988375822894080,1597988376240000000,2020-08-21 13:39:36.240000,2297.0,2318.0,2284.0,2310.0,nan,2297.0,500423,11498613470.0,1156655,2297.0,892,2296.0,1199,nan,0,nan,0,nan,0,nan,0,nan,0,nan,0,nan,0,nan,0
1597988376329981952,1597988376935000064,2020-08-21 13:39:36.935000,2297.0,2318.0,2284.0,2310.0,nan,2297.0,500424,11498636440.0,1156656,2297.0,891,2296.0,1199,nan,0,nan,0,nan,0,nan,0,nan,0,nan,0,nan,0,nan,0
1597988376838896896,1597988377382999808,2020-08-21 13:39:37.383000,2297.0,2318.0,2284.0,2310.0,nan,2297.0,500424,11498636440.0,1156656,2297.0,891,2296.0,1198,nan,0,nan,0,nan,0,nan,0,nan,0,nan,0,nan,0,nan,0
1597988377338981888,1597988377936000000,2020-08-21 13:39:37.936000,2296.0,2318.0,2284.0,2310.0,nan,2297.0,500425,11498659400.0,1156657,2297.0,892,2296.0,1196,nan,0,nan,0,nan,0,nan,0,nan,0,nan,0,nan,0,nan,0
1597988377823802880,1597988378420000000,2020-08-21 13:39:38.420000,2296.0,2318.0,2284.0,2310.0,nan,2297.0,500425,11498659400.0,1156657,2297.0,893,2296.0,1196,nan,0,nan,0,nan,0,nan,0,nan,0,nan,0,nan,0,nan,0
1597988378324070912,1597988378920999936,2020-08-21 13:39:38.921000,2296.0,2318.0,2284.0,2310.0,nan,2297.0,500425,11498659400.0,1156657,2297.0,893,2296.0,1224,nan,0,nan,0,nan,0,nan,0,nan,0,nan,0,nan,0,nan,0
1597988379326979072,1597988379928000000,2020-08-21 13:39:39.928000,2296.0,2318.0,2284.0,2310.0,nan,2297.0,500432,11498820180.0,1156658,2297.0,887,2296.0,1223,nan,0,nan,0,nan,0,nan,0,nan,0,nan,0,nan,0,nan,0
1597988379828403968,1597988380382999808,2020-08-21 13:39:40.383000,2297.0,2318.0,2284.0,2310.0,nan,2297.0,500438,11498958000.0,1156658,2297.0,881,2296.0,1227,nan,0,nan,0,nan,0,nan,0,nan,0,nan,0,nan,0,nan,0
1597988381827473920,1597988382348999936,2020-08-21 13:39:42.349000,2297.0,2318.0,2284.0,2310.0,nan,2297.0,500443,11499072850.0,1156658,2297.0,895,2296.0,1227,nan,0,nan,0,nan,0,nan,0,nan,0,nan,0,nan,0,nan,0
1597988382829605888,1597988383381999872,2020-08-21 13:39:43.382000,2297.0,2318.0,2284.0,2310.0,nan,2297.0,500443,11499072850.0,1156658,2297.0,877,2296.0,1287,nan,0,nan,0,nan,0,nan,0,nan,0,nan,0,nan,0,nan,0
1597988383349959936,1597988383874000128,2020-08-21 13:39:43.874000,2296.0,2318.0,2284.0,2310.0,nan,2297.0,500444,11499095810.0,1156658,2297.0,879,2296.0,1227,nan,0,nan,0,nan,0,nan,0,nan,0,nan,0,nan,0,nan,0
1597988383823557120,1597988384392000000,2020-08-21 13:39:44.392000,2296.0,2318.0,2284.0,2310.0,nan,2297.0,500444,11499095810.0,1156658,2297.0,889,2296.0,1227,nan,0,nan,0,nan,0,nan,0,nan,0,nan,0,nan,0,nan,0
1597988384327056896,1597988384832999936,2020-08-21 13:39:44.833000,2296.0,2318.0,2284.0,2310.0,nan,2297.0,500444,11499095810.0,1156658,2297.0,889,2296.0,1232,nan,0,nan,0,nan,0,nan,0,nan,0,nan,0,nan,0,nan,0
1597988384824884992,1597988385332000000,2020-08-21 13:39:45.332000,2296.0,2318.0,2284.0,2310.0,nan,2297.0,500444,11499095810.0,1156658,2297.0,890,2296.0,1232,nan,0,nan,0,nan,0,nan,0,nan,0,nan,0,nan,0,nan,0
1597988386338818048,1597988386720999936,2020-08-21 13:39:46.721000,2296.0,2318.0,2284.0,2310.0,nan,2297.0,500444,11499095810.0,1156658,2297.0,888,2296.0,1231,nan,0,nan,0,nan,0,nan,0,nan,0,nan,0,nan,0,nan,0
1597988386825113088,1597988387396000000,2020-08-21 13:39:47.396000,2297.0,2318.0,2284.0,2310.0,nan,2297.0,500446,11499141750.0,1156660,2297.0,910,2296.0,1216,nan,0,nan,0,nan,0,nan,0,nan,0,nan,0,nan,0,nan,0
1597988387324968960,1597988387829999872,2020-08-21 13:39:47.830000,2297.0,2318.0,2284.0,2310.0,nan,2297.0,500446,11499141750.0,1156660,2297.0,910,2296.0,1231,nan,0,nan,0,nan,0,nan,0,nan,0,nan,0,nan,0,nan,0
1597988387833719040,1597988388401999872,2020-08-21 13:39:48.402000,2297.0,2318.0,2284.0,2310.0,nan,2297.0,500449,11499210660.0,1156660,2297.0,915,2296.0,1231,nan,0,nan,0,nan,0,nan,0,nan,0,nan,0,nan,0,nan,0
1597988388327350016,1597988388908999936,2020-08-21 13:39:48.909000,2296.0,2318.0,2284.0,2310.0,nan,2297.0,500452,11499279550.0,1156661,2297.0,914,2296.0,1228,nan,0,nan,0,nan,0,nan,0,nan,0,nan,0,nan,0,nan,0
1597988388824997120,1597988389374000128,2020-08-21 13:39:49.374000,2297.0,2318.0,2284.0,2310.0,nan,2297.0,500482,11499968650.0,1156691,2297.0,886,2296.0,1228,nan,0,nan,0,nan,0,nan,0,nan,0,nan,0,nan,0,nan,0
1597988389341840896,1597988389934000128,2020-08-21 13:39:49.934000,2297.0,2318.0,2284.0,2310.0,nan,2297.0,500482,11499968650.0,1156691,2297.0,886,2296.0,1229,nan,0,nan,0,nan,0,nan,0,nan,0,nan,0,nan,0,nan,0
1597988389833924096,1597988390432000000,2020-08-21 13:39:50.432000,2297.0,2318.0,2284.0,2310.0,nan,2297.0,500483,11499991620.0,1156692,2297.0,885,2296.0,1213,nan,0,nan,0,nan,0,nan,0,nan,0,nan,0,nan,0,nan,0
1597988390328900096,1597988390937999872,2020-08-21 13:39:50.938000,2297.0,2318.0,2284.0,2310.0,nan,2297.0,500486,11500060530.0,1156695,2297.0,882,2296.0,1227,nan,0,nan,0,nan,0,nan,0,nan,0,nan,0,nan,0,nan,0
1597988391826092032,1597988392382999808,2020-08-21 13:39:52.383000,2296.0,2318.0,2284.0,2310.0,nan,2297.0,500487,11500083490.0,1156695,2297.0,882,2296.0,1226,nan,0,nan,0,nan,0,nan,0,nan,0,nan,0,nan,0,nan,0
1597988392344072960,1597988392930000128,2020-08-21 13:39:52.930000,2296.0,2318.0,2284.0,2310.0,nan,2297.0,500487,11500083490.0,1156695,2297.0,883,2296.0,1226,nan,0,nan,0,nan,0,nan,0,nan,0,nan,0,nan,0,nan,0
1597988392836184064,1597988393432000000,2020-08-21 13:39:53.432000,2297.0,2318.0,2284.0,2310.0,nan,2297.0,500488,11500106460.0,1156696,2297.0,880,2296.0,1226,nan,0,nan,0,nan,0,nan,0,nan,0,nan,0,nan,0,nan,0
1597988393837928960,1597988394424999936,2020-08-21 13:39:54.425000,2297.0,2318.0,2284.0,2310.0,nan,2297.0,500488,11500106460.0,1156696,2297.0,880,2296.0,1227,nan,0,nan,0,nan,0,nan,0,nan,0,nan,0,nan,0,nan,0
1597988394830296064,1597988395382999808,2020-08-21 13:39:55.383000,2297.0,2318.0,2284.0,2310.0,nan,2297.0,500489,11500129430.0,1156697,2297.0,879,2296.0,1227,nan,0,nan,0,nan,0,nan,0,nan,0,nan,0,nan,0,nan,0
1597988395370910976,1597988395903000064,2020-08-21 13:39:55.903000,2297.0,2318.0,2284.0,2310.0,nan,2297.0,500489,11500129430.0,1156697,2297.0,878,2296.0,1227,nan,0,nan,0,nan,0,nan,0,nan,0,nan,0,nan,0,nan,0
1597988395834256896,1597988396436000000,2020-08-21 13:39:56.436000,2296.0,2318.0,2284.0,2310.0,nan,2297.0,500520,11500841490.0,1156720,2297.0,848,2296.0,1226,nan,0,nan,0,nan,0,nan,0,nan,0,nan,0,nan,0,nan,0
1597988396361423872,1597988396937999872,2020-08-21 13:39:56.938000,2296.0,2318.0,2284.0,2310.0,nan,2297.0,500520,11500841490.0,1156720,2297.0,847,2296.0,1226,nan,0,nan,0,nan,0,nan,0,nan,0,nan,0,nan,0,nan,0
1597988398825315072,1597988399408999936,2020-08-21 13:39:59.409000,2296.0,2318.0,2284.0,2310.0,nan,2297.0,500522,11500887410.0,1156722,2297.0,824,2296.0,1224,nan,0,nan,0,nan,0,nan,0,nan,0,nan,0,nan,0,nan,0
1597988399324747008,1597988399916000000,2020-08-21 13:39:59.916000,2297.0,2318.0,2284.0,2310.0,nan,2297.0,500523,11500910380.0,1156723,2297.0,815,2296.0,1228,nan,0,nan,0,nan,0,nan,0,nan,0,nan,0,nan,0,nan,0
1597988399857428992,1597988400368999936,2020-08-21 13:40:00.369000,2297.0,2318.0,2284.0,2310.0,nan,2297.0,500523,11500910380.0,1156723,2297.0,819,2296.0,1228,nan,0,nan,0,nan,0,nan,0,nan,0,nan,0,nan,0,nan,0
1597988400325923072,1597988400930000128,2020-08-21 13:40:00.930000,2296.0,2318.0,2284.0,2310.0,nan,2297.0,500526,11500979270.0,1156723,2297.0,820,2296.0,1226,nan,0,nan,0,nan,0,nan,0,nan,0,nan,0,nan,0,nan,0
1597988400826446080,1597988401224999936,2020-08-21 13:40:01.225000,2297.0,2318.0,2284.0,2310.0,nan,2297.0,500528,11501025210.0,1156722,2297.0,818,2296.0,1227,nan,0,nan,0,nan,0,nan,0,nan,0,nan,0,nan,0,nan,0
1597988401359912960,1597988401852000000,2020-08-21 13:40:01.852000,2297.0,2318.0,2284.0,2310.0,nan,2297.0,500528,11501025210.0,1156722,2297.0,818,2296.0,1229,nan,0,nan,0,nan,0,nan,0,nan,0,nan,0,nan,0,nan,0
1597988401832444928,1597988402352999936,2020-08-21 13:40:02.353000,2297.0,2318.0,2284.0,2310.0,nan,2297.0,500528,11501025210.0,1156722,2297.0,818,2296.0,1231,nan,0,nan,0,nan,0,nan,0,nan,0,nan,0,nan,0,nan,0
1597988402327655936,1597988402918999808,2020-08-21 13:40:02.919000,2297.0,2318.0,2284.0,2310.0,nan,2297.0,500528,11501025210.0,1156722,2297.0,819,2296.0,1231,nan,0,nan,0,nan,0,nan,0,nan,0,nan,0,nan,0,nan,0
1597988402825843968,1597988403311000064,2020-08-21 13:40:03.311000,2297.0,2318.0,2284.0,2310.0,nan,2297.0,500528,11501025210.0,1156722,2297.0,820,2296.0,1231,nan,0,nan,0,nan,0,nan,0,nan,0,nan,0,nan,0,nan,0
1597988403830220032,1597988404411000064,2020-08-21 13:40:04.411000,2296.0,2318.0,2284.0,2310.0,nan,2297.0,500530,11501071130.0,1156724,2297.0,822,2296.0,1230,nan,0,nan,0,nan,0,nan,0,nan,0,nan,0,nan,0,nan,0
1597988404367262976,1597988404903000064,2020-08-21 13:40:04.903000,2296.0,2318.0,2284.0,2310.0,nan,2297.0,500551,11501553490.0,1156741,2297.0,803,2296.0,1228,nan,0,nan,0,nan,0,nan,0,nan,0,nan,0,nan,0,nan,0
1597988404824409088,1597988405331000064,2020-08-21 13:40:05.331000,2296.0,2318.0,2284.0,2310.0,nan,2297.0,500551,11501553490.0,1156741,2297.0,806,2296.0,1229,nan,0,nan,0,nan,0,nan,0,nan,0,nan,0,nan,0,nan,0
1597988405327912960,1597988405897000192,2020-08-21 13:40:05.897000,2296.0,2318.0,2284.0,2310.0,nan,2297.0,500551,11501553490.0,1156741,2297.0,806,2296.0,1414,nan,0,nan,0,nan,0,nan,0,nan,0,nan,0,nan,0,nan,0
1597988405831173888,1597988406426000128,2020-08-21 13:40:06.426000,2296.0,2318.0,2284.0,2310.0,nan,2297.0,500551,11501553490.0,1156741,2297.0,806,2296.0,1419,nan,0,nan,0,nan,0,nan,0,nan,0,nan,0,nan,0,nan,0
1597988406336986880,1597988406897000192,2020-08-21 13:40:06.897000,2297.0,2318.0,2284.0,2310.0,nan,2297.0,500829,11507939150.0,1156756,2297.0,525,2296.0,1404,nan,0,nan,0,nan,0,nan,0,nan,0,nan,0,nan,0,nan,0
1597988406847512064,1597988407437999872,2020-08-21 13:40:07.438000,2297.0,2318.0,2284.0,2310.0,nan,2297.0,500830,11507962120.0,1156756,2297.0,534,2296.0,1406,nan,0,nan,0,nan,0,nan,0,nan,0,nan,0,nan,0,nan,0
1597988407824082944,1597988408329999872,2020-08-21 13:40:08.330000,2296.0,2318.0,2284.0,2310.0,nan,2297.0,500842,11508237640.0,1156756,2297.0,536,2296.0,1395,nan,0,nan,0,nan,0,nan,0,nan,0,nan,0,nan,0,nan,0
1597988408324185088,1597988408895000064,2020-08-21 13:40:08.895000,2297.0,2318.0,2284.0,2310.0,nan,2297.0,500843,11508260610.0,1156755,2297.0,535,2296.0,1410,nan,0,nan,0,nan,0,nan,0,nan,0,nan,0,nan,0,nan,0
1597988408857160960,1597988409408000000,2020-08-21 13:40:09.408000,2297.0,2318.0,2284.0,2310.0,nan,2297.0,500844,11508283580.0,1156755,2297.0,529,2296.0,1410,nan,0,nan,0,nan,0,nan,0,nan,0,nan,0,nan,0,nan,0
1597988409325511936,1597988409839000064,2020-08-21 13:40:09.839000,2297.0,2318.0,2284.0,2310.0,nan,2297.0,500844,11508283580.0,1156755,2297.0,530,2296.0,1420,nan,0,nan,0,nan,0,nan,0,nan,0,nan,0,nan,0,nan,0
1597988409825832960,1597988410403000064,2020-08-21 13:40:10.403000,2297.0,2318.0,2284.0,2310.0,nan,2297.0,500844,11508283580.0,1156755,2297.0,530,2296.0,1495,nan,0,nan,0,nan,0,nan,0,nan,0,nan,0,nan,0,nan,0
1597988410343240960,1597988410824999936,2020-08-21 13:40:10.825000,2297.0,2318.0,2284.0,2310.0,nan,2297.0,500844,11508283580.0,1156755,2297.0,530,2296.0,1496,nan,0,nan,0,nan,0,nan,0,nan,0,nan,0,nan,0,nan,0
1597988410829733888,1597988411436000000,2020-08-21 13:40:11.436000,2296.0,2318.0,2284.0,2310.0,nan,2297.0,500845,11508306540.0,1156756,2297.0,571,2296.0,1495,nan,0,nan,0,nan,0,nan,0,nan,0,nan,0,nan,0,nan,0
1597988411323538944,1597988411924999936,2020-08-21 13:40:11.925000,2296.0,2318.0,2284.0,2310.0,nan,2297.0,500850,11508421380.0,1156752,2297.0,569,2296.0,1479,nan,0,nan,0,nan,0,nan,0,nan,0,nan,0,nan,0,nan,0
1597988411834478080,1597988412364999936,2020-08-21 13:40:12.365000,2296.0,2318.0,2284.0,2310.0,nan,2297.0,500850,11508421380.0,1156752,2297.0,569,2296.0,1494,nan,0,nan,0,nan,0,nan,0,nan,0,nan,0,nan,0,nan,0
1597988412334721024,1597988412930000128,2020-08-21 13:40:12.930000,2296.0,2318.0,2284.0,2310.0,nan,2297.0,500853,11508490280.0,1156753,2297.0,585,2296.0,1493,nan,0,nan,0,nan,0,nan,0,nan,0,nan,0,nan,0,nan,0
1597988412838008064,1597988413384000000,2020-08-21 13:40:13.384000,2296.0,2318.0,2284.0,2310.0,nan,2297.0,500867,11508811720.0,1156767,2297.0,618,2296.0,1479,nan,0,nan,0,nan,0,nan,0,nan,0,nan,0,nan,0,nan,0
1597988413346811904,1597988413832999936,2020-08-21 13:40:13.833000,2297.0,2318.0,2284.0,2310.0,nan,2297.0,500882,11509156230.0,1156757,2297.0,607,2296.0,1474,nan,0,nan,0,nan,0,nan,0,nan,0,nan,0,nan,0,nan,0
1597988413826895872,1597988414356000000,2020-08-21 13:40:14.356000,2296.0,2318.0,2284.0,2310.0,nan,2297.0,500902,11509615530.0,1156758,2297.0,586,2296.0,1464,nan,0,nan,0,nan,0,nan,0,nan,0,nan,0,nan,0,nan,0
1597988414336997120,1597988414881999872,2020-08-21 13:40:14.882000,2297.0,2318.0,2284.0,2310.0,nan,2297.0,500922,11510074930.0,1156758,2297.0,566,2296.0,1464,nan,0,nan,0,nan,0,nan,0,nan,0,nan,0,nan,0,nan,0
1597988414832140032,1597988415323000064,2020-08-21 13:40:15.323000,2297.0,2318.0,2284.0,2310.0,nan,2297.0,500922,11510074930.0,1156758,2297.0,566,2296.0,1467,nan,0,nan,0,nan,0,nan,0,nan,0,nan,0,nan,0,nan,0
1597988415325764096,1597988415824999936,2020-08-21 13:40:15.825000,2297.0,2318.0,2284.0,2310.0,nan,2297.0,500923,11510097900.0,1156757,2297.0,566,2296.0,1467,nan,0,nan,0,nan,0,nan,0,nan,0,nan,0,nan,0,nan,0
1597988416829833984,1597988417420999936,2020-08-21 13:40:17.421000,2297.0,2318.0,2284.0,2310.0,nan,2297.0,500923,11510097900.0,1156757,2297.0,587,2296.0,1460,nan,0,nan,0,nan,0,nan,0,nan,0,nan,0,nan,0,nan,0
1597988417324997888,1597988417869999872,2020-08-21 13:40:17.870000,2297.0,2318.0,2284.0,2310.0,nan,2297.0,500923,11510097900.0,1156757,2297.0,589,2296.0,1461,nan,0,nan,0,nan,0,nan,0,nan,0,nan,0,nan,0,nan,0
1597988417860434944,1597988418362999808,2020-08-21 13:40:18.363000,2297.0,2318.0,2284.0,2310.0,nan,2297.0,500923,11510097900.0,1156757,2297.0,590,2296.0,1462,nan,0,nan,0,nan,0,nan,0,nan,0,nan,0,nan,0,nan,0
1597988418325777920,1597988418917999872,2020-08-21 13:40:18.918000,2297.0,2318.0,2284.0,2310.0,nan,2297.0,500923,11510097900.0,1156757,2297.0,591,2296.0,1456,nan,0,nan,0,nan,0,nan,0,nan,0,nan,0,nan,0,nan,0
1597988419380030976,1597988419924999936,2020-08-21 13:40:19.925000,2297.0,2318.0,2284.0,2310.0,nan,2297.0,500923,11510097900.0,1156757,2297.0,594,2296.0,1456,nan,0,nan,0,nan,0,nan,0,nan,0,nan,0,nan,0,nan,0
1597988420337086976,1597988420932000000,2020-08-21 13:40:20.932000,2296.0,2318.0,2284.0,2310.0,nan,2297.0,500925,11510143830.0,1156758,2297.0,594,2296.0,1455,nan,0,nan,0,nan,0,nan,0,nan,0,nan,0,nan,0,nan,0
1597988420839764992,1597988421364999936,2020-08-21 13:40:21.365000,2297.0,2318.0,2284.0,2310.0,nan,2297.0,500926,11510166800.0,1156758,2297.0,594,2296.0,1455,nan,0,nan,0,nan,0,nan,0,nan,0,nan,0,nan,0,nan,0
1597988421323772928,1597988421831000064,2020-08-21 13:40:21.831000,2297.0,2318.0,2284.0,2310.0,nan,2297.0,500926,11510166800.0,1156758,2297.0,593,2296.0,1455,nan,0,nan,0,nan,0,nan,0,nan,0,nan,0,nan,0,nan,0
1597988421830597888,1597988422318000128,2020-08-21 13:40:22.318000,2297.0,2318.0,2284.0,2310.0,nan,2297.0,500944,11510580260.0,1156758,2297.0,575,2296.0,1455,nan,0,nan,0,nan,0,nan,0,nan,0,nan,0,nan,0,nan,0
1597988422835590912,1597988423408999936,2020-08-21 13:40:23.409000,2297.0,2318.0,2284.0,2310.0,nan,2297.0,500946,11510626190.0,1156759,2297.0,579,2296.0,1454,nan,0,nan,0,nan,0,nan,0,nan,0,nan,0,nan,0,nan,0
1597988423326251008,1597988423823000064,2020-08-21 13:40:23.823000,2297.0,2318.0,2284.0,2310.0,nan,2297.0,500949,11510695100.0,1156759,2297.0,576,2296.0,1456,nan,0,nan,0,nan,0,nan,0,nan,0,nan,0,nan,0,nan,0
1597988423839504896,1597988424434000128,2020-08-21 13:40:24.434000,2296.0,2318.0,2284.0,2310.0,nan,2297.0,500951,11510741020.0,1156761,2297.0,576,2296.0,1454,nan,0,nan,0,nan,0,nan,0,nan,0,nan,0,nan,0,nan,0
1597988424335718912,1597988424828000000,2020-08-21 13:40:24.828000,2296.0,2318.0,2284.0,2310.0,nan,2297.0,500955,11510832860.0,1156761,2297.0,577,2296.0,1468,nan,0,nan,0,nan,0,nan,0,nan,0,nan,0,nan,0,nan,0
1597988424842996992,1597988425384000000,2020-08-21 13:40:25.384000,2296.0,2318.0,2284.0,2310.0,nan,2297.0,500955,11510832860.0,1156761,2297.0,577,2296.0,1469,nan,0,nan,0,nan,0,nan,0,nan,0,nan,0,nan,0,nan,0
1597988425359964928,1597988425864999936,2020-08-21 13:40:25.865000,2296.0,2318.0,2284.0,2310.0,nan,2297.0,500955,11510832860.0,1156761,2297.0,577,2296.0,1471,nan,0,nan,0,nan,0,nan,0,nan,0,nan,0,nan,0,nan,0
1597988425825281024,1597988426431000064,2020-08-21 13:40:26.431000,2296.0,2318.0,2284.0,2310.0,nan,2297.0,500980,11511407100.0,1156737,2297.0,553,2296.0,1472,nan,0,nan,0,nan,0,nan,0,nan,0,nan,0,nan,0,nan,0
1597988426379106048,1597988426860000000,2020-08-21 13:40:26.860000,2296.0,2318.0,2284.0,2310.0,nan,2297.0,500982,11511453020.0,1156737,2297.0,553,2296.0,1471,nan,0,nan,0,nan,0,nan,0,nan,0,nan,0,nan,0,nan,0
1597988426879446016,1597988427434000128,2020-08-21 13:40:27.434000,2297.0,2318.0,2284.0,2310.0,nan,2297.0,500983,11511475990.0,1156737,2297.0,551,2296.0,1471,nan,0,nan,0,nan,0,nan,0,nan,0,nan,0,nan,0,nan,0
1597988427829211904,1597988428364000000,2020-08-21 13:40:28.364000,2297.0,2318.0,2284.0,2310.0,nan,2297.0,500983,11511475990.0,1156737,2297.0,556,2296.0,1472,nan,0,nan,0,nan,0,nan,0,nan,0,nan,0,nan,0,nan,0
1597988428342233088,1597988428905999872,2020-08-21 13:40:28.906000,2297.0,2318.0,2284.0,2310.0,nan,2297.0,500983,11511475990.0,1156737,2297.0,556,2296.0,1473,nan,0,nan,0,nan,0,nan,0,nan,0,nan,0,nan,0,nan,0
1597988428825570048,1597988429418999808,2020-08-21 13:40:29.419000,2297.0,2318.0,2284.0,2310.0,nan,2297.0,500983,11511475990.0,1156737,2297.0,556,2296.0,1476,nan,0,nan,0,nan,0,nan,0,nan,0,nan,0,nan,0,nan,0
1597988429326823936,1597988429823000064,2020-08-21 13:40:29.823000,2297.0,2318.0,2284.0,2310.0,nan,2297.0,500993,11511705690.0,1156737,2297.0,546,2296.0,1476,nan,0,nan,0,nan,0,nan,0,nan,0,nan,0,nan,0,nan,0
1597988429836691968,1597988430434000128,2020-08-21 13:40:30.434000,2296.0,2318.0,2284.0,2310.0,nan,2297.0,500995,11511751620.0,1156737,2297.0,545,2296.0,1475,nan,0,nan,0,nan,0,nan,0,nan,0,nan,0,nan,0,nan,0
1597988430388891904,1597988430905999872,2020-08-21 13:40:30.906000,2297.0,2318.0,2284.0,2310.0,nan,2297.0,501007,11512027160.0,1156735,2297.0,478,2296.0,1465,nan,0,nan,0,nan,0,nan,0,nan,0,nan,0,nan,0,nan,0
1597988430825160960,1597988431395000064,2020-08-21 13:40:31.395000,2297.0,2318.0,2284.0,2310.0,nan,2297.0,501007,11512027160.0,1156735,2297.0,478,2296.0,1464,nan,0,nan,0,nan,0,nan,0,nan,0,nan,0,nan,0,nan,0
1597988431391162880,1597988431910000128,2020-08-21 13:40:31.910000,2297.0,2318.0,2284.0,2310.0,nan,2297.0,501008,11512050130.0,1156735,2297.0,478,2296.0,1464,nan,0,nan,0,nan,0,nan,0,nan,0,nan,0,nan,0,nan,0
1597988431834429952,1597988432302000128,2020-08-21 13:40:32.302000,2296.0,2318.0,2284.0,2310.0,nan,2297.0,501009,11512073090.0,1156736,2297.0,478,2296.0,1463,nan,0,nan,0,nan,0,nan,0,nan,0,nan,0,nan,0,nan,0
1597988432342683904,1597988432823000064,2020-08-21 13:40:32.823000,2297.0,2318.0,2284.0,2310.0,nan,2297.0,501010,11512096060.0,1156736,2297.0,477,2296.0,1463,nan,0,nan,0,nan,0,nan,0,nan,0,nan,0,nan,0,nan,0
1597988432832805888,1597988433432000000,2020-08-21 13:40:33.432000,2297.0,2318.0,2284.0,2310.0,nan,2297.0,501010,11512096060.0,1156736,2297.0,478,2296.0,1448,nan,0,nan,0,nan,0,nan,0,nan,0,nan,0,nan,0,nan,0
1597988433324852992,1597988433854000128,2020-08-21 13:40:33.854000,2297.0,2318.0,2284.0,2310.0,nan,2297.0,501010,11512096060.0,1156736,2297.0,483,2296.0,1463,nan,0,nan,0,nan,0,nan,0,nan,0,nan,0,nan,0,nan,0
1597988433831043072,1597988434384000000,2020-08-21 13:40:34.384000,2296.0,2318.0,2284.0,2310.0,nan,2297.0,501011,11512119020.0,1156737,2297.0,511,2296.0,1462,nan,0,nan,0,nan,0,nan,0,nan,0,nan,0,nan,0,nan,0
1597988434350283008,1597988434808999936,2020-08-21 13:40:34.809000,2296.0,2318.0,2284.0,2310.0,nan,2297.0,501011,11512119020.0,1156737,2297.0,512,2296.0,1462,nan,0,nan,0,nan,0,nan,0,nan,0,nan,0,nan,0,nan,0
1597988435333451008,1597988435910000128,2020-08-21 13:40:35.910000,2296.0,2318.0,2284.0,2310.0,nan,2297.0,501011,11512119020.0,1156737,2297.0,513,2296.0,1462,nan,0,nan,0,nan,0,nan,0,nan,0,nan,0,nan,0,nan,0
1597988436339153920,1597988436740000000,2020-08-21 13:40:36.740000,2297.0,2318.0,2284.0,2310.0,nan,2297.0,501012,11512141990.0,1156737,2297.0,512,2296.0,1462,nan,0,nan,0,nan,0,nan,0,nan,0,nan,0,nan,0,nan,0
1597988437362981120,1597988437935000064,2020-08-21 13:40:37.935000,2297.0,2318.0,2284.0,2310.0,nan,2297.0,501012,11512141990.0,1156737,2297.0,529,2296.0,1465,nan,0,nan,0,nan,0,nan,0,nan,0,nan,0,nan,0,nan,0
1597988438326554880,1597988438834000128,2020-08-21 13:40:38.834000,2296.0,2318.0,2284.0,2310.0,nan,2297.0,501013,11512164950.0,1156738,2297.0,530,2296.0,1464,nan,0,nan,0,nan,0,nan,0,nan,0,nan,0,nan,0,nan,0
1597988439835676928,1597988440400999936,2020-08-21 13:40:40.401000,2296.0,2318.0,2284.0,2310.0,nan,2297.0,501013,11512164950.0,1156738,2297.0,532,2296.0,1485,nan,0,nan,0,nan,0,nan,0,nan,0,nan,0,nan,0,nan,0
1597988440361421056,1597988440910000128,2020-08-21 13:40:40.910000,2296.0,2318.0,2284.0,2310.0,nan,2297.0,501079,11513680320.0,1156727,2297.0,496,2296.0,1424,nan,0,nan,0,nan,0,nan,0,nan,0,nan,0,nan,0,nan,0
1597988440833797120,1597988441420999936,2020-08-21 13:40:41.421000,2296.0,2318.0,2284.0,2310.0,nan,2297.0,501081,11513726240.0,1156725,2297.0,487,2296.0,1422,nan,0,nan,0,nan,0,nan,0,nan,0,nan,0,nan,0,nan,0
1597988441334172928,1597988441860999936,2020-08-21 13:40:41.861000,2297.0,2318.0,2284.0,2310.0,nan,2297.0,501082,11513749210.0,1156724,2297.0,486,2296.0,1423,nan,0,nan,0,nan,0,nan,0,nan,0,nan,0,nan,0,nan,0
1597988441831330048,1597988442424000000,2020-08-21 13:40:42.424000,2296.0,2318.0,2284.0,2310.0,nan,2297.0,501084,11513795130.0,1156724,2297.0,486,2296.0,1421,nan,0,nan,0,nan,0,nan,0,nan,0,nan,0,nan,0,nan,0
1597988442337892096,1597988442881999872,2020-08-21 13:40:42.882000,2296.0,2318.0,2284.0,2310.0,nan,2297.0,501084,11513795130.0,1156724,2297.0,485,2296.0,1421,nan,0,nan,0,nan,0,nan,0,nan,0,nan,0,nan,0,nan,0
1597988442825721088,1597988443434000128,2020-08-21 13:40:43.434000,2296.0,2318.0,2284.0,2310.0,nan,2297.0,501084,11513795130.0,1156724,2297.0,486,2296.0,1421,nan,0,nan,0,nan,0,nan,0,nan,0,nan,0,nan,0,nan,0
1597988443387798016,1597988443831000064,2020-08-21 13:40:43.831000,2296.0,2318.0,2284.0,2310.0,nan,2297.0,501084,11513795130.0,1156724,2297.0,486,2296.0,1422,nan,0,nan,0,nan,0,nan,0,nan,0,nan,0,nan,0,nan,0
1597988443830758912,1597988444390000128,2020-08-21 13:40:44.390000,2296.0,2318.0,2284.0,2310.0,nan,2297.0,501086,11513841050.0,1156725,2297.0,486,2296.0,1420,nan,0,nan,0,nan,0,nan,0,nan,0,nan,0,nan,0,nan,0
1597988444358172928,1597988444802000128,2020-08-21 13:40:44.802000,2296.0,2318.0,2284.0,2310.0,nan,2297.0,501086,11513841050.0,1156725,2297.0,486,2296.0,1421,nan,0,nan,0,nan,0,nan,0,nan,0,nan,0,nan,0,nan,0
1597988444834923008,1597988445427000064,2020-08-21 13:40:45.427000,2297.0,2318.0,2284.0,2310.0,nan,2297.0,501087,11513864020.0,1156725,2297.0,685,2296.0,1421,nan,0,nan,0,nan,0,nan,0,nan,0,nan,0,nan,0,nan,0
1597988445321338112,1597988445926000128,2020-08-21 13:40:45.926000,2297.0,2318.0,2284.0,2310.0,nan,2297.0,501088,11513886990.0,1156724,2297.0,685,2296.0,1421,nan,0,nan,0,nan,0,nan,0,nan,0,nan,0,nan,0,nan,0
1597988445840196096,1597988446384999936,2020-08-21 13:40:46.385000,2297.0,2318.0,2284.0,2310.0,nan,2297.0,501114,11514484210.0,1156724,2297.0,659,2296.0,1421,nan,0,nan,0,nan,0,nan,0,nan,0,nan,0,nan,0,nan,0
1597988446370242048,1597988446924999936,2020-08-21 13:40:46.925000,2296.0,2318.0,2284.0,2310.0,nan,2297.0,501117,11514553090.0,1156724,2297.0,659,2296.0,1418,nan,0,nan,0,nan,0,nan,0,nan,0,nan,0,nan,0,nan,0
1597988446855040000,1597988447360999936,2020-08-21 13:40:47.361000,2297.0,2318.0,2284.0,2310.0,nan,2297.0,501215,11516804150.0,1156724,2297.0,561,2296.0,1418,nan,0,nan,0,nan,0,nan,0,nan,0,nan,0,nan,0,nan,0
1597988447333914112,1597988447936000000,2020-08-21 13:40:47.936000,2296.0,2318.0,2284.0,2310.0,nan,2297.0,501216,11516827110.0,1156725,2297.0,562,2296.0,1417,nan,0,nan,0,nan,0,nan,0,nan,0,nan,0,nan,0,nan,0
1597988447830333952,1597988448256000000,2020-08-21 13:40:48.256000,2296.0,2318.0,2284.0,2310.0,nan,2297.0,501217,11516850070.0,1156726,2297.0,562,2296.0,1417,nan,0,nan,0,nan,0,nan,0,nan,0,nan,0,nan,0,nan,0
1597988449341758976,1597988449851000064,2020-08-21 13:40:49.851000,2296.0,2318.0,2284.0,2310.0,nan,2297.0,501220,11516918950.0,1156729,2297.0,564,2296.0,1412,nan,0,nan,0,nan,0,nan,0,nan,0,nan,0,nan,0,nan,0
1597988449838533120,1597988450360999936,2020-08-21 13:40:50.361000,2297.0,2318.0,2284.0,2310.0,nan,2297.0,501256,11517745870.0,1156729,2297.0,529,2296.0,1412,nan,0,nan,0,nan,0,nan,0,nan,0,nan,0,nan,0,nan,0
1597988450343602944,1597988450928000000,2020-08-21 13:40:50.928000,2296.0,2318.0,2284.0,2310.0,nan,2297.0,501301,11518779070.0,1156721,2297.0,529,2296.0,1423,nan,0,nan,0,nan,0,nan,0,nan,0,nan,0,nan,0,nan,0
1597988450846612992,1597988451323000064,2020-08-21 13:40:51.323000,2296.0,2318.0,2284.0,2310.0,nan,2297.0,501301,11518779070.0,1156721,2297.0,532,2296.0,1423,nan,0,nan,0,nan,0,nan,0,nan,0,nan,0,nan,0,nan,0
1597988451340440064,1597988451910000128,2020-08-21 13:40:51.910000,2296.0,2318.0,2284.0,2310.0,nan,2297.0,501301,11518779070.0,1156721,2297.0,533,2296.0,1423,nan,0,nan,0,nan,0,nan,0,nan,0,nan,0,nan,0,nan,0
1597988451846553088,1597988452424999936,2020-08-21 13:40:52.425000,2297.0,2318.0,2284.0,2310.0,nan,2297.0,501308,11518939860.0,1156721,2297.0,526,2296.0,1423,nan,0,nan,0,nan,0,nan,0,nan,0,nan,0,nan,0,nan,0
1597988452353705984,1597988452825999872,2020-08-21 13:40:52.826000,2297.0,2318.0,2284.0,2310.0,nan,2297.0,501308,11518939860.0,1156721,2297.0,527,2296.0,1423,nan,0,nan,0,nan,0,nan,0,nan,0,nan,0,nan,0,nan,0
1597988452834274048,1597988453372000000,2020-08-21 13:40:53.372000,2296.0,2318.0,2284.0,2310.0,nan,2297.0,501313,11519054660.0,1156721,2297.0,528,2296.0,1418,nan,0,nan,0,nan,0,nan,0,nan,0,nan,0,nan,0,nan,0
1597988453325844992,1597988453731000064,2020-08-21 13:40:53.731000,2296.0,2318.0,2284.0,2310.0,nan,2297.0,501313,11519054660.0,1156721,2297.0,528,2296.0,1427,nan,0,nan,0,nan,0,nan,0,nan,0,nan,0,nan,0,nan,0
1597988453833195008,1597988454413000192,2020-08-21 13:40:54.413000,2296.0,2318.0,2284.0,2310.0,nan,2297.0,501326,11519353200.0,1156723,2297.0,530,2296.0,1427,nan,0,nan,0,nan,0,nan,0,nan,0,nan,0,nan,0,nan,0
1597988454330832896,1597988454892999936,2020-08-21 13:40:54.893000,2296.0,2318.0,2284.0,2310.0,nan,2297.0,501332,11519490960.0,1156723,2297.0,530,2296.0,1404,nan,0,nan,0,nan,0,nan,0,nan,0,nan,0,nan,0,nan,0
1597988454832996096,1597988455384999936,2020-08-21 13:40:55.385000,2296.0,2318.0,2284.0,2310.0,nan,2297.0,501332,11519490960.0,1156723,2297.0,535,2296.0,1418,nan,0,nan,0,nan,0,nan,0,nan,0,nan,0,nan,0,nan,0
1597988455364843008,1597988455831000064,2020-08-21 13:40:55.831000,2297.0,2318.0,2284.0,2310.0,nan,2297.0,501347,11519835510.0,1156737,2297.0,525,2296.0,1418,nan,0,nan,0,nan,0,nan,0,nan,0,nan,0,nan,0,nan,0
1597988455828401920,1597988456220999936,2020-08-21 13:40:56.221000,2297.0,2318.0,2284.0,2310.0,nan,2297.0,501347,11519835510.0,1156737,2297.0,524,2296.0,1419,nan,0,nan,0,nan,0,nan,0,nan,0,nan,0,nan,0,nan,0
1597988456327522048,1597988456894000128,2020-08-21 13:40:56.894000,2297.0,2318.0,2284.0,2310.0,nan,2297.0,501350,11519904420.0,1156738,2297.0,521,2296.0,1419,nan,0,nan,0,nan,0,nan,0,nan,0,nan,0,nan,0,nan,0
1597988457327982080,1597988457931000064,2020-08-21 13:40:57.931000,2297.0,2318.0,2284.0,2310.0,nan,2297.0,501350,11519904420.0,1156738,2297.0,521,2296.0,1416,nan,0,nan,0,nan,0,nan,0,nan,0,nan,0,nan,0,nan,0
1597988458833980928,1597988459400999936,2020-08-21 13:40:59.401000,2297.0,2318.0,2284.0,2310.0,nan,2297.0,501356,11520042240.0,1156739,2297.0,515,2296.0,1416,nan,0,nan,0,nan,0,nan,0,nan,0,nan,0,nan,0,nan,0
1597988459325915904,1597988459824999936,2020-08-21 13:40:59.825000,2296.0,2318.0,2284.0,2310.0,nan,2297.0,501357,11520065200.0,1156739,2297.0,515,2296.0,1416,nan,0,nan,0,nan,0,nan,0,nan,0,nan,0,nan,0,nan,0
1597988459831223040,1597988460326999808,2020-08-21 13:41:00.327000,2296.0,2318.0,2284.0,2310.0,nan,2297.0,501357,11520065200.0,1156739,2297.0,553,2296.0,1416,nan,0,nan,0,nan,0,nan,0,nan,0,nan,0,nan,0,nan,0
1597988460325220096,1597988460836000000,2020-08-21 13:41:00.836000,2296.0,2318.0,2284.0,2310.0,nan,2297.0,501357,11520065200.0,1156739,2297.0,559,2296.0,1416,nan,0,nan,0,nan,0,nan,0,nan,0,nan,0,nan,0,nan,0
1597988460830286080,1597988461427000064,2020-08-21 13:41:01.427000,2296.0,2318.0,2284.0,2310.0,nan,2297.0,501359,11520111120.0,1156741,2297.0,559,2296.0,1414,nan,0,nan,0,nan,0,nan,0,nan,0,nan,0,nan,0,nan,0
1597988461396226048,1597988461832000000,2020-08-21 13:41:01.832000,2296.0,2318.0,2284.0,2310.0,nan,2297.0,501359,11520111120.0,1156741,2297.0,556,2296.0,1414,nan,0,nan,0,nan,0,nan,0,nan,0,nan,0,nan,0,nan,0
1597988461836747008,1597988462404000000,2020-08-21 13:41:02.404000,2296.0,2318.0,2284.0,2310.0,nan,2297.0,501359,11520111120.0,1156741,2297.0,557,2296.0,1414,nan,0,nan,0,nan,0,nan,0,nan,0,nan,0,nan,0,nan,0
1597988462355547904,1597988462901999872,2020-08-21 13:41:02.902000,2296.0,2318.0,2284.0,2310.0,nan,2297.0,501361,11520157040.0,1156742,2297.0,568,2296.0,1414,nan,0,nan,0,nan,0,nan,0,nan,0,nan,0,nan,0,nan,0
1597988462855348992,1597988463372000000,2020-08-21 13:41:03.372000,2296.0,2318.0,2284.0,2310.0,nan,2297.0,501413,11521350970.0,1156792,2297.0,516,2296.0,1363,nan,0,nan,0,nan,0,nan,0,nan,0,nan,0,nan,0,nan,0
1597988463341170944,1597988463920000000,2020-08-21 13:41:03.920000,2297.0,2318.0,2284.0,2310.0,nan,2297.0,501416,11521419860.0,1156791,2297.0,516,2296.0,1378,nan,0,nan,0,nan,0,nan,0,nan,0,nan,0,nan,0,nan,0
1597988463856500992,1597988464430000128,2020-08-21 13:41:04.430000,2296.0,2318.0,2284.0,2310.0,nan,2297.0,501420,11521511710.0,1156794,2297.0,514,2296.0,1375,nan,0,nan,0,nan,0,nan,0,nan,0,nan,0,nan,0,nan,0
1597988464372826880,1597988464920000000,2020-08-21 13:41:04.920000,2296.0,2318.0,2284.0,2310.0,nan,2297.0,501420,11521511710.0,1156794,2297.0,524,2296.0,1375,nan,0,nan,0,nan,0,nan,0,nan,0,nan,0,nan,0,nan,0
1597988464838656000,1597988465360999936,2020-08-21 13:41:05.361000,2296.0,2318.0,2284.0,2310.0,nan,2297.0,501420,11521511710.0,1156794,2297.0,527,2296.0,1375,nan,0,nan,0,nan,0,nan,0,nan,0,nan,0,nan,0,nan,0
1597988465333175040,1597988465825999872,2020-08-21 13:41:05.826000,2296.0,2318.0,2284.0,2310.0,nan,2297.0,501420,11521511710.0,1156794,2297.0,526,2296.0,1375,nan,0,nan,0,nan,0,nan,0,nan,0,nan,0,nan,0,nan,0
1597988465840240896,1597988466433000192,2020-08-21 13:41:06.433000,2296.0,2318.0,2284.0,2310.0,nan,2297.0,501420,11521511710.0,1156794,2297.0,517,2296.0,1375,nan,0,nan,0,nan,0,nan,0,nan,0,nan,0,nan,0,nan,0
1597988466355715072,1597988466864000000,2020-08-21 13:41:06.864000,2296.0,2318.0,2284.0,2310.0,nan,2297.0,501420,11521511710.0,1156794,2297.0,517,2296.0,1378,nan,0,nan,0,nan,0,nan,0,nan,0,nan,0,nan,0,nan,0
1597988466839168000,1597988467418999808,2020-08-21 13:41:07.419000,2296.0,2318.0,2284.0,2310.0,nan,2297.0,501420,11521511710.0,1156794,2297.0,517,2296.0,1377,nan,0,nan,0,nan,0,nan,0,nan,0,nan,0,nan,0,nan,0
1597988467354951936,1597988467824000000,2020-08-21 13:41:07.824000,2296.0,2318.0,2284.0,2310.0,nan,2297.0,501420,11521511710.0,1156794,2297.0,512,2296.0,1377,nan,0,nan,0,nan,0,nan,0,nan,0,nan,0,nan,0,nan,0
1597988467836505088,1597988468401999872,2020-08-21 13:41:08.402000,2296.0,2318.0,2284.0,2310.0,nan,2297.0,501420,11521511710.0,1156794,2297.0,511,2296.0,1397,nan,0,nan,0,nan,0,nan,0,nan,0,nan,0,nan,0,nan,0
1597988469340529920,1597988469910000128,2020-08-21 13:41:09.910000,2297.0,2318.0,2284.0,2310.0,nan,2297.0,501425,11521626560.0,1156794,2297.0,505,2296.0,1397,nan,0,nan,0,nan,0,nan,0,nan,0,nan,0,nan,0,nan,0
1597988469847137024,1597988470401999872,2020-08-21 13:41:10.402000,2297.0,2318.0,2284.0,2310.0,nan,2297.0,501436,11521879140.0,1156792,2297.0,506,2296.0,1387,nan,0,nan,0,nan,0,nan,0,nan,0,nan,0,nan,0,nan,0
1597988470352128000,1597988470924999936,2020-08-21 13:41:10.925000,2296.0,2318.0,2284.0,2310.0,nan,2297.0,501440,11521970980.0,1156792,2297.0,505,2296.0,1385,nan,0,nan,0,nan,0,nan,0,nan,0,nan,0,nan,0,nan,0
1597988472326923008,1597988472776999936,2020-08-21 13:41:12.777000,2296.0,2318.0,2284.0,2310.0,nan,2297.0,501442,11522016900.0,1156792,2297.0,505,2296.0,1383,nan,0,nan,0,nan,0,nan,0,nan,0,nan,0,nan,0,nan,0
1597988472831059968,1597988473368000000,2020-08-21 13:41:13.368000,2296.0,2318.0,2284.0,2310.0,nan,2297.0,501442,11522016900.0,1156792,2297.0,505,2296.0,1368,nan,0,nan,0,nan,0,nan,0,nan,0,nan,0,nan,0,nan,0
1597988473350880000,1597988473845999872,2020-08-21 13:41:13.846000,2296.0,2318.0,2284.0,2310.0,nan,2297.0,501442,11522016900.0,1156792,2297.0,506,2296.0,1383,nan,0,nan,0,nan,0,nan,0,nan,0,nan,0,nan,0,nan,0
1597988473834767872,1597988474324999936,2020-08-21 13:41:14.325000,2296.0,2318.0,2284.0,2310.0,nan,2297.0,501443,11522039860.0,1156793,2297.0,506,2296.0,1382,nan,0,nan,0,nan,0,nan,0,nan,0,nan,0,nan,0,nan,0
1597988474331258880,1597988474933000192,2020-08-21 13:41:14.933000,2296.0,2318.0,2284.0,2310.0,nan,2297.0,501443,11522039860.0,1156793,2297.0,527,2296.0,1382,nan,0,nan,0,nan,0,nan,0,nan,0,nan,0,nan,0,nan,0
1597988474838577920,1597988475428999936,2020-08-21 13:41:15.429000,2296.0,2318.0,2284.0,2310.0,nan,2297.0,501443,11522039860.0,1156793,2297.0,527,2296.0,1382,nan,0,nan,0,nan,0,nan,0,nan,0,nan,0,nan,0,nan,0
1597988475328683008,1597988475908000000,2020-08-21 13:41:15.908000,2296.0,2318.0,2284.0,2310.0,nan,2297.0,501443,11522039860.0,1156793,2297.0,528,2296.0,1382,nan,0,nan,0,nan,0,nan,0,nan,0,nan,0,nan,0,nan,0
1597988475839218944,1597988476432000000,2020-08-21 13:41:16.432000,2296.0,2318.0,2284.0,2310.0,nan,2297.0,501443,11522039860.0,1156793,2297.0,528,2296.0,1367,nan,0,nan,0,nan,0,nan,0,nan,0,nan,0,nan,0,nan,0
1597988476363417088,1597988476880000000,2020-08-21 13:41:16.880000,2296.0,2318.0,2284.0,2310.0,nan,2297.0,501443,11522039860.0,1156793,2297.0,528,2296.0,1382,nan,0,nan,0,nan,0,nan,0,nan,0,nan,0,nan,0,nan,0
1597988477330732032,1597988477860999936,2020-08-21 13:41:17.861000,2296.0,2318.0,2284.0,2310.0,nan,2297.0,501443,11522039860.0,1156793,2297.0,530,2296.0,1382,nan,0,nan,0,nan,0,nan,0,nan,0,nan,0,nan,0,nan,0
1597988477846529024,1597988478401999872,2020-08-21 13:41:18.402000,2296.0,2318.0,2284.0,2310.0,nan,2297.0,501443,11522039860.0,1156793,2297.0,531,2296.0,1382,nan,0,nan,0,nan,0,nan,0,nan,0,nan,0,nan,0,nan,0
1597988479357986048,1597988479924000000,2020-08-21 13:41:19.924000,2296.0,2318.0,2284.0,2310.0,nan,2297.0,501445,11522085780.0,1156793,2297.0,531,2296.0,1380,nan,0,nan,0,nan,0,nan,0,nan,0,nan,0,nan,0,nan,0
1597988479834672128,1597988480415000064,2020-08-21 13:41:20.415000,2296.0,2318.0,2284.0,2310.0,nan,2297.0,501445,11522085780.0,1156793,2297.0,531,2296.0,1383,nan,0,nan,0,nan,0,nan,0,nan,0,nan,0,nan,0,nan,0
1597988480333565952,1597988480903000064,2020-08-21 13:41:20.903000,2297.0,2318.0,2284.0,2310.0,nan,2297.0,501468,11522614090.0,1156795,2297.0,508,2296.0,1383,nan,0,nan,0,nan,0,nan,0,nan,0,nan,0,nan,0,nan,0
1597988480835290880,1597988481334000128,2020-08-21 13:41:21.334000,2296.0,2318.0,2284.0,2310.0,nan,2297.0,501472,11522705930.0,1156795,2297.0,508,2296.0,1383,nan,0,nan,0,nan,0,nan,0,nan,0,nan,0,nan,0,nan,0
1597988481331275008,1597988481932000000,2020-08-21 13:41:21.932000,2296.0,2318.0,2284.0,2310.0,nan,2297.0,501472,11522705930.0,1156795,2297.0,508,2296.0,1382,nan,0,nan,0,nan,0,nan,0,nan,0,nan,0,nan,0,nan,0
1597988482844080896,1597988483434000128,2020-08-21 13:41:23.434000,2297.0,2318.0,2284.0,2310.0,nan,2297.0,501473,11522728900.0,1156796,2297.0,507,2296.0,1382,nan,0,nan,0,nan,0,nan,0,nan,0,nan,0,nan,0,nan,0
1597988483841372928,1597988484434000128,2020-08-21 13:41:24.434000,2296.0,2318.0,2284.0,2310.0,nan,2297.0,501475,11522774820.0,1156798,2297.0,507,2296.0,1380,nan,0,nan,0,nan,0,nan,0,nan,0,nan,0,nan,0,nan,0
1597988484329797888,1597988484878000128,2020-08-21 13:41:24.878000,2296.0,2318.0,2284.0,2310.0,nan,2297.0,501475,11522774820.0,1156798,2297.0,508,2296.0,1380,nan,0,nan,0,nan,0,nan,0,nan,0,nan,0,nan,0,nan,0
1597988485346439936,1597988485936000000,2020-08-21 13:41:25.936000,2296.0,2318.0,2284.0,2310.0,nan,2297.0,501475,11522774820.0,1156798,2297.0,509,2296.0,1380,nan,0,nan,0,nan,0,nan,0,nan,0,nan,0,nan,0,nan,0
1597988486331392000,1597988486904000000,2020-08-21 13:41:26.904000,2296.0,2318.0,2284.0,2310.0,nan,2297.0,501475,11522774820.0,1156798,2297.0,513,2296.0,1380,nan,0,nan,0,nan,0,nan,0,nan,0,nan,0,nan,0,nan,0
1597988487332381952,1597988487926000128,2020-08-21 13:41:27.926000,2296.0,2318.0,2284.0,2310.0,nan,2297.0,501475,11522774820.0,1156798,2297.0,513,2296.0,1381,nan,0,nan,0,nan,0,nan,0,nan,0,nan,0,nan,0,nan,0
1597988487833815040,1597988488408000000,2020-08-21 13:41:28.408000,2296.0,2318.0,2284.0,2310.0,nan,2297.0,501475,11522774820.0,1156798,2297.0,517,2296.0,1381,nan,0,nan,0,nan,0,nan,0,nan,0,nan,0,nan,0,nan,0
1597988488352282880,1597988488935000064,2020-08-21 13:41:28.935000,2297.0,2318.0,2284.0,2310.0,nan,2297.0,501476,11522797790.0,1156798,2297.0,519,2296.0,1381,nan,0,nan,0,nan,0,nan,0,nan,0,nan,0,nan,0,nan,0
1597988489838970112,1597988490397000192,2020-08-21 13:41:30.397000,2297.0,2318.0,2284.0,2310.0,nan,2297.0,501477,11522820760.0,1156799,2297.0,538,2296.0,1381,nan,0,nan,0,nan,0,nan,0,nan,0,nan,0,nan,0,nan,0
1597988490331889920,1597988490935000064,2020-08-21 13:41:30.935000,2297.0,2318.0,2284.0,2310.0,nan,2297.0,501479,11522866700.0,1156800,2297.0,536,2296.0,1381,nan,0,nan,0,nan,0,nan,0,nan,0,nan,0,nan,0,nan,0
1597988491836918016,1597988492431000064,2020-08-21 13:41:32.431000,2297.0,2318.0,2284.0,2310.0,nan,2297.0,501479,11522866700.0,1156800,2297.0,539,2296.0,1382,nan,0,nan,0,nan,0,nan,0,nan,0,nan,0,nan,0,nan,0
1597988492341104128,1597988492879000064,2020-08-21 13:41:32.879000,2297.0,2318.0,2284.0,2310.0,nan,2297.0,501481,11522912630.0,1156800,2297.0,538,2296.0,1381,nan,0,nan,0,nan,0,nan,0,nan,0,nan,0,nan,0,nan,0
1597988492842319872,1597988493329999872,2020-08-21 13:41:33.330000,2297.0,2318.0,2284.0,2310.0,nan,2297.0,501482,11522935600.0,1156801,2297.0,537,2296.0,1381,nan,0,nan,0,nan,0,nan,0,nan,0,nan,0,nan,0,nan,0
1597988493329265920,1597988493920000000,2020-08-21 13:41:33.920000,2297.0,2318.0,2284.0,2310.0,nan,2297.0,501483,11522958570.0,1156801,2297.0,536,2296.0,1381,nan,0,nan,0,nan,0,nan,0,nan,0,nan,0,nan,0,nan,0
1597988493835884032,1597988494385999872,2020-08-21 13:41:34.386000,2296.0,2318.0,2284.0,2310.0,nan,2297.0,501484,11522981530.0,1156802,2297.0,536,2296.0,1379,nan,0,nan,0,nan,0,nan,0,nan,0,nan,0,nan,0,nan,0
1597988494349820928,1597988494912000000,2020-08-21 13:41:34.912000,2296.0,2318.0,2284.0,2310.0,nan,2297.0,501484,11522981530.0,1156802,2297.0,537,2296.0,1379,nan,0,nan,0,nan,0,nan,0,nan,0,nan,0,nan,0,nan,0
1597988495852339968,1597988496431000064,2020-08-21 13:41:36.431000,2296.0,2318.0,2284.0,2310.0,nan,2297.0,501484,11522981530.0,1156802,2297.0,538,2296.0,1379,nan,0,nan,0,nan,0,nan,0,nan,0,nan,0,nan,0,nan,0
1597988496836400896,1597988497420000000,2020-08-21 13:41:37.420000,2296.0,2318.0,2284.0,2310.0,nan,2297.0,501484,11522981530.0,1156802,2297.0,540,2296.0,1379,nan,0,nan,0,nan,0,nan,0,nan,0,nan,0,nan,0,nan,0
1597988497389921024,1597988497860999936,2020-08-21 13:41:37.861000,2297.0,2318.0,2284.0,2310.0,nan,2297.0,501488,11523073390.0,1156802,2297.0,539,2296.0,1377,nan,0,nan,0,nan,0,nan,0,nan,0,nan,0,nan,0,nan,0
1597988497844542976,1597988498323000064,2020-08-21 13:41:38.323000,2296.0,2318.0,2284.0,2310.0,nan,2297.0,501492,11523165230.0,1156802,2297.0,541,2296.0,1373,nan,0,nan,0,nan,0,nan,0,nan,0,nan,0,nan,0,nan,0
1597988498328475904,1597988498927000064,2020-08-21 13:41:38.927000,2296.0,2318.0,2284.0,2310.0,nan,2297.0,501492,11523165230.0,1156802,2297.0,542,2296.0,1373,nan,0,nan,0,nan,0,nan,0,nan,0,nan,0,nan,0,nan,0
1597988498842853888,1597988499357000192,2020-08-21 13:41:39.357000,2296.0,2318.0,2284.0,2310.0,nan,2297.0,501492,11523165230.0,1156802,2297.0,543,2296.0,1373,nan,0,nan,0,nan,0,nan,0,nan,0,nan,0,nan,0,nan,0
1597988499326553088,1597988499934000128,2020-08-21 13:41:39.934000,2296.0,2318.0,2284.0,2310.0,nan,2297.0,501492,11523165230.0,1156802,2297.0,543,2296.0,1384,nan,0,nan,0,nan,0,nan,0,nan,0,nan,0,nan,0,nan,0
1597988500350962944,1597988500898999808,2020-08-21 13:41:40.899000,2297.0,2318.0,2284.0,2310.0,nan,2297.0,501494,11523211170.0,1156802,2297.0,542,2296.0,1384,nan,0,nan,0,nan,0,nan,0,nan,0,nan,0,nan,0,nan,0
1597988500847069952,1597988501323000064,2020-08-21 13:41:41.323000,2297.0,2318.0,2284.0,2310.0,nan,2297.0,501495,11523234140.0,1156803,2297.0,541,2296.0,1385,nan,0,nan,0,nan,0,nan,0,nan,0,nan,0,nan,0,nan,0
1597988501327051008,1597988501934000128,2020-08-21 13:41:41.934000,2297.0,2318.0,2284.0,2310.0,nan,2297.0,501496,11523257110.0,1156804,2297.0,540,2296.0,1385,nan,0,nan,0,nan,0,nan,0,nan,0,nan,0,nan,0,nan,0
1597988501837050880,1597988502268999936,2020-08-21 13:41:42.269000,2297.0,2318.0,2284.0,2310.0,nan,2297.0,501496,11523257110.0,1156804,2297.0,545,2296.0,1385,nan,0,nan,0,nan,0,nan,0,nan,0,nan,0,nan,0,nan,0
1597988502330414080,1597988502904000000,2020-08-21 13:41:42.904000,2297.0,2318.0,2284.0,2310.0,nan,2297.0,501496,11523257110.0,1156804,2297.0,544,2296.0,1385,nan,0,nan,0,nan,0,nan,0,nan,0,nan,0,nan,0,nan,0
1597988503347774976,1597988503921999872,2020-08-21 13:41:43.922000,2297.0,2318.0,2284.0,2310.0,nan,2297.0,501496,11523257110.0,1156804,2297.0,544,2296.0,1386,nan,0,nan,0,nan,0,nan,0,nan,0,nan,0,nan,0,nan,0
1597988503844933888,1597988504418999808,2020-08-21 13:41:44.419000,2296.0,2318.0,2284.0,2310.0,nan,2297.0,501498,11523303030.0,1156806,2297.0,544,2296.0,1383,nan,0,nan,0,nan,0,nan,0,nan,0,nan,0,nan,0,nan,0
1597988504336969984,1597988504926000128,2020-08-21 13:41:44.926000,2296.0,2318.0,2284.0,2310.0,nan,2297.0,501498,11523303030.0,1156806,2297.0,543,2296.0,1383,nan,0,nan,0,nan,0,nan,0,nan,0,nan,0,nan,0,nan,0
1597988506353789952,1597988506926000128,2020-08-21 13:41:46.926000,2296.0,2318.0,2284.0,2310.0,nan,2297.0,501498,11523303030.0,1156806,2297.0,542,2296.0,1403,nan,0,nan,0,nan,0,nan,0,nan,0,nan,0,nan,0,nan,0
1597988507842500096,1597988508428999936,2020-08-21 13:41:48.429000,2296.0,2318.0,2284.0,2310.0,nan,2297.0,501498,11523303030.0,1156806,2297.0,543,2296.0,1403,nan,0,nan,0,nan,0,nan,0,nan,0,nan,0,nan,0,nan,0
1597988508325595904,1597988508914000128,2020-08-21 13:41:48.914000,2296.0,2318.0,2284.0,2310.0,nan,2297.0,501499,11523325990.0,1156806,2297.0,543,2296.0,1402,nan,0,nan,0,nan,0,nan,0,nan,0,nan,0,nan,0,nan,0
1597988508842119936,1597988509432000000,2020-08-21 13:41:49.432000,2296.0,2318.0,2284.0,2310.0,nan,2297.0,501500,11523348950.0,1156807,2297.0,543,2296.0,1386,nan,0,nan,0,nan,0,nan,0,nan,0,nan,0,nan,0,nan,0
1597988509342467072,1597988509888000000,2020-08-21 13:41:49.888000,2296.0,2318.0,2284.0,2310.0,nan,2297.0,501501,11523371910.0,1156807,2297.0,544,2296.0,1400,nan,0,nan,0,nan,0,nan,0,nan,0,nan,0,nan,0,nan,0
1597988510840014080,1597988511380999936,2020-08-21 13:41:51.381000,2296.0,2318.0,2284.0,2310.0,nan,2297.0,501501,11523371910.0,1156807,2297.0,545,2296.0,1400,nan,0,nan,0,nan,0,nan,0,nan,0,nan,0,nan,0,nan,0
1597988511326937088,1597988511806999808,2020-08-21 13:41:51.807000,2296.0,2318.0,2284.0,2310.0,nan,2297.0,501502,11523394870.0,1156808,2297.0,545,2296.0,1399,nan,0,nan,0,nan,0,nan,0,nan,0,nan,0,nan,0,nan,0
1597988511842675968,1597988512410000128,2020-08-21 13:41:52.410000,2297.0,2318.0,2284.0,2310.0,nan,2297.0,501513,11523647440.0,1156809,2297.0,545,2296.0,1399,nan,0,nan,0,nan,0,nan,0,nan,0,nan,0,nan,0,nan,0
1597988512347897088,1597988512914000128,2020-08-21 13:41:52.914000,2296.0,2318.0,2284.0,2310.0,nan,2297.0,501517,11523739290.0,1156810,2297.0,544,2296.0,1386,nan,0,nan,0,nan,0,nan,0,nan,0,nan,0,nan,0,nan,0
1597988512852008960,1597988513436999936,2020-08-21 13:41:53.437000,2297.0,2318.0,2284.0,2310.0,nan,2297.0,501518,11523762260.0,1156811,2297.0,543,2296.0,1386,nan,0,nan,0,nan,0,nan,0,nan,0,nan,0,nan,0,nan,0
1597988513332278016,1597988513936000000,2020-08-21 13:41:53.936000,2297.0,2318.0,2284.0,2310.0,nan,2297.0,501520,11523808200.0,1156813,2297.0,545,2296.0,1386,nan,0,nan,0,nan,0,nan,0,nan,0,nan,0,nan,0,nan,0
1597988513848285952,1597988514434000128,2020-08-21 13:41:54.434000,2296.0,2318.0,2284.0,2310.0,nan,2297.0,501521,11523831160.0,1156814,2297.0,545,2296.0,1427,nan,0,nan,0,nan,0,nan,0,nan,0,nan,0,nan,0,nan,0
1597988514333436928,1597988514838000128,2020-08-21 13:41:54.838000,2296.0,2318.0,2284.0,2310.0,nan,2297.0,501521,11523831160.0,1156814,2297.0,545,2296.0,1466,nan,0,nan,0,nan,0,nan,0,nan,0,nan,0,nan,0,nan,0
1597988514844240896,1597988515421999872,2020-08-21 13:41:55.422000,2296.0,2318.0,2284.0,2310.0,nan,2297.0,501522,11523854120.0,1156814,2297.0,543,2296.0,1467,nan,0,nan,0,nan,0,nan,0,nan,0,nan,0,nan,0,nan,0
1597988515372199936,1597988515826999808,2020-08-21 13:41:55.827000,2297.0,2318.0,2284.0,2310.0,nan,2297.0,501528,11523991940.0,1156816,2297.0,540,2296.0,2261,nan,0,nan,0,nan,0,nan,0,nan,0,nan,0,nan,0,nan,0
1597988515843106048,1597988516329999872,2020-08-21 13:41:56.330000,2296.0,2318.0,2284.0,2310.0,nan,2297.0,501533,11524106740.0,1156816,2297.0,540,2296.0,2257,nan,0,nan,0,nan,0,nan,0,nan,0,nan,0,nan,0,nan,0
1597988517335074048,1597988517905999872,2020-08-21 13:41:57.906000,2296.0,2318.0,2284.0,2310.0,nan,2297.0,501534,11524129700.0,1156816,2297.0,540,2296.0,2256,nan,0,nan,0,nan,0,nan,0,nan,0,nan,0,nan,0,nan,0
1597988517863418112,1597988518397000192,2020-08-21 13:41:58.397000,2296.0,2318.0,2284.0,2310.0,nan,2297.0,501535,11524152660.0,1156816,2297.0,546,2296.0,2255,nan,0,nan,0,nan,0,nan,0,nan,0,nan,0,nan,0,nan,0
1597988518386194944,1597988518928999936,2020-08-21 13:41:58.929000,2296.0,2318.0,2284.0,2310.0,nan,2297.0,501536,11524175620.0,1156816,2297.0,546,2296.0,2254,nan,0,nan,0,nan,0,nan,0,nan,0,nan,0,nan,0,nan,0
1597988518887129088,1597988519436000000,2020-08-21 13:41:59.436000,2296.0,2318.0,2284.0,2310.0,nan,2297.0,501537,11524198580.0,1156816,2297.0,546,2296.0,2253,nan,0,nan,0,nan,0,nan,0,nan,0,nan,0,nan,0,nan,0
1597988519350278912,1597988519936999936,2020-08-21 13:41:59.937000,2296.0,2318.0,2284.0,2310.0,nan,2297.0,501538,11524221540.0,1156816,2297.0,545,2296.0,2253,nan,0,nan,0,nan,0,nan,0,nan,0,nan,0,nan,0,nan,0
1597988519861566976,1597988520426000128,2020-08-21 13:42:00.426000,2297.0,2318.0,2284.0,2310.0,nan,2297.0,501539,11524244510.0,1156816,2297.0,544,2296.0,2254,nan,0,nan,0,nan,0,nan,0,nan,0,nan,0,nan,0,nan,0
1597988520340985088,1597988520897000192,2020-08-21 13:42:00.897000,2297.0,2318.0,2284.0,2310.0,nan,2297.0,501540,11524267480.0,1156817,2297.0,543,2296.0,2254,nan,0,nan,0,nan,0,nan,0,nan,0,nan,0,nan,0,nan,0
1597988521839437056,1597988522244000000,2020-08-21 13:42:02.244000,2297.0,2318.0,2284.0,2310.0,nan,2297.0,501541,11524290450.0,1156817,2297.0,542,2296.0,2254,nan,0,nan,0,nan,0,nan,0,nan,0,nan,0,nan,0,nan,0
1597988522344399872,1597988522928999936,2020-08-21 13:42:02.929000,2297.0,2318.0,2284.0,2310.0,nan,2297.0,501542,11524313420.0,1156817,2297.0,542,2296.0,2256,nan,0,nan,0,nan,0,nan,0,nan,0,nan,0,nan,0,nan,0
1597988522859216896,1597988523381999872,2020-08-21 13:42:03.382000,2297.0,2318.0,2284.0,2310.0,nan,2297.0,501544,11524359360.0,1156817,2297.0,544,2296.0,2254,nan,0,nan,0,nan,0,nan,0,nan,0,nan,0,nan,0,nan,0
1597988523340482048,1597988523891000064,2020-08-21 13:42:03.891000,2297.0,2318.0,2284.0,2310.0,nan,2297.0,501545,11524382330.0,1156817,2297.0,544,2296.0,2255,nan,0,nan,0,nan,0,nan,0,nan,0,nan,0,nan,0,nan,0
1597988523846262016,1597988524427000064,2020-08-21 13:42:04.427000,2296.0,2318.0,2284.0,2310.0,nan,2297.0,501548,11524451210.0,1156819,2297.0,544,2296.0,2255,nan,0,nan,0,nan,0,nan,0,nan,0,nan,0,nan,0,nan,0
1597988524351168000,1597988524908000000,2020-08-21 13:42:04.908000,2296.0,2318.0,2284.0,2310.0,nan,2297.0,501548,11524451210.0,1156819,2297.0,542,2296.0,2255,nan,0,nan,0,nan,0,nan,0,nan,0,nan,0,nan,0,nan,0
1597988524840849920,1597988525421999872,2020-08-21 13:42:05.422000,2297.0,2318.0,2284.0,2310.0,nan,2297.0,501550,11524497150.0,1156820,2297.0,541,2296.0,2255,nan,0,nan,0,nan,0,nan,0,nan,0,nan,0,nan,0,nan,0
1597988525348762880,1597988525935000064,2020-08-21 13:42:05.935000,2297.0,2318.0,2284.0,2310.0,nan,2297.0,501550,11524497150.0,1156820,2297.0,541,2296.0,2253,nan,0,nan,0,nan,0,nan,0,nan,0,nan,0,nan,0,nan,0
1597988525852406016,1597988526336999936,2020-08-21 13:42:06.337000,2296.0,2318.0,2284.0,2310.0,nan,2297.0,501552,11524543070.0,1156820,2297.0,541,2296.0,2251,nan,0,nan,0,nan,0,nan,0,nan,0,nan,0,nan,0,nan,0
1597988527866056960,1597988528432000000,2020-08-21 13:42:08.432000,2296.0,2318.0,2284.0,2310.0,nan,2297.0,501553,11524566030.0,1156821,2297.0,540,2296.0,2247,nan,0,nan,0,nan,0,nan,0,nan,0,nan,0,nan,0,nan,0
1597988528331494912,1597988528860000000,2020-08-21 13:42:08.860000,2297.0,2318.0,2284.0,2310.0,nan,2297.0,501555,11524611970.0,1156822,2297.0,538,2296.0,2247,nan,0,nan,0,nan,0,nan,0,nan,0,nan,0,nan,0,nan,0
1597988528853249024,1597988529335000064,2020-08-21 13:42:09.335000,2297.0,2318.0,2284.0,2310.0,nan,2297.0,501555,11524611970.0,1156822,2297.0,550,2296.0,2254,nan,0,nan,0,nan,0,nan,0,nan,0,nan,0,nan,0,nan,0
1597988529336820992,1597988529923000064,2020-08-21 13:42:09.923000,2297.0,2318.0,2284.0,2310.0,nan,2297.0,501555,11524611970.0,1156822,2297.0,549,2296.0,2250,nan,0,nan,0,nan,0,nan,0,nan,0,nan,0,nan,0,nan,0
1597988529847346944,1597988530427000064,2020-08-21 13:42:10.427000,2297.0,2318.0,2284.0,2310.0,nan,2297.0,501559,11524703850.0,1156825,2297.0,547,2296.0,2250,nan,0,nan,0,nan,0,nan,0,nan,0,nan,0,nan,0,nan,0
1597988530336054016,1597988530936999936,2020-08-21 13:42:10.937000,2297.0,2318.0,2284.0,2310.0,nan,2297.0,501559,11524703850.0,1156825,2297.0,547,2296.0,2238,nan,0,nan,0,nan,0,nan,0,nan,0,nan,0,nan,0,nan,0
1597988530848293120,1597988531384999936,2020-08-21 13:42:11.385000,2297.0,2318.0,2284.0,2310.0,nan,2297.0,501559,11524703850.0,1156825,2297.0,551,2296.0,2253,nan,0,nan,0,nan,0,nan,0,nan,0,nan,0,nan,0,nan,0
1597988533853178112,1597988534332000000,2020-08-21 13:42:14.332000,2296.0,2318.0,2284.0,2310.0,nan,2297.0,501560,11524726810.0,1156826,2297.0,551,2296.0,2252,nan,0,nan,0,nan,0,nan,0,nan,0,nan,0,nan,0,nan,0
1597988534862268928,1597988535426000128,2020-08-21 13:42:15.426000,2296.0,2318.0,2284.0,2310.0,nan,2297.0,501560,11524726810.0,1156826,2297.0,549,2296.0,2252,nan,0,nan,0,nan,0,nan,0,nan,0,nan,0,nan,0,nan,0
1597988536871811072,1597988537329999872,2020-08-21 13:42:17.330000,2296.0,2318.0,2284.0,2310.0,nan,2297.0,501560,11524726810.0,1156826,2297.0,548,2296.0,2252,nan,0,nan,0,nan,0,nan,0,nan,0,nan,0,nan,0,nan,0
1597988537330537984,1597988537928000000,2020-08-21 13:42:17.928000,2297.0,2318.0,2284.0,2310.0,nan,2297.0,501570,11524956450.0,1156827,2297.0,543,2296.0,2244,nan,0,nan,0,nan,0,nan,0,nan,0,nan,0,nan,0,nan,0
1597988537854991104,1597988538395000064,2020-08-21 13:42:18.395000,2297.0,2318.0,2284.0,2310.0,nan,2297.0,501570,11524956450.0,1156827,2297.0,543,2296.0,2224,nan,0,nan,0,nan,0,nan,0,nan,0,nan,0,nan,0,nan,0
1597988538329364992,1597988538887000064,2020-08-21 13:42:18.887000,2297.0,2318.0,2284.0,2310.0,nan,2297.0,501590,11525415850.0,1156837,2297.0,523,2296.0,2224,nan,0,nan,0,nan,0,nan,0,nan,0,nan,0,nan,0,nan,0
1597988538830475008,1597988539388000000,2020-08-21 13:42:19.388000,2297.0,2318.0,2284.0,2310.0,nan,2297.0,501590,11525415850.0,1156837,2297.0,523,2296.0,2225,nan,0,nan,0,nan,0,nan,0,nan,0,nan,0,nan,0,nan,0
1597988539353839104,1597988539898999808,2020-08-21 13:42:19.899000,2297.0,2318.0,2284.0,2310.0,nan,2297.0,501593,11525484760.0,1156837,2297.0,520,2296.0,2225,nan,0,nan,0,nan,0,nan,0,nan,0,nan,0,nan,0,nan,0
1597988539826966016,1597988540324000000,2020-08-21 13:42:20.324000,2297.0,2318.0,2284.0,2310.0,nan,2297.0,501593,11525484760.0,1156837,2297.0,522,2296.0,2225,nan,0,nan,0,nan,0,nan,0,nan,0,nan,0,nan,0,nan,0
1597988540325924096,1597988540915000064,2020-08-21 13:42:20.915000,2297.0,2318.0,2284.0,2310.0,nan,2297.0,501594,11525507730.0,1156838,2297.0,521,2296.0,2223,nan,0,nan,0,nan,0,nan,0,nan,0,nan,0,nan,0,nan,0
1597988540828516096,1597988541416999936,2020-08-21 13:42:21.417000,2297.0,2318.0,2284.0,2310.0,nan,2297.0,501595,11525530700.0,1156837,2297.0,520,2296.0,2223,nan,0,nan,0,nan,0,nan,0,nan,0,nan,0,nan,0,nan,0
1597988541329393920,1597988541936000000,2020-08-21 13:42:21.936000,2296.0,2318.0,2284.0,2310.0,nan,2297.0,501620,11526104700.0,1156836,2297.0,520,2296.0,2198,nan,0,nan,0,nan,0,nan,0,nan,0,nan,0,nan,0,nan,0
1597988542826408960,1597988543424999936,2020-08-21 13:42:23.425000,2296.0,2318.0,2284.0,2310.0,nan,2297.0,501620,11526104700.0,1156836,2297.0,571,2296.0,2200,nan,0,nan,0,nan,0,nan,0,nan,0,nan,0,nan,0,nan,0
1597988543326201088,1597988543823000064,2020-08-21 13:42:23.823000,2296.0,2318.0,2284.0,2310.0,nan,2297.0,501620,11526104700.0,1156836,2297.0,572,2296.0,2200,nan,0,nan,0,nan,0,nan,0,nan,0,nan,0,nan,0,nan,0
