local_nano_time,quote_nano_time,datetime,last_price,highest,lowest,open,close,average,volume,amount,open_interest,ask_price1,ask_volume1,bid_price1,bid_volume1,ask_price2,ask_volume2,bid_price2,bid_volume2,ask_price3,ask_volume3,bid_price3,bid_volume3,ask_price4,ask_volume4,bid_price4,bid_volume4,ask_price5,ask_volume5,bid_price5,bid_volume5
1597988229616538112,1597988229500000000,2020-08-21 13:37:09.500000,16055.0,16100.0,15955.0,16085.0,nan,16023.765,18854,1510560325.0,23789,16055.0,12,16050.0,85,16060.0,12,16045.0,4,16065.0,7,16040.0,3,16070.0,10,16035.0,16,16075.0,181,16030.0,36
1597988231122958080,1597988231000000000,2020-08-21 13:37:11.000000,16055.0,16100.0,15955.0,16085.0,nan,16023.765,18854,1510560325.0,23789,16055.0,12,16050.0,85,16060.0,11,16045.0,4,16065.0,7,16040.0,3,16070.0,10,16035.0,16,16075.0,181,16030.0,36
1597988231617498880,1597988231500000000,2020-08-21 13:37:11.500000,16055.0,16100.0,15955.0,16085.0,nan,16023.765,18854,1510560325.0,23789,16055.0,13,16050.0,85,16060.0,11,16045.0,4,16065.0,7,16040.0,3,16070.0,10,16035.0,16,16075.0,181,16030.0,32
1597988232125164032,1597988232000000000,2020-08-21 13:37:12.000000,16045.0,16100.0,15955.0,16085.0,nan,16023.884,18940,1517461800.0,23771,16050.0,2,16045.0,63,16055.0,15,16040.0,3,16060.0,11,16035.0,16,16065.0,7,16030.0,32,16070.0,10,16025.0,6
1597988232618103040,1597988232500000000,2020-08-21 13:37:12.500000,16050.0,16100.0,15955.0,16085.0,nan,16023.906,18958,1518906050.0,23765,16055.0,15,16045.0,54,16060.0,11,16040.0,3,16065.0,7,16035.0,11,16070.0,10,16030.0,36,16075.0,181,16025.0,6
1597988233117422080,1597988233000000000,2020-08-21 13:37:13.000000,16050.0,16100.0,15955.0,16085.0,nan,16023.906,18958,1518906050.0,23765,16050.0,11,16045.0,54,16055.0,17,16040.0,3,16060.0,11,16035.0,12,16065.0,7,16030.0,36,16070.0,9,16025.0,6
1597988233615702016,1597988233500000000,2020-08-21 13:37:13.500000,16050.0,16100.0,15955.0,16085.0,nan,16023.906,18958,1518906050.0,23765,16050.0,6,16045.0,54,16055.0,23,16040.0,4,16060.0,12,16035.0,11,16065.0,8,16030.0,36,16070.0,8,16025.0,6
1597988234620215040,1597988234500000000,2020-08-21 13:37:14.500000,16050.0,16100.0,15955.0,16085.0,nan,16023.914,18964,1519387550.0,23763,16055.0,23,16045.0,54,16060.0,12,16040.0,4,16065.0,8,16035.0,11,16070.0,8,16030.0,36,16075.0,181,16025.0,6
1597988235127642880,1597988235000000000,2020-08-21 13:37:15.000000,16050.0,16100.0,15955.0,16085.0,nan,16023.914,18964,1519387550.0,23763,16055.0,16,16050.0,2,16060.0,12,16045.0,54,16065.0,8,16040.0,6,16070.0,8,16035.0,11,16075.0,181,16030.0,36
1597988235621424128,1597988235500000000,2020-08-21 13:37:15.500000,16050.0,16100.0,15955.0,16085.0,nan,16023.914,18964,1519387550.0,23763,16055.0,17,16050.0,4,16060.0,10,16045.0,55,16065.0,8,16040.0,6,16070.0,8,16035.0,11,16075.0,181,16030.0,36
1597988236111385088,1597988236000000000,2020-08-21 13:37:16.000000,16050.0,16100.0,15955.0,16085.0,nan,16023.914,18964,1519387550.0,23763,16055.0,17,16050.0,2,16060.0,10,16045.0,55,16065.0,8,16040.0,6,16070.0,8,16035.0,11,16075.0,181,16030.0,36
1597988237108933888,1597988237000000000,2020-08-21 13:37:17.000000,16050.0,16100.0,15955.0,16085.0,nan,16023.916,18965,1519467800.0,23764,16055.0,17,16050.0,2,16060.0,10,16045.0,55,16065.0,8,16040.0,6,16070.0,8,16035.0,11,16075.0,181,16030.0,36
1597988237624442112,1597988237500000000,2020-08-21 13:37:17.500000,16050.0,16100.0,15955.0,16085.0,nan,16023.916,18965,1519467800.0,23764,16055.0,18,16050.0,3,16060.0,10,16045.0,55,16065.0,8,16040.0,6,16070.0,8,16035.0,11,16075.0,181,16030.0,36
1597988239127963904,1597988239000000000,2020-08-21 13:37:19.000000,16050.0,16100.0,15955.0,16085.0,nan,16023.917,18966,1519548050.0,23765,16055.0,18,16050.0,2,16060.0,10,16045.0,55,16065.0,8,16040.0,6,16070.0,8,16035.0,11,16075.0,181,16030.0,36
1597988239627279104,1597988239500000000,2020-08-21 13:37:19.500000,16050.0,16100.0,15955.0,16085.0,nan,16023.92,18968,1519708550.0,23765,16055.0,18,16045.0,55,16060.0,10,16040.0,6,16065.0,8,16035.0,11,16070.0,8,16030.0,36,16075.0,181,16025.0,7
1597988240121825024,1597988240000000000,2020-08-21 13:37:20.000000,16050.0,16100.0,15955.0,16085.0,nan,16023.92,18968,1519708550.0,23765,16055.0,18,16050.0,2,16060.0,10,16045.0,55,16065.0,8,16040.0,7,16070.0,8,16035.0,11,16075.0,181,16030.0,36
1597988240624763904,1597988240500000000,2020-08-21 13:37:20.500000,16050.0,16100.0,15955.0,16085.0,nan,16023.92,18968,1519708550.0,23765,16055.0,18,16045.0,55,16060.0,10,16040.0,7,16065.0,8,16035.0,11,16070.0,8,16030.0,36,16075.0,181,16025.0,7
1597988241124297984,1597988241000000000,2020-08-21 13:37:21.000000,16050.0,16100.0,15955.0,16085.0,nan,16023.92,18968,1519708550.0,23765,16055.0,18,16050.0,3,16060.0,10,16045.0,55,16065.0,8,16040.0,7,16070.0,8,16035.0,11,16075.0,181,16030.0,36
1597988241621914880,1597988241500000000,2020-08-21 13:37:21.500000,16050.0,16100.0,15955.0,16085.0,nan,16023.92,18968,1519708550.0,23765,16055.0,18,16045.0,55,16060.0,10,16040.0,7,16065.0,8,16035.0,11,16070.0,8,16030.0,36,16075.0,181,16025.0,7
1597988242136538112,1597988242000000000,2020-08-21 13:37:22.000000,16050.0,16100.0,15955.0,16085.0,nan,16023.92,18968,1519708550.0,23765,16055.0,17,16050.0,3,16060.0,10,16045.0,55,16065.0,8,16040.0,7,16070.0,8,16035.0,11,16075.0,181,16030.0,36
1597988242639751936,1597988242500000000,2020-08-21 13:37:22.500000,16050.0,16100.0,15955.0,16085.0,nan,16023.92,18968,1519708550.0,23765,16055.0,17,16050.0,1,16060.0,10,16045.0,55,16065.0,8,16040.0,7,16070.0,8,16035.0,11,16075.0,181,16030.0,36
1597988248134812928,1597988248000000000,2020-08-21 13:37:28.000000,16050.0,16100.0,15955.0,16085.0,nan,16023.921,18969,1519788800.0,23765,16050.0,1,16045.0,55,16055.0,17,16040.0,7,16060.0,10,16035.0,11,16065.0,8,16030.0,36,16070.0,8,16025.0,7
1597988248630354944,1597988248500000000,2020-08-21 13:37:28.500000,16050.0,16100.0,15955.0,16085.0,nan,16023.925,18972,1520029550.0,23762,16055.0,17,16045.0,55,16060.0,10,16040.0,5,16065.0,8,16035.0,11,16070.0,8,16030.0,36,16075.0,181,16025.0,7
1597988249110598912,1597988249000000000,2020-08-21 13:37:29.000000,16050.0,16100.0,15955.0,16085.0,nan,16023.925,18972,1520029550.0,23762,16055.0,16,16045.0,55,16060.0,10,16040.0,5,16065.0,8,16035.0,11,16070.0,8,16030.0,36,16075.0,181,16025.0,7
1597988249609089024,1597988249500000000,2020-08-21 13:37:29.500000,16050.0,16100.0,15955.0,16085.0,nan,16023.925,18972,1520029550.0,23762,16055.0,17,16045.0,55,16060.0,10,16040.0,5,16065.0,8,16035.0,11,16070.0,8,16030.0,36,16075.0,181,16025.0,7
1597988252630514944,1597988252500000000,2020-08-21 13:37:32.500000,16050.0,16100.0,15955.0,16085.0,nan,16023.925,18972,1520029550.0,23762,16055.0,17,16045.0,55,16060.0,10,16040.0,5,16065.0,8,16035.0,7,16070.0,8,16030.0,36,16075.0,181,16025.0,7
1597988255101501952,1597988255000000000,2020-08-21 13:37:35.000000,16050.0,16100.0,15955.0,16085.0,nan,16023.925,18972,1520029550.0,23762,16055.0,17,16045.0,55,16060.0,15,16040.0,5,16065.0,8,16035.0,7,16070.0,8,16030.0,36,16075.0,181,16025.0,7
1597988256108232960,1597988256000000000,2020-08-21 13:37:36.000000,16050.0,16100.0,15955.0,16085.0,nan,16023.925,18972,1520029550.0,23762,16055.0,17,16045.0,56,16060.0,15,16040.0,5,16065.0,8,16035.0,7,16070.0,8,16030.0,36,16075.0,181,16025.0,7
1597988256634554880,1597988256500000000,2020-08-21 13:37:36.500000,16050.0,16100.0,15955.0,16085.0,nan,16023.925,18972,1520029550.0,23762,16055.0,17,16050.0,10,16060.0,15,16045.0,56,16065.0,8,16040.0,5,16070.0,8,16035.0,7,16075.0,181,16030.0,36
1597988259619505920,1597988259500000000,2020-08-21 13:37:39.500000,16050.0,16100.0,15955.0,16085.0,nan,16023.925,18972,1520029550.0,23762,16055.0,17,16050.0,10,16060.0,15,16045.0,55,16065.0,8,16040.0,5,16070.0,8,16035.0,7,16075.0,181,16030.0,36
1597988260118546944,1597988260000000000,2020-08-21 13:37:40.000000,16050.0,16100.0,15955.0,16085.0,nan,16023.927,18973,1520109800.0,23761,16055.0,17,16050.0,9,16060.0,15,16045.0,55,16065.0,8,16040.0,5,16070.0,8,16035.0,7,16075.0,181,16030.0,36
1597988261144944896,1597988261000000000,2020-08-21 13:37:41.000000,16050.0,16100.0,15955.0,16085.0,nan,16023.931,18976,1520350550.0,23758,16055.0,17,16050.0,6,16060.0,15,16045.0,55,16065.0,8,16040.0,5,16070.0,8,16035.0,7,16075.0,181,16030.0,36
1597988261602610944,1597988261500000000,2020-08-21 13:37:41.500000,16050.0,16100.0,15955.0,16085.0,nan,16023.931,18976,1520350550.0,23758,16055.0,17,16050.0,11,16060.0,15,16045.0,55,16065.0,8,16040.0,5,16070.0,8,16035.0,7,16075.0,181,16030.0,36
1597988262111163904,1597988262000000000,2020-08-21 13:37:42.000000,16050.0,16100.0,15955.0,16085.0,nan,16023.931,18976,1520350550.0,23758,16055.0,17,16050.0,12,16060.0,15,16045.0,55,16065.0,8,16040.0,5,16070.0,8,16035.0,7,16075.0,181,16030.0,36
1597988264132882944,1597988264000000000,2020-08-21 13:37:44.000000,16050.0,16100.0,15955.0,16085.0,nan,16023.931,18976,1520350550.0,23758,16055.0,17,16050.0,12,16060.0,15,16045.0,58,16065.0,8,16040.0,5,16070.0,8,16035.0,7,16075.0,181,16030.0,36
1597988265130917120,1597988265000000000,2020-08-21 13:37:45.000000,16055.0,16100.0,15955.0,16085.0,nan,16023.959,18993,1521715225.0,23756,16060.0,15,16050.0,12,16065.0,8,16045.0,58,16070.0,8,16040.0,5,16075.0,181,16035.0,7,16080.0,22,16030.0,36
1597988265623600128,1597988265500000000,2020-08-21 13:37:45.500000,16055.0,16100.0,15955.0,16085.0,nan,16023.959,18993,1521715225.0,23756,16060.0,14,16050.0,13,16065.0,8,16045.0,59,16070.0,8,16040.0,4,16075.0,181,16035.0,7,16080.0,22,16030.0,36
1597988266141491968,1597988266000000000,2020-08-21 13:37:46.000000,16055.0,16100.0,15955.0,16085.0,nan,16023.959,18993,1521715225.0,23756,16060.0,14,16050.0,13,16065.0,8,16045.0,61,16070.0,8,16040.0,4,16075.0,181,16035.0,7,16080.0,22,16030.0,36
1597988271603361024,1597988271500000000,2020-08-21 13:37:51.500000,16055.0,16100.0,15955.0,16085.0,nan,16023.959,18993,1521715225.0,23756,16060.0,14,16050.0,14,16065.0,8,16045.0,61,16070.0,8,16040.0,4,16075.0,181,16035.0,7,16080.0,22,16030.0,36
1597988274118888960,1597988274000000000,2020-08-21 13:37:54.000000,16055.0,16100.0,15955.0,16085.0,nan,16023.959,18993,1521715225.0,23756,16060.0,14,16050.0,14,16065.0,8,16045.0,61,16070.0,13,16040.0,4,16075.0,181,16035.0,7,16080.0,22,16030.0,36
1597988276635629056,1597988276500000000,2020-08-21 13:37:56.500000,16050.0,16100.0,15955.0,16085.0,nan,16023.96,18994,1521795475.0,23756,16060.0,14,16050.0,13,16065.0,8,16045.0,61,16070.0,13,16040.0,4,16075.0,181,16035.0,7,16080.0,22,16030.0,36
1597988277216423936,1597988277000000000,2020-08-21 13:37:57.000000,16050.0,16100.0,15955.0,16085.0,nan,16023.96,18994,1521795475.0,23756,16060.0,14,16050.0,13,16065.0,8,16045.0,61,16070.0,13,16040.0,4,16075.0,181,16035.0,7,16080.0,22,16030.0,35
1597988279135631104,1597988279000000000,2020-08-21 13:37:59.000000,16050.0,16100.0,15955.0,16085.0,nan,16023.96,18994,1521795475.0,23756,16055.0,1,16050.0,13,16060.0,14,16045.0,61,16065.0,8,16040.0,4,16070.0,13,16035.0,7,16075.0,181,16030.0,35
1597988279639823872,1597988279500000000,2020-08-21 13:37:59.500000,16055.0,16100.0,15955.0,16085.0,nan,16023.962,18995,1521875750.0,23755,16060.0,14,16050.0,14,16065.0,8,16045.0,61,16070.0,14,16040.0,4,16075.0,181,16035.0,7,16080.0,22,16030.0,35
1597988281124890112,1597988281000000000,2020-08-21 13:38:01.000000,16055.0,16100.0,15955.0,16085.0,nan,16023.962,18995,1521875750.0,23755,16060.0,14,16055.0,1,16065.0,8,16050.0,14,16070.0,14,16045.0,62,16075.0,181,16040.0,4,16080.0,22,16035.0,7
1597988281615586048,1597988281500000000,2020-08-21 13:38:01.500000,16055.0,16100.0,15955.0,16085.0,nan,16023.962,18995,1521875750.0,23755,16060.0,14,16055.0,1,16065.0,8,16050.0,16,16070.0,14,16045.0,62,16075.0,181,16040.0,4,16080.0,22,16035.0,7
1597988282630722048,1597988282500000000,2020-08-21 13:38:02.500000,16055.0,16100.0,15955.0,16085.0,nan,16023.962,18995,1521875750.0,23755,16060.0,14,16055.0,1,16065.0,8,16050.0,15,16070.0,14,16045.0,62,16075.0,181,16040.0,4,16080.0,22,16035.0,7
1597988283115024896,1597988283000000000,2020-08-21 13:38:03.000000,16055.0,16100.0,15955.0,16085.0,nan,16023.962,18995,1521875750.0,23755,16060.0,14,16055.0,3,16065.0,8,16050.0,15,16070.0,14,16045.0,63,16075.0,181,16040.0,4,16080.0,22,16035.0,7
1597988283621575936,1597988283500000000,2020-08-21 13:38:03.500000,16055.0,16100.0,15955.0,16085.0,nan,16023.962,18995,1521875750.0,23755,16060.0,14,16055.0,5,16065.0,8,16050.0,26,16070.0,14,16045.0,63,16075.0,181,16040.0,4,16080.0,22,16035.0,7
1597988285119262976,1597988285000000000,2020-08-21 13:38:05.000000,16055.0,16100.0,15955.0,16085.0,nan,16023.962,18995,1521875750.0,23755,16060.0,14,16055.0,6,16065.0,8,16050.0,26,16070.0,14,16045.0,63,16075.0,181,16040.0,4,16080.0,22,16035.0,7
1597988287127593984,1597988287000000000,2020-08-21 13:38:07.000000,16055.0,16100.0,15955.0,16085.0,nan,16023.962,18995,1521875750.0,23755,16060.0,14,16055.0,6,16065.0,9,16050.0,26,16070.0,14,16045.0,63,16075.0,181,16040.0,4,16080.0,22,16035.0,7
1597988287620087040,1597988287500000000,2020-08-21 13:38:07.500000,16055.0,16100.0,15955.0,16085.0,nan,16023.962,18995,1521875750.0,23755,16060.0,14,16055.0,6,16065.0,9,16050.0,26,16070.0,14,16045.0,63,16075.0,181,16040.0,4,16080.0,22,16035.0,8
1597988288611941120,1597988288500000000,2020-08-21 13:38:08.500000,16060.0,16100.0,15955.0,16085.0,nan,16023.971,19000,1522277250.0,23755,16060.0,9,16055.0,6,16065.0,9,16050.0,26,16070.0,14,16045.0,63,16075.0,181,16040.0,4,16080.0,22,16035.0,8
1597988289105765888,1597988289000000000,2020-08-21 13:38:09.000000,16060.0,16100.0,15955.0,16085.0,nan,16023.971,19000,1522277250.0,23755,16060.0,9,16055.0,6,16065.0,9,16050.0,27,16070.0,14,16045.0,63,16075.0,181,16040.0,4,16080.0,22,16035.0,8
1597988290604059904,1597988290500000000,2020-08-21 13:38:10.500000,16060.0,16100.0,15955.0,16085.0,nan,16023.971,19000,1522277250.0,23755,16060.0,10,16055.0,6,16065.0,9,16050.0,27,16070.0,14,16045.0,63,16075.0,181,16040.0,4,16080.0,22,16035.0,8
1597988291622409984,1597988291500000000,2020-08-21 13:38:11.500000,16060.0,16100.0,15955.0,16085.0,nan,16023.971,19000,1522277250.0,23755,16060.0,11,16055.0,6,16065.0,9,16050.0,27,16070.0,14,16045.0,63,16075.0,181,16040.0,4,16080.0,22,16035.0,8
1597988296632634880,1597988296500000000,2020-08-21 13:38:16.500000,16060.0,16100.0,15955.0,16085.0,nan,16023.971,19000,1522277250.0,23755,16060.0,11,16055.0,6,16065.0,9,16050.0,27,16070.0,14,16045.0,60,16075.0,181,16040.0,4,16080.0,22,16035.0,8
1597988297135228928,1597988297000000000,2020-08-21 13:38:17.000000,16060.0,16100.0,15955.0,16085.0,nan,16023.973,19001,1522357550.0,23754,16060.0,11,16055.0,7,16065.0,9,16050.0,27,16070.0,14,16045.0,60,16075.0,181,16040.0,4,16080.0,22,16035.0,8
1597988300619493120,1597988300500000000,2020-08-21 13:38:20.500000,16060.0,16100.0,15955.0,16085.0,nan,16023.973,19001,1522357550.0,23754,16060.0,11,16055.0,5,16065.0,9,16050.0,27,16070.0,14,16045.0,60,16075.0,181,16040.0,4,16080.0,22,16035.0,8
1597988301841840128,1597988301500000000,2020-08-21 13:38:21.500000,16055.0,16100.0,15955.0,16085.0,nan,16023.975,19002,1522437825.0,23754,16060.0,11,16055.0,6,16065.0,9,16050.0,27,16070.0,14,16045.0,60,16075.0,181,16040.0,4,16080.0,22,16035.0,8
1597988302136359936,1597988302000000000,2020-08-21 13:38:22.000000,16055.0,16100.0,15955.0,16085.0,nan,16023.975,19002,1522437825.0,23754,16060.0,11,16055.0,8,16065.0,9,16050.0,30,16070.0,14,16045.0,60,16075.0,181,16040.0,4,16080.0,22,16035.0,8
1597988303799779072,1597988303500000000,2020-08-21 13:38:23.500000,16055.0,16100.0,15955.0,16085.0,nan,16023.976,19003,1522518100.0,23754,16060.0,11,16055.0,7,16065.0,9,16050.0,30,16070.0,14,16045.0,60,16075.0,181,16040.0,4,16080.0,22,16035.0,8
1597988304625881088,1597988304500000000,2020-08-21 13:38:24.500000,16055.0,16100.0,15955.0,16085.0,nan,16023.981,19006,1522758925.0,23752,16060.0,11,16055.0,4,16065.0,9,16050.0,30,16070.0,14,16045.0,60,16075.0,181,16040.0,4,16080.0,22,16035.0,8
1597988305108346112,1597988305000000000,2020-08-21 13:38:25.000000,16055.0,16100.0,15955.0,16085.0,nan,16023.981,19006,1522758925.0,23752,16060.0,11,16055.0,6,16065.0,9,16050.0,30,16070.0,14,16045.0,60,16075.0,181,16040.0,4,16080.0,22,16035.0,8
1597988305626180096,1597988305500000000,2020-08-21 13:38:25.500000,16055.0,16100.0,15955.0,16085.0,nan,16023.983,19007,1522839200.0,23752,16060.0,11,16055.0,5,16065.0,9,16050.0,30,16070.0,14,16045.0,60,16075.0,181,16040.0,4,16080.0,22,16035.0,8
1597988308123036928,1597988308000000000,2020-08-21 13:38:28.000000,16055.0,16100.0,15955.0,16085.0,nan,16023.983,19007,1522839200.0,23752,16060.0,11,16055.0,1,16065.0,9,16050.0,25,16070.0,14,16045.0,60,16075.0,181,16040.0,4,16080.0,22,16035.0,8
1597988309125296128,1597988309000000000,2020-08-21 13:38:29.000000,16055.0,16100.0,15955.0,16085.0,nan,16023.983,19007,1522839200.0,23752,16060.0,11,16055.0,5,16065.0,9,16050.0,25,16070.0,14,16045.0,60,16075.0,181,16040.0,4,16080.0,22,16035.0,8
1597988309806227968,1597988309500000000,2020-08-21 13:38:29.500000,16055.0,16100.0,15955.0,16085.0,nan,16023.983,19007,1522839200.0,23752,16060.0,11,16055.0,10,16065.0,9,16050.0,25,16070.0,14,16045.0,60,16075.0,181,16040.0,4,16080.0,22,16035.0,8
1597988310620153088,1597988310500000000,2020-08-21 13:38:30.500000,16055.0,16100.0,15955.0,16085.0,nan,16023.983,19007,1522839200.0,23752,16060.0,11,16055.0,11,16065.0,9,16050.0,25,16070.0,14,16045.0,60,16075.0,181,16040.0,4,16080.0,22,16035.0,8
1597988311613851904,1597988311500000000,2020-08-21 13:38:31.500000,16055.0,16100.0,15955.0,16085.0,nan,16023.983,19007,1522839200.0,23752,16060.0,11,16055.0,11,16065.0,9,16050.0,27,16070.0,14,16045.0,58,16075.0,181,16040.0,4,16080.0,22,16035.0,8
1597988312117159936,1597988312000000000,2020-08-21 13:38:32.000000,16055.0,16100.0,15955.0,16085.0,nan,16023.983,19007,1522839200.0,23752,16060.0,11,16055.0,9,16065.0,9,16050.0,27,16070.0,14,16045.0,58,16075.0,181,16040.0,4,16080.0,22,16035.0,8
1597988313114511104,1597988313000000000,2020-08-21 13:38:33.000000,16055.0,16100.0,15955.0,16085.0,nan,16023.983,19007,1522839200.0,23752,16060.0,11,16055.0,12,16065.0,9,16050.0,27,16070.0,14,16045.0,58,16075.0,181,16040.0,4,16080.0,22,16035.0,8
1597988315123916032,1597988315000000000,2020-08-21 13:38:35.000000,16055.0,16100.0,15955.0,16085.0,nan,16023.983,19007,1522839200.0,23752,16060.0,11,16055.0,14,16065.0,9,16050.0,27,16070.0,14,16045.0,58,16075.0,181,16040.0,4,16080.0,22,16035.0,8
1597988317125282048,1597988317000000000,2020-08-21 13:38:37.000000,16055.0,16100.0,15955.0,16085.0,nan,16023.983,19007,1522839200.0,23752,16060.0,10,16055.0,14,16065.0,9,16050.0,27,16070.0,14,16045.0,58,16075.0,181,16040.0,4,16080.0,22,16035.0,8
1597988318161626880,1597988318000000000,2020-08-21 13:38:38.000000,16055.0,16100.0,15955.0,16085.0,nan,16023.986,19009,1522999750.0,23751,16060.0,10,16055.0,14,16065.0,9,16050.0,27,16070.0,14,16045.0,58,16075.0,181,16040.0,4,16080.0,22,16035.0,8
1597988318616033024,1597988318500000000,2020-08-21 13:38:38.500000,16060.0,16100.0,15955.0,16085.0,nan,16024.005,19019,1523802750.0,23755,16065.0,9,16055.0,15,16070.0,14,16050.0,27,16075.0,181,16045.0,58,16080.0,22,16040.0,4,16085.0,15,16035.0,8
1597988319111010048,1597988319000000000,2020-08-21 13:38:39.000000,16060.0,16100.0,15955.0,16085.0,nan,16024.005,19019,1523802750.0,23755,16065.0,9,16055.0,16,16070.0,13,16050.0,26,16075.0,181,16045.0,58,16080.0,23,16040.0,4,16085.0,15,16035.0,8
1597988319625636096,1597988319500000000,2020-08-21 13:38:39.500000,16060.0,16100.0,15955.0,16085.0,nan,16024.005,19019,1523802750.0,23755,16065.0,10,16060.0,1,16070.0,13,16055.0,16,16075.0,181,16050.0,28,16080.0,23,16045.0,56,16085.0,15,16040.0,4
1597988320124463104,1597988320000000000,2020-08-21 13:38:40.000000,16060.0,16100.0,15955.0,16085.0,nan,16024.005,19019,1523802750.0,23755,16065.0,9,16060.0,2,16070.0,13,16055.0,15,16075.0,181,16050.0,29,16080.0,23,16045.0,57,16085.0,14,16040.0,5
1597988320614612992,1597988320500000000,2020-08-21 13:38:40.500000,16060.0,16100.0,15955.0,16085.0,nan,16024.011,19022,1524043650.0,23752,16060.0,1,16055.0,15,16065.0,9,16050.0,29,16070.0,14,16045.0,57,16075.0,181,16040.0,5,16080.0,23,16035.0,8
1597988321121982976,1597988321000000000,2020-08-21 13:38:41.000000,16055.0,16100.0,15955.0,16085.0,nan,16024.016,19025,1524284500.0,23752,16065.0,9,16055.0,13,16070.0,14,16050.0,29,16075.0,181,16045.0,57,16080.0,23,16040.0,5,16085.0,14,16035.0,8
1597988321622735104,1597988321500000000,2020-08-21 13:38:41.500000,16065.0,16100.0,15955.0,16085.0,nan,16024.018,19026,1524364825.0,23752,16065.0,8,16060.0,1,16070.0,14,16055.0,13,16075.0,181,16050.0,30,16080.0,23,16045.0,57,16085.0,14,16040.0,15
1597988322115805952,1597988322000000000,2020-08-21 13:38:42.000000,16060.0,16100.0,15955.0,16085.0,nan,16024.02,19027,1524445125.0,23751,16065.0,8,16055.0,13,16070.0,14,16050.0,30,16075.0,181,16045.0,57,16080.0,23,16040.0,15,16085.0,14,16035.0,8
1597988324622016000,1597988324500000000,2020-08-21 13:38:44.500000,16060.0,16100.0,15955.0,16085.0,nan,16024.02,19027,1524445125.0,23751,16065.0,8,16060.0,4,16070.0,14,16055.0,13,16075.0,181,16050.0,30,16080.0,23,16045.0,57,16085.0,14,16040.0,15
1597988325131728896,1597988325000000000,2020-08-21 13:38:45.000000,16060.0,16100.0,15955.0,16085.0,nan,16024.024,19029,1524605725.0,23751,16065.0,8,16060.0,2,16070.0,14,16055.0,13,16075.0,181,16050.0,30,16080.0,23,16045.0,57,16085.0,14,16040.0,15
1597988325632389888,1597988325500000000,2020-08-21 13:38:45.500000,16060.0,16100.0,15955.0,16085.0,nan,16024.024,19029,1524605725.0,23751,16065.0,8,16060.0,4,16070.0,14,16055.0,11,16075.0,181,16050.0,30,16080.0,23,16045.0,57,16085.0,14,16040.0,15
1597988326132421888,1597988326000000000,2020-08-21 13:38:46.000000,16060.0,16100.0,15955.0,16085.0,nan,16024.031,19033,1524926925.0,23751,16065.0,8,16060.0,3,16070.0,14,16055.0,11,16075.0,181,16050.0,30,16080.0,23,16045.0,57,16085.0,14,16040.0,15
1597988327119681024,1597988327000000000,2020-08-21 13:38:47.000000,16060.0,16100.0,15955.0,16085.0,nan,16024.031,19033,1524926925.0,23751,16065.0,12,16060.0,6,16070.0,14,16055.0,11,16075.0,181,16050.0,30,16080.0,23,16045.0,57,16085.0,14,16040.0,15
1597988330645370880,1597988330500000000,2020-08-21 13:38:50.500000,16065.0,16100.0,15955.0,16085.0,nan,16024.033,19034,1525007250.0,23752,16065.0,11,16060.0,12,16070.0,14,16055.0,11,16075.0,181,16050.0,30,16080.0,23,16045.0,57,16085.0,14,16040.0,15
1597988333667109120,1597988333500000000,2020-08-21 13:38:53.500000,16065.0,16100.0,15955.0,16085.0,nan,16024.033,19034,1525007250.0,23752,16065.0,12,16060.0,12,16070.0,14,16055.0,11,16075.0,181,16050.0,30,16080.0,23,16045.0,57,16085.0,14,16040.0,15
1597988337134861056,1597988337000000000,2020-08-21 13:38:57.000000,16065.0,16100.0,15955.0,16085.0,nan,16024.033,19034,1525007250.0,23752,16065.0,12,16060.0,10,16070.0,14,16055.0,11,16075.0,181,16050.0,30,16080.0,23,16045.0,57,16085.0,14,16040.0,15
1597988339633767936,1597988339500000000,2020-08-21 13:38:59.500000,16065.0,16100.0,15955.0,16085.0,nan,16024.033,19034,1525007250.0,23752,16065.0,12,16060.0,11,16070.0,14,16055.0,11,16075.0,181,16050.0,30,16080.0,23,16045.0,57,16085.0,14,16040.0,15
1597988340110607872,1597988340000000000,2020-08-21 13:39:00.000000,16065.0,16100.0,15955.0,16085.0,nan,16024.044,19039,1525408875.0,23748,16065.0,7,16060.0,11,16070.0,14,16055.0,11,16075.0,181,16050.0,30,16080.0,23,16045.0,57,16085.0,14,16040.0,15
1597988340629746944,1597988340500000000,2020-08-21 13:39:00.500000,16065.0,16100.0,15955.0,16085.0,nan,16024.046,19040,1525489200.0,23749,16065.0,6,16060.0,11,16070.0,14,16055.0,11,16075.0,181,16050.0,30,16080.0,23,16045.0,57,16085.0,14,16040.0,15
1597988341651671040,1597988341500000000,2020-08-21 13:39:01.500000,16065.0,16100.0,15955.0,16085.0,nan,16024.048,19041,1525569525.0,23749,16065.0,5,16060.0,11,16070.0,14,16055.0,13,16075.0,181,16050.0,25,16080.0,23,16045.0,57,16085.0,14,16040.0,15
1597988342159977984,1597988342000000000,2020-08-21 13:39:02.000000,16065.0,16100.0,15955.0,16085.0,nan,16024.048,19041,1525569525.0,23749,16065.0,5,16060.0,11,16070.0,14,16055.0,13,16075.0,182,16050.0,25,16080.0,23,16045.0,57,16085.0,14,16040.0,15
1597988342708681984,1597988342500000000,2020-08-21 13:39:02.500000,16065.0,16100.0,15955.0,16085.0,nan,16024.051,19042,1525649850.0,23749,16065.0,5,16060.0,14,16070.0,14,16055.0,13,16075.0,182,16050.0,25,16080.0,23,16045.0,57,16085.0,14,16040.0,15
1597988343633712128,1597988343500000000,2020-08-21 13:39:03.500000,16065.0,16100.0,15955.0,16085.0,nan,16024.053,19043,1525730175.0,23749,16065.0,5,16060.0,16,16070.0,14,16055.0,13,16075.0,182,16050.0,25,16080.0,23,16045.0,57,16085.0,14,16040.0,15
1597988344133580032,1597988344000000000,2020-08-21 13:39:04.000000,16065.0,16100.0,15955.0,16085.0,nan,16024.053,19043,1525730175.0,23749,16065.0,6,16060.0,16,16070.0,14,16055.0,13,16075.0,182,16050.0,25,16080.0,23,16045.0,57,16085.0,14,16040.0,15
1597988344615674112,1597988344500000000,2020-08-21 13:39:04.500000,16065.0,16100.0,15955.0,16085.0,nan,16024.055,19044,1525810500.0,23749,16065.0,5,16060.0,16,16070.0,14,16055.0,13,16075.0,182,16050.0,25,16080.0,23,16045.0,57,16085.0,14,16040.0,15
1597988346150093056,1597988346000000000,2020-08-21 13:39:06.000000,16065.0,16100.0,15955.0,16085.0,nan,16024.055,19044,1525810500.0,23749,16065.0,6,16060.0,17,16070.0,14,16055.0,13,16075.0,182,16050.0,25,16080.0,23,16045.0,57,16085.0,14,16040.0,15
1597988347641943040,1597988347500000000,2020-08-21 13:39:07.500000,16065.0,16100.0,15955.0,16085.0,nan,16024.055,19044,1525810500.0,23749,16065.0,9,16060.0,17,16070.0,14,16055.0,13,16075.0,182,16050.0,25,16080.0,23,16045.0,57,16085.0,14,16040.0,15
1597988348117605120,1597988348000000000,2020-08-21 13:39:08.000000,16060.0,16100.0,15955.0,16085.0,nan,16024.085,19060,1527095300.0,23745,16065.0,10,16055.0,13,16070.0,14,16050.0,25,16075.0,182,16045.0,57,16080.0,23,16040.0,15,16085.0,14,16035.0,5
1597988348628913920,1597988348500000000,2020-08-21 13:39:08.500000,16055.0,16100.0,15955.0,16085.0,nan,16024.096,19066,1527577075.0,23744,16065.0,10,16060.0,2,16070.0,14,16055.0,12,16075.0,182,16050.0,23,16080.0,23,16045.0,57,16085.0,14,16040.0,15
1597988349150418944,1597988349000000000,2020-08-21 13:39:09.000000,16060.0,16100.0,15955.0,16085.0,nan,16024.1,19068,1527737675.0,23744,16060.0,2,16055.0,12,16065.0,13,16050.0,23,16070.0,17,16045.0,60,16075.0,182,16040.0,15,16080.0,23,16035.0,5
1597988349606194944,1597988349500000000,2020-08-21 13:39:09.500000,16060.0,16100.0,15955.0,16085.0,nan,16024.1,19068,1527737675.0,23744,16060.0,6,16055.0,13,16065.0,18,16050.0,23,16070.0,17,16045.0,60,16075.0,182,16040.0,15,16080.0,23,16035.0,5
1597988350110607104,1597988350000000000,2020-08-21 13:39:10.000000,16060.0,16100.0,15955.0,16085.0,nan,16024.1,19068,1527737675.0,23744,16060.0,9,16055.0,8,16065.0,18,16050.0,23,16070.0,17,16045.0,60,16075.0,182,16040.0,14,16080.0,23,16035.0,5
1597988350653935104,1597988350500000000,2020-08-21 13:39:10.500000,16060.0,16100.0,15955.0,16085.0,nan,16024.1,19068,1527737675.0,23744,16060.0,9,16055.0,8,16065.0,21,16050.0,23,16070.0,14,16045.0,60,16075.0,182,16040.0,14,16080.0,23,16035.0,6
1597988351140680960,1597988351000000000,2020-08-21 13:39:11.000000,16060.0,16100.0,15955.0,16085.0,nan,16024.1,19068,1527737675.0,23744,16060.0,9,16055.0,9,16065.0,21,16050.0,23,16070.0,14,16045.0,60,16075.0,182,16040.0,14,16080.0,23,16035.0,6
1597988352680006912,1597988352500000000,2020-08-21 13:39:12.500000,16060.0,16100.0,15955.0,16085.0,nan,16024.1,19068,1527737675.0,23744,16060.0,9,16055.0,12,16065.0,21,16050.0,23,16070.0,14,16045.0,60,16075.0,182,16040.0,14,16080.0,23,16035.0,6
1597988353164947968,1597988353000000000,2020-08-21 13:39:13.000000,16060.0,16100.0,15955.0,16085.0,nan,16024.1,19068,1527737675.0,23744,16060.0,7,16055.0,12,16065.0,21,16050.0,23,16070.0,14,16045.0,60,16075.0,182,16040.0,14,16080.0,23,16035.0,6
1597988353627568128,1597988353500000000,2020-08-21 13:39:13.500000,16060.0,16100.0,15955.0,16085.0,nan,16024.1,19068,1527737675.0,23744,16060.0,4,16055.0,12,16065.0,18,16050.0,23,16070.0,17,16045.0,60,16075.0,182,16040.0,14,16080.0,23,16035.0,6
1597988354124916992,1597988354000000000,2020-08-21 13:39:14.000000,16060.0,16100.0,15955.0,16085.0,nan,16024.1,19068,1527737675.0,23744,16060.0,2,16055.0,12,16065.0,21,16050.0,23,16070.0,17,16045.0,60,16075.0,182,16040.0,14,16080.0,23,16035.0,6
1597988354630359040,1597988354500000000,2020-08-21 13:39:14.500000,16060.0,16100.0,15955.0,16085.0,nan,16024.1,19068,1527737675.0,23744,16060.0,2,16055.0,13,16065.0,21,16050.0,23,16070.0,17,16045.0,60,16075.0,182,16040.0,14,16080.0,23,16035.0,6
1597988356608705024,1597988356500000000,2020-08-21 13:39:16.500000,16060.0,16100.0,15955.0,16085.0,nan,16024.1,19068,1527737675.0,23744,16060.0,6,16055.0,13,16065.0,21,16050.0,23,16070.0,17,16045.0,60,16075.0,182,16040.0,14,16080.0,23,16035.0,6
1597988357113835008,1597988357000000000,2020-08-21 13:39:17.000000,16060.0,16100.0,15955.0,16085.0,nan,16024.1,19068,1527737675.0,23744,16060.0,9,16055.0,12,16065.0,21,16050.0,23,16070.0,17,16045.0,60,16075.0,182,16040.0,14,16080.0,23,16035.0,6
1597988357607918080,1597988357500000000,2020-08-21 13:39:17.500000,16060.0,16100.0,15955.0,16085.0,nan,16024.1,19068,1527737675.0,23744,16060.0,9,16055.0,9,16065.0,21,16050.0,23,16070.0,17,16045.0,60,16075.0,182,16040.0,14,16080.0,23,16035.0,6
1597988358127802880,1597988358000000000,2020-08-21 13:39:18.000000,16060.0,16100.0,15955.0,16085.0,nan,16024.1,19068,1527737675.0,23744,16060.0,10,16055.0,9,16065.0,21,16050.0,23,16070.0,17,16045.0,60,16075.0,182,16040.0,14,16080.0,23,16035.0,6
1597988358627387904,1597988358500000000,2020-08-21 13:39:18.500000,16060.0,16100.0,15955.0,16085.0,nan,16024.1,19068,1527737675.0,23744,16060.0,11,16055.0,9,16065.0,21,16050.0,23,16070.0,17,16045.0,60,16075.0,182,16040.0,14,16080.0,23,16035.0,6
1597988361125236992,1597988361000000000,2020-08-21 13:39:21.000000,16060.0,16100.0,15955.0,16085.0,nan,16024.1,19068,1527737675.0,23744,16060.0,12,16055.0,9,16065.0,21,16050.0,23,16070.0,17,16045.0,60,16075.0,182,16040.0,14,16080.0,23,16035.0,6
1597988361620851968,1597988361500000000,2020-08-21 13:39:21.500000,16055.0,16100.0,15955.0,16085.0,nan,16024.116,19078,1528540425.0,23740,16055.0,20,16050.0,24,16060.0,12,16045.0,60,16065.0,21,16040.0,14,16070.0,17,16035.0,6,16075.0,182,16030.0,34
1597988362123414016,1597988362000000000,2020-08-21 13:39:22.000000,16055.0,16100.0,15955.0,16085.0,nan,16024.116,19078,1528540425.0,23740,16055.0,21,16050.0,24,16060.0,13,16045.0,59,16065.0,21,16040.0,14,16070.0,16,16035.0,8,16075.0,182,16030.0,34
1597988362642979072,1597988362500000000,2020-08-21 13:39:22.500000,16055.0,16100.0,15955.0,16085.0,nan,16024.116,19078,1528540425.0,23740,16055.0,21,16050.0,23,16060.0,13,16045.0,59,16065.0,21,16040.0,14,16070.0,16,16035.0,8,16075.0,182,16030.0,34
1597988363137056000,1597988363000000000,2020-08-21 13:39:23.000000,16060.0,16100.0,15955.0,16085.0,nan,16024.174,19112,1531270100.0,23714,16065.0,23,16060.0,66,16070.0,13,16050.0,23,16075.0,182,16045.0,56,16080.0,23,16040.0,17,16085.0,14,16035.0,8
1597988363624257024,1597988363500000000,2020-08-21 13:39:23.500000,16055.0,16100.0,15955.0,16085.0,nan,16024.299,19179,1536650175.0,23702,16060.0,7,16055.0,3,16065.0,21,16050.0,23,16070.0,13,16045.0,56,16075.0,182,16040.0,17,16080.0,23,16035.0,7
1597988364114637056,1597988364000000000,2020-08-21 13:39:24.000000,16055.0,16100.0,15955.0,16085.0,nan,16024.304,19182,1536891000.0,23700,16055.0,6,16050.0,26,16060.0,8,16045.0,56,16065.0,23,16040.0,14,16070.0,16,16035.0,7,16075.0,182,16030.0,34
1597988364616165888,1597988364500000000,2020-08-21 13:39:24.500000,16055.0,16100.0,15955.0,16085.0,nan,16024.315,19189,1537452925.0,23695,16060.0,8,16055.0,3,16065.0,23,16050.0,23,16070.0,16,16045.0,59,16075.0,182,16040.0,14,16080.0,23,16035.0,7
1597988365117392896,1597988365000000000,2020-08-21 13:39:25.000000,16055.0,16100.0,15955.0,16085.0,nan,16024.315,19189,1537452925.0,23695,16060.0,10,16055.0,5,16065.0,23,16050.0,23,16070.0,16,16045.0,56,16075.0,182,16040.0,17,16080.0,23,16035.0,7
1597988365626146048,1597988365500000000,2020-08-21 13:39:25.500000,16055.0,16100.0,15955.0,16085.0,nan,16024.315,19189,1537452925.0,23695,16060.0,8,16055.0,5,16065.0,25,16050.0,23,16070.0,13,16045.0,56,16075.0,182,16040.0,17,16080.0,23,16035.0,7
1597988367617608960,1597988367500000000,2020-08-21 13:39:27.500000,16055.0,16100.0,15955.0,16085.0,nan,16024.315,19189,1537452925.0,23695,16060.0,8,16055.0,5,16065.0,25,16050.0,23,16070.0,14,16045.0,56,16075.0,182,16040.0,17,16080.0,23,16035.0,7
1597988368123726080,1597988368000000000,2020-08-21 13:39:28.000000,16055.0,16100.0,15955.0,16085.0,nan,16024.315,19189,1537452925.0,23695,16060.0,8,16055.0,5,16065.0,25,16050.0,18,16070.0,14,16045.0,56,16075.0,182,16040.0,17,16080.0,23,16035.0,7
1597988372126168064,1597988372000000000,2020-08-21 13:39:32.000000,16055.0,16100.0,15955.0,16085.0,nan,16024.315,19189,1537452925.0,23695,16060.0,8,16055.0,5,16065.0,25,16050.0,23,16070.0,14,16045.0,56,16075.0,182,16040.0,17,16080.0,23,16035.0,7
1597988372632244992,1597988372500000000,2020-08-21 13:39:32.500000,16055.0,16100.0,15955.0,16085.0,nan,16024.315,19189,1537452925.0,23695,16060.0,9,16055.0,5,16065.0,25,16050.0,23,16070.0,14,16045.0,56,16075.0,182,16040.0,17,16080.0,23,16035.0,7
1597988373129650944,1597988373000000000,2020-08-21 13:39:33.000000,16055.0,16100.0,15955.0,16085.0,nan,16024.315,19189,1537452925.0,23695,16060.0,9,16055.0,7,16065.0,25,16050.0,23,16070.0,14,16045.0,56,16075.0,182,16040.0,17,16080.0,23,16035.0,7
1597988376636103936,1597988376500000000,2020-08-21 13:39:36.500000,16055.0,16100.0,15955.0,16085.0,nan,16024.315,19189,1537452925.0,23695,16060.0,9,16055.0,13,16065.0,25,16050.0,23,16070.0,14,16045.0,56,16075.0,182,16040.0,17,16080.0,23,16035.0,7
1597988377122985984,1597988377000000000,2020-08-21 13:39:37.000000,16055.0,16100.0,15955.0,16085.0,nan,16024.315,19189,1537452925.0,23695,16060.0,8,16055.0,13,16065.0,25,16050.0,23,16070.0,14,16045.0,56,16075.0,182,16040.0,17,16080.0,23,16035.0,7
1597988377624164096,1597988377500000000,2020-08-21 13:39:37.500000,16055.0,16100.0,15955.0,16085.0,nan,16024.315,19189,1537452925.0,23695,16060.0,8,16055.0,13,16065.0,25,16050.0,23,16070.0,14,16045.0,3,16075.0,182,16040.0,17,16080.0,23,16035.0,7
1597988384615781888,1597988384500000000,2020-08-21 13:39:44.500000,16055.0,16100.0,15955.0,16085.0,nan,16024.315,19189,1537452925.0,23695,16060.0,8,16055.0,13,16065.0,25,16050.0,76,16070.0,14,16045.0,3,16075.0,182,16040.0,17,16080.0,23,16035.0,7
1597988385122235904,1597988385000000000,2020-08-21 13:39:45.000000,16060.0,16100.0,15955.0,16085.0,nan,16024.33,19197,1538095325.0,23693,16065.0,25,16055.0,15,16070.0,14,16050.0,76,16075.0,179,16045.0,3,16080.0,23,16040.0,17,16085.0,14,16035.0,7
1597988385609906944,1597988385500000000,2020-08-21 13:39:45.500000,16060.0,16100.0,15955.0,16085.0,nan,16024.33,19197,1538095325.0,23693,16065.0,25,16055.0,16,16070.0,15,16050.0,76,16075.0,179,16045.0,3,16080.0,23,16040.0,17,16085.0,14,16035.0,7
1597988386621288960,1597988386500000000,2020-08-21 13:39:46.500000,16060.0,16100.0,15955.0,16085.0,nan,16024.332,19198,1538175625.0,23694,16065.0,25,16060.0,4,16070.0,15,16055.0,16,16075.0,179,16050.0,76,16080.0,23,16045.0,3,16085.0,14,16040.0,17
1597988387120151040,1597988387000000000,2020-08-21 13:39:47.000000,16060.0,16100.0,15955.0,16085.0,nan,16024.336,19200,1538336225.0,23695,16065.0,25,16060.0,2,16070.0,15,16055.0,13,16075.0,179,16050.0,76,16080.0,23,16045.0,6,16085.0,14,16040.0,15
1597988387629769984,1597988387500000000,2020-08-21 13:39:47.500000,16060.0,16100.0,15955.0,16085.0,nan,16024.339,19202,1538496825.0,23696,16060.0,3,16055.0,13,16065.0,22,16050.0,79,16070.0,18,16045.0,3,16075.0,179,16040.0,15,16080.0,23,16035.0,6
1597988388122710016,1597988388000000000,2020-08-21 13:39:48.000000,16060.0,16100.0,15955.0,16085.0,nan,16024.345,19205,1538737725.0,23693,16065.0,15,16060.0,7,16070.0,18,16055.0,13,16075.0,179,16050.0,76,16080.0,23,16045.0,6,16085.0,14,16040.0,15
1597988388629521920,1597988388500000000,2020-08-21 13:39:48.500000,16065.0,16100.0,15955.0,16085.0,nan,16024.347,19206,1538818050.0,23693,16065.0,14,16060.0,7,16070.0,18,16055.0,13,16075.0,179,16050.0,76,16080.0,23,16045.0,3,16085.0,14,16040.0,18
1597988389118631936,1597988389000000000,2020-08-21 13:39:49.000000,16065.0,16100.0,15955.0,16085.0,nan,16024.347,19206,1538818050.0,23693,16065.0,14,16060.0,7,16070.0,18,16055.0,13,16075.0,178,16050.0,76,16080.0,23,16045.0,6,16085.0,14,16040.0,15
1597988389611748096,1597988389500000000,2020-08-21 13:39:49.500000,16065.0,16100.0,15955.0,16085.0,nan,16024.347,19206,1538818050.0,23693,16065.0,14,16060.0,7,16070.0,18,16055.0,13,16075.0,178,16050.0,76,16080.0,24,16045.0,6,16085.0,14,16040.0,15
1597988390120957952,1597988390000000000,2020-08-21 13:39:50.000000,16065.0,16100.0,15955.0,16085.0,nan,16024.347,19206,1538818050.0,23693,16065.0,14,16060.0,7,16070.0,18,16055.0,14,16075.0,178,16050.0,76,16080.0,24,16045.0,6,16085.0,14,16040.0,15
1597988391612525056,1597988391500000000,2020-08-21 13:39:51.500000,16065.0,16100.0,15955.0,16085.0,nan,16024.347,19206,1538818050.0,23693,16065.0,14,16060.0,11,16070.0,18,16055.0,14,16075.0,178,16050.0,76,16080.0,24,16045.0,6,16085.0,14,16040.0,15
1597988392116987904,1597988392000000000,2020-08-21 13:39:52.000000,16060.0,16100.0,15955.0,16085.0,nan,16024.349,19207,1538898350.0,23692,16065.0,14,16060.0,10,16070.0,18,16055.0,14,16075.0,178,16050.0,76,16080.0,24,16045.0,6,16085.0,14,16040.0,15
1597988393159354112,1597988393000000000,2020-08-21 13:39:53.000000,16065.0,16100.0,15955.0,16085.0,nan,16024.37,19217,1539701600.0,23697,16065.0,4,16060.0,10,16070.0,18,16055.0,14,16075.0,178,16050.0,76,16080.0,24,16045.0,6,16085.0,14,16040.0,16
1597988393607537920,1597988393500000000,2020-08-21 13:39:53.500000,16065.0,16100.0,15955.0,16085.0,nan,16024.379,19221,1540022900.0,23697,16070.0,18,16060.0,12,16075.0,178,16055.0,14,16080.0,24,16050.0,76,16085.0,14,16045.0,6,16090.0,7,16040.0,16
1597988394112903936,1597988394000000000,2020-08-21 13:39:54.000000,16065.0,16100.0,15955.0,16085.0,nan,16024.379,19221,1540022900.0,23697,16065.0,1,16060.0,12,16070.0,18,16055.0,14,16075.0,178,16050.0,76,16080.0,23,16045.0,6,16085.0,15,16040.0,16
1597988394620016896,1597988394500000000,2020-08-21 13:39:54.500000,16065.0,16100.0,15955.0,16085.0,nan,16024.379,19221,1540022900.0,23697,16065.0,1,16060.0,12,16070.0,22,16055.0,14,16075.0,178,16050.0,76,16080.0,23,16045.0,6,16085.0,15,16040.0,16
1597988395614770944,1597988395500000000,2020-08-21 13:39:55.500000,16065.0,16100.0,15955.0,16085.0,nan,16024.379,19221,1540022900.0,23697,16065.0,1,16060.0,12,16070.0,25,16055.0,14,16075.0,178,16050.0,76,16080.0,23,16045.0,6,16085.0,15,16040.0,16
1597988396132228096,1597988396000000000,2020-08-21 13:39:56.000000,16065.0,16100.0,15955.0,16085.0,nan,16024.379,19221,1540022900.0,23697,16065.0,1,16060.0,12,16070.0,25,16055.0,14,16075.0,178,16050.0,75,16080.0,23,16045.0,6,16085.0,15,16040.0,16
1597988396665025024,1597988396500000000,2020-08-21 13:39:56.500000,16065.0,16100.0,15955.0,16085.0,nan,16024.379,19221,1540022900.0,23697,16065.0,1,16060.0,12,16070.0,25,16055.0,14,16075.0,178,16050.0,22,16080.0,23,16045.0,6,16085.0,15,16040.0,16
1597988397115173120,1597988397000000000,2020-08-21 13:39:57.000000,16065.0,16100.0,15955.0,16085.0,nan,16024.379,19221,1540022900.0,23697,16065.0,3,16060.0,12,16070.0,25,16055.0,14,16075.0,178,16050.0,22,16080.0,23,16045.0,6,16085.0,15,16040.0,16
1597988397620459008,1597988397500000000,2020-08-21 13:39:57.500000,16065.0,16100.0,15955.0,16085.0,nan,16024.379,19221,1540022900.0,23697,16065.0,5,16060.0,12,16070.0,25,16055.0,14,16075.0,178,16050.0,22,16080.0,23,16045.0,6,16085.0,15,16040.0,16
1597988398167196928,1597988398000000000,2020-08-21 13:39:58.000000,16065.0,16100.0,15955.0,16085.0,nan,16024.379,19221,1540022900.0,23697,16065.0,5,16060.0,9,16070.0,25,16055.0,14,16075.0,178,16050.0,22,16080.0,23,16045.0,6,16085.0,15,16040.0,16
1597988399126099968,1597988399000000000,2020-08-21 13:39:59.000000,16065.0,16100.0,15955.0,16085.0,nan,16024.379,19221,1540022900.0,23697,16065.0,5,16060.0,9,16070.0,26,16055.0,14,16075.0,178,16050.0,22,16080.0,23,16045.0,6,16085.0,15,16040.0,16
1597988401116933120,1597988401000000000,2020-08-21 13:40:01.000000,16065.0,16100.0,15955.0,16085.0,nan,16024.379,19221,1540022900.0,23697,16065.0,5,16060.0,12,16070.0,26,16055.0,67,16075.0,178,16050.0,22,16080.0,23,16045.0,6,16085.0,15,16040.0,16
1597988401628466944,1597988401500000000,2020-08-21 13:40:01.500000,16065.0,16100.0,15955.0,16085.0,nan,16024.379,19221,1540022900.0,23697,16065.0,1,16060.0,12,16070.0,26,16055.0,67,16075.0,178,16050.0,22,16080.0,23,16045.0,6,16085.0,15,16040.0,16
1597988402148346112,1597988402000000000,2020-08-21 13:40:02.000000,16060.0,16100.0,15955.0,16085.0,nan,16024.383,19223,1540183525.0,23696,16070.0,29,16060.0,12,16075.0,178,16055.0,66,16080.0,23,16050.0,22,16085.0,15,16045.0,6,16090.0,7,16040.0,16
1597988402625044992,1597988402500000000,2020-08-21 13:40:02.500000,16070.0,16100.0,15955.0,16085.0,nan,16024.402,19232,1540906500.0,23693,16070.0,27,16065.0,4,16075.0,178,16060.0,11,16080.0,23,16055.0,66,16085.0,15,16050.0,22,16090.0,7,16045.0,6
1597988403130685952,1597988403000000000,2020-08-21 13:40:03.000000,16065.0,16100.0,15955.0,16085.0,nan,16024.413,19237,1541308125.0,23691,16065.0,5,16060.0,10,16070.0,25,16055.0,65,16075.0,178,16050.0,22,16080.0,23,16045.0,11,16085.0,15,16040.0,16
1597988403628005888,1597988403500000000,2020-08-21 13:40:03.500000,16060.0,16100.0,15955.0,16085.0,nan,16024.422,19242,1541709625.0,23690,16070.0,28,16060.0,4,16075.0,178,16055.0,65,16080.0,23,16050.0,22,16085.0,15,16045.0,11,16090.0,7,16040.0,16
1597988404160281088,1597988404000000000,2020-08-21 13:40:04.000000,16060.0,16100.0,15955.0,16085.0,nan,16024.422,19242,1541709625.0,23690,16065.0,5,16060.0,6,16070.0,28,16055.0,65,16075.0,178,16050.0,22,16080.0,23,16045.0,11,16085.0,15,16040.0,16
1597988404651246080,1597988404500000000,2020-08-21 13:40:04.500000,16060.0,16100.0,15955.0,16085.0,nan,16024.422,19242,1541709625.0,23690,16065.0,5,16060.0,5,16070.0,28,16055.0,65,16075.0,178,16050.0,22,16080.0,23,16045.0,11,16085.0,15,16040.0,16
1597988405131112960,1597988405000000000,2020-08-21 13:40:05.000000,16065.0,16100.0,15955.0,16085.0,nan,16024.426,19244,1541870275.0,23692,16065.0,4,16060.0,5,16070.0,28,16055.0,65,16075.0,178,16050.0,22,16080.0,23,16045.0,11,16085.0,15,16040.0,16
1597988405624155904,1597988405500000000,2020-08-21 13:40:05.500000,16060.0,16100.0,15955.0,16085.0,nan,16024.43,19246,1542030875.0,23692,16065.0,6,16060.0,3,16070.0,28,16055.0,65,16075.0,178,16050.0,22,16080.0,23,16045.0,11,16085.0,15,16040.0,16
1597988406132505088,1597988406000000000,2020-08-21 13:40:06.000000,16060.0,16100.0,15955.0,16085.0,nan,16024.43,19246,1542030875.0,23692,16065.0,9,16060.0,3,16070.0,28,16055.0,65,16075.0,178,16050.0,22,16080.0,23,16045.0,11,16085.0,15,16040.0,16
1597988406628317952,1597988406500000000,2020-08-21 13:40:06.500000,16065.0,16100.0,15955.0,16085.0,nan,16024.449,19255,1542753800.0,23690,16070.0,28,16060.0,5,16075.0,178,16055.0,65,16080.0,23,16050.0,22,16085.0,15,16045.0,11,16090.0,7,16040.0,16
1597988407271987968,1597988407000000000,2020-08-21 13:40:07.000000,16065.0,16100.0,15955.0,16085.0,nan,16024.449,19255,1542753800.0,23690,16070.0,21,16060.0,7,16075.0,178,16055.0,65,16080.0,21,16050.0,22,16085.0,15,16045.0,12,16090.0,7,16040.0,16
1597988408143812096,1597988408000000000,2020-08-21 13:40:08.000000,16065.0,16100.0,15955.0,16085.0,nan,16024.449,19255,1542753800.0,23690,16070.0,21,16060.0,11,16075.0,178,16055.0,65,16080.0,21,16050.0,22,16085.0,15,16045.0,12,16090.0,7,16040.0,16
1597988411637186048,1597988411500000000,2020-08-21 13:40:11.500000,16060.0,16100.0,15955.0,16085.0,nan,16024.451,19256,1542834100.0,23690,16070.0,21,16060.0,10,16075.0,178,16055.0,65,16080.0,21,16050.0,22,16085.0,15,16045.0,12,16090.0,7,16040.0,16
1597988413664986880,1597988413500000000,2020-08-21 13:40:13.500000,16060.0,16100.0,15955.0,16085.0,nan,16024.451,19256,1542834100.0,23690,16065.0,1,16060.0,10,16070.0,21,16055.0,65,16075.0,178,16050.0,22,16080.0,21,16045.0,12,16085.0,15,16040.0,16
1597988414123940096,1597988414000000000,2020-08-21 13:40:14.000000,16060.0,16100.0,15955.0,16085.0,nan,16024.451,19256,1542834100.0,23690,16065.0,1,16060.0,10,16070.0,21,16055.0,65,16075.0,178,16050.0,22,16080.0,22,16045.0,12,16085.0,15,16040.0,16
1597988414628858880,1597988414500000000,2020-08-21 13:40:14.500000,16060.0,16100.0,15955.0,16085.0,nan,16024.451,19256,1542834100.0,23690,16065.0,3,16060.0,10,16070.0,21,16055.0,65,16075.0,178,16050.0,22,16080.0,22,16045.0,12,16085.0,15,16040.0,16
1597988415125952000,1597988415000000000,2020-08-21 13:40:15.000000,16060.0,16100.0,15955.0,16085.0,nan,16024.451,19256,1542834100.0,23690,16065.0,5,16060.0,10,16070.0,21,16055.0,65,16075.0,178,16050.0,22,16080.0,22,16045.0,12,16085.0,15,16040.0,16
1597988415668638976,1597988415500000000,2020-08-21 13:40:15.500000,16060.0,16100.0,15955.0,16085.0,nan,16024.451,19256,1542834100.0,23690,16065.0,5,16060.0,9,16070.0,21,16055.0,65,16075.0,178,16050.0,22,16080.0,22,16045.0,12,16085.0,15,16040.0,16
1597988417640666880,1597988417500000000,2020-08-21 13:40:17.500000,16060.0,16100.0,15955.0,16085.0,nan,16024.451,19256,1542834100.0,23690,16065.0,5,16060.0,9,16070.0,21,16055.0,12,16075.0,178,16050.0,22,16080.0,22,16045.0,12,16085.0,15,16040.0,16
1597988418138771968,1597988418000000000,2020-08-21 13:40:18.000000,16065.0,16100.0,15955.0,16085.0,nan,16024.467,19265,1543556825.0,23692,16065.0,5,16055.0,13,16070.0,21,16050.0,22,16075.0,178,16045.0,12,16080.0,22,16040.0,16,16085.0,15,16035.0,5
1597988418627646976,1597988418500000000,2020-08-21 13:40:18.500000,16055.0,16100.0,15955.0,16085.0,nan,16024.469,19266,1543637100.0,23692,16065.0,7,16055.0,12,16070.0,21,16050.0,22,16075.0,178,16045.0,12,16080.0,22,16040.0,16,16085.0,15,16035.0,5
1597988419134796032,1597988419000000000,2020-08-21 13:40:19.000000,16055.0,16100.0,15955.0,16085.0,nan,16024.469,19266,1543637100.0,23692,16060.0,2,16055.0,14,16065.0,7,16050.0,24,16070.0,21,16045.0,12,16075.0,178,16040.0,16,16080.0,22,16035.0,5
1597988419646119936,1597988419500000000,2020-08-21 13:40:19.500000,16055.0,16100.0,15955.0,16085.0,nan,16024.469,19266,1543637100.0,23692,16060.0,2,16055.0,14,16065.0,8,16050.0,24,16070.0,21,16045.0,12,16075.0,178,16040.0,16,16080.0,23,16035.0,5
1597988420114631936,1597988420000000000,2020-08-21 13:40:20.000000,16055.0,16100.0,15955.0,16085.0,nan,16024.469,19266,1543637100.0,23692,16060.0,4,16055.0,14,16065.0,10,16050.0,34,16070.0,21,16045.0,12,16075.0,178,16040.0,16,16080.0,23,16035.0,5
1597988420679696896,1597988420500000000,2020-08-21 13:40:20.500000,16055.0,16100.0,15955.0,16085.0,nan,16024.472,19268,1543797650.0,23693,16060.0,4,16055.0,9,16065.0,10,16050.0,32,16070.0,21,16045.0,11,16075.0,178,16040.0,16,16080.0,23,16035.0,5
1597988421114915072,1597988421000000000,2020-08-21 13:40:21.000000,16060.0,16100.0,15955.0,16085.0,nan,16024.494,19281,1544841325.0,23702,16065.0,10,16060.0,49,16070.0,21,16050.0,32,16075.0,178,16045.0,11,16080.0,22,16040.0,16,16085.0,14,16035.0,6
1597988421631803904,1597988421500000000,2020-08-21 13:40:21.500000,16060.0,16100.0,15955.0,16085.0,nan,16024.525,19298,1546206425.0,23719,16065.0,11,16060.0,33,16070.0,22,16055.0,3,16075.0,178,16050.0,32,16080.0,22,16045.0,8,16085.0,14,16040.0,19
1597988422115484928,1597988422000000000,2020-08-21 13:40:22.000000,16060.0,16100.0,15955.0,16085.0,nan,16024.54,19306,1546848825.0,23723,16065.0,18,16060.0,25,16070.0,22,16055.0,3,16075.0,178,16050.0,32,16080.0,22,16045.0,11,16085.0,14,16040.0,16
1597988422643368960,1597988422500000000,2020-08-21 13:40:22.500000,16065.0,16100.0,15955.0,16085.0,nan,16024.588,19332,1548936650.0,23734,16065.0,17,16055.0,3,16070.0,22,16050.0,32,16075.0,178,16045.0,11,16080.0,22,16040.0,16,16085.0,14,16035.0,6
1597988423123348992,1597988423000000000,2020-08-21 13:40:23.000000,16055.0,16100.0,15955.0,16085.0,nan,16024.589,19333,1549016925.0,23735,16060.0,3,16055.0,4,16065.0,15,16050.0,32,16070.0,22,16045.0,11,16075.0,178,16040.0,16,16080.0,22,16035.0,6
1597988423613841920,1597988423500000000,2020-08-21 13:40:23.500000,16055.0,16100.0,15955.0,16085.0,nan,16024.589,19333,1549016925.0,23735,16060.0,2,16055.0,5,16065.0,17,16050.0,32,16070.0,22,16045.0,11,16075.0,178,16040.0,16,16080.0,22,16035.0,6
1597988424162060032,1597988424000000000,2020-08-21 13:40:24.000000,16055.0,16100.0,15955.0,16085.0,nan,16024.589,19333,1549016925.0,23735,16060.0,2,16055.0,5,16065.0,17,16050.0,32,16070.0,22,16045.0,8,16075.0,178,16040.0,19,16080.0,22,16035.0,6
1597988427162046976,1597988427000000000,2020-08-21 13:40:27.000000,16055.0,16100.0,15955.0,16085.0,nan,16024.589,19333,1549016925.0,23735,16060.0,2,16055.0,5,16065.0,17,16050.0,32,16070.0,22,16045.0,8,16075.0,178,16040.0,18,16080.0,22,16035.0,6
1597988429123944960,1597988429000000000,2020-08-21 13:40:29.000000,16055.0,16100.0,15955.0,16085.0,nan,16024.589,19333,1549016925.0,23735,16060.0,2,16055.0,5,16065.0,17,16050.0,32,16070.0,22,16045.0,9,16075.0,178,16040.0,18,16080.0,22,16035.0,6
1597988431110514944,1597988431000000000,2020-08-21 13:40:31.000000,16060.0,16100.0,15955.0,16085.0,nan,16024.593,19335,1549177525.0,23734,16065.0,17,16055.0,11,16070.0,22,16050.0,32,16075.0,178,16045.0,9,16080.0,22,16040.0,18,16085.0,14,16035.0,6
1597988431620976128,1597988431500000000,2020-08-21 13:40:31.500000,16060.0,16100.0,15955.0,16085.0,nan,16024.595,19336,1549257825.0,23734,16065.0,17,16055.0,11,16070.0,22,16050.0,32,16075.0,178,16045.0,9,16080.0,22,16040.0,18,16085.0,14,16035.0,6
1597988432113420032,1597988432000000000,2020-08-21 13:40:32.000000,16060.0,16100.0,15955.0,16085.0,nan,16024.595,19336,1549257825.0,23734,16060.0,1,16055.0,11,16065.0,10,16050.0,32,16070.0,22,16045.0,12,16075.0,178,16040.0,15,16080.0,22,16035.0,6
1597988432613917952,1597988432500000000,2020-08-21 13:40:32.500000,16060.0,16100.0,15955.0,16085.0,nan,16024.597,19337,1549338125.0,23734,16065.0,10,16055.0,11,16070.0,22,16050.0,32,16075.0,178,16045.0,12,16080.0,22,16040.0,15,16085.0,14,16035.0,6
1597988433115397888,1597988433000000000,2020-08-21 13:40:33.000000,16060.0,16100.0,15955.0,16085.0,nan,16024.597,19337,1549338125.0,23734,16065.0,10,16055.0,11,16070.0,22,16050.0,32,16075.0,178,16045.0,11,16080.0,22,16040.0,15,16085.0,14,16035.0,6
1597988433797232896,1597988433500000000,2020-08-21 13:40:33.500000,16055.0,16100.0,15955.0,16085.0,nan,16024.598,19338,1549418400.0,23735,16060.0,1,16055.0,10,16065.0,10,16050.0,32,16070.0,22,16045.0,11,16075.0,178,16040.0,15,16080.0,22,16035.0,6
1597988434116441088,1597988434000000000,2020-08-21 13:40:34.000000,16055.0,16100.0,15955.0,16085.0,nan,16024.598,19338,1549418400.0,23735,16060.0,1,16055.0,10,16065.0,10,16050.0,23,16070.0,22,16045.0,11,16075.0,178,16040.0,15,16080.0,22,16035.0,6
1597988436133716992,1597988436000000000,2020-08-21 13:40:36.000000,16055.0,16100.0,15955.0,16085.0,nan,16024.598,19338,1549418400.0,23735,16060.0,1,16055.0,10,16065.0,10,16050.0,24,16070.0,22,16045.0,11,16075.0,178,16040.0,15,16080.0,22,16035.0,6
1597988436604111104,1597988436500000000,2020-08-21 13:40:36.500000,16055.0,16100.0,15955.0,16085.0,nan,16024.601,19340,1549578950.0,23736,16060.0,2,16055.0,8,16065.0,10,16050.0,24,16070.0,22,16045.0,11,16075.0,178,16040.0,15,16080.0,22,16035.0,6
1597988437111249920,1597988437000000000,2020-08-21 13:40:37.000000,16055.0,16100.0,15955.0,16085.0,nan,16024.601,19340,1549578950.0,23736,16060.0,3,16055.0,9,16065.0,10,16050.0,24,16070.0,22,16045.0,11,16075.0,178,16040.0,15,16080.0,22,16035.0,6
1597988437617049088,1597988437500000000,2020-08-21 13:40:37.500000,16055.0,16100.0,15955.0,16085.0,nan,16024.601,19340,1549578950.0,23736,16060.0,2,16055.0,9,16065.0,11,16050.0,24,16070.0,22,16045.0,11,16075.0,178,16040.0,15,16080.0,22,16035.0,6
1597988438123827968,1597988438000000000,2020-08-21 13:40:38.000000,16055.0,16100.0,15955.0,16085.0,nan,16024.601,19340,1549578950.0,23736,16060.0,4,16055.0,7,16065.0,11,16050.0,24,16070.0,22,16045.0,11,16075.0,178,16040.0,15,16080.0,22,16035.0,6
1597988443116812032,1597988443000000000,2020-08-21 13:40:43.000000,16055.0,16100.0,15955.0,16085.0,nan,16024.601,19340,1549578950.0,23736,16060.0,4,16055.0,7,16065.0,11,16050.0,24,16070.0,19,16045.0,11,16075.0,178,16040.0,15,16080.0,22,16035.0,6
1597988443621773056,1597988443500000000,2020-08-21 13:40:43.500000,16055.0,16100.0,15955.0,16085.0,nan,16024.603,19341,1549659225.0,23736,16060.0,24,16055.0,6,16065.0,11,16050.0,24,16070.0,19,16045.0,11,16075.0,178,16040.0,15,16080.0,22,16035.0,6
1597988444122416896,1597988444000000000,2020-08-21 13:40:44.000000,16055.0,16100.0,15955.0,16085.0,nan,16024.608,19344,1549900050.0,23736,16060.0,24,16050.0,23,16065.0,11,16045.0,11,16070.0,19,16040.0,15,16075.0,178,16035.0,6,16080.0,22,16030.0,32
1597988444643414016,1597988444500000000,2020-08-21 13:40:44.500000,16055.0,16100.0,15955.0,16085.0,nan,16024.608,19344,1549900050.0,23736,16060.0,24,16055.0,1,16065.0,11,16050.0,23,16070.0,19,16045.0,11,16075.0,178,16040.0,14,16080.0,22,16035.0,7
1597988445132033024,1597988445000000000,2020-08-21 13:40:45.000000,16055.0,16100.0,15955.0,16085.0,nan,16024.611,19346,1550060600.0,23735,16055.0,1,16050.0,23,16060.0,24,16045.0,11,16065.0,11,16040.0,14,16070.0,19,16035.0,7,16075.0,178,16030.0,32
1597988445625856000,1597988445500000000,2020-08-21 13:40:45.500000,16055.0,16100.0,15955.0,16085.0,nan,16024.612,19347,1550140875.0,23734,16060.0,25,16055.0,3,16065.0,11,16050.0,23,16070.0,19,16045.0,11,16075.0,178,16040.0,14,16080.0,22,16035.0,7
1597988446131950080,1597988446000000000,2020-08-21 13:40:46.000000,16055.0,16100.0,15955.0,16085.0,nan,16024.612,19347,1550140875.0,23734,16060.0,26,16055.0,3,16065.0,14,16050.0,23,16070.0,16,16045.0,11,16075.0,178,16040.0,14,16080.0,22,16035.0,7
1597988446607363072,1597988446500000000,2020-08-21 13:40:46.500000,16055.0,16100.0,15955.0,16085.0,nan,16024.612,19347,1550140875.0,23734,16060.0,26,16055.0,5,16065.0,11,16050.0,23,16070.0,19,16045.0,11,16075.0,178,16040.0,14,16080.0,22,16035.0,7
1597988448111362048,1597988448000000000,2020-08-21 13:40:48.000000,16055.0,16100.0,15955.0,16085.0,nan,16024.612,19347,1550140875.0,23734,16060.0,26,16055.0,5,16065.0,11,16050.0,24,16070.0,19,16045.0,11,16075.0,178,16040.0,14,16080.0,22,16035.0,7
1597988448622508032,1597988448500000000,2020-08-21 13:40:48.500000,16055.0,16100.0,15955.0,16085.0,nan,16024.612,19347,1550140875.0,23734,16060.0,26,16055.0,5,16065.0,12,16050.0,24,16070.0,19,16045.0,11,16075.0,178,16040.0,14,16080.0,22,16035.0,7
1597988450111205120,1597988450000000000,2020-08-21 13:40:50.000000,16055.0,16100.0,15955.0,16085.0,nan,16024.612,19347,1550140875.0,23734,16060.0,26,16055.0,5,16065.0,12,16050.0,24,16070.0,19,16045.0,11,16075.0,177,16040.0,14,16080.0,22,16035.0,7
1597988451612457984,1597988451500000000,2020-08-21 13:40:51.500000,16055.0,16100.0,15955.0,16085.0,nan,16024.612,19347,1550140875.0,23734,16060.0,25,16055.0,5,16065.0,12,16050.0,24,16070.0,20,16045.0,11,16075.0,177,16040.0,14,16080.0,22,16035.0,7
1597988452123855104,1597988452000000000,2020-08-21 13:40:52.000000,16055.0,16100.0,15955.0,16085.0,nan,16024.614,19348,1550221150.0,23733,16060.0,25,16055.0,4,16065.0,12,16050.0,24,16070.0,20,16045.0,11,16075.0,177,16040.0,14,16080.0,22,16035.0,7
1597988452626445056,1597988452500000000,2020-08-21 13:40:52.500000,16055.0,16100.0,15955.0,16085.0,nan,16024.614,19348,1550221150.0,23733,16060.0,26,16055.0,4,16065.0,12,16050.0,24,16070.0,20,16045.0,11,16075.0,177,16040.0,14,16080.0,22,16035.0,7
1597988453138803968,1597988453000000000,2020-08-21 13:40:53.000000,16055.0,16100.0,15955.0,16085.0,nan,16024.62,19352,1550542250.0,23731,16060.0,26,16050.0,24,16065.0,12,16045.0,11,16070.0,20,16040.0,14,16075.0,177,16035.0,7,16080.0,22,16030.0,33
1597988454112116992,1597988454000000000,2020-08-21 13:40:54.000000,16050.0,16100.0,15955.0,16085.0,nan,16024.622,19353,1550622500.0,23732,16060.0,26,16050.0,23,16065.0,12,16045.0,11,16070.0,20,16040.0,14,16075.0,177,16035.0,7,16080.0,22,16030.0,33
1597988455122854912,1597988455000000000,2020-08-21 13:40:55.000000,16050.0,16100.0,15955.0,16085.0,nan,16024.622,19353,1550622500.0,23732,16060.0,26,16050.0,23,16065.0,11,16045.0,11,16070.0,20,16040.0,14,16075.0,177,16035.0,7,16080.0,22,16030.0,33
1597988457601926912,1597988457500000000,2020-08-21 13:40:57.500000,16050.0,16100.0,15955.0,16085.0,nan,16024.623,19354,1550702750.0,23733,16055.0,1,16050.0,22,16060.0,26,16045.0,11,16065.0,11,16040.0,14,16070.0,20,16035.0,7,16075.0,177,16030.0,33
1597988458112704000,1597988458000000000,2020-08-21 13:40:58.000000,16050.0,16100.0,15955.0,16085.0,nan,16024.623,19354,1550702750.0,23733,16055.0,1,16050.0,22,16060.0,26,16045.0,11,16065.0,11,16040.0,14,16070.0,20,16035.0,7,16075.0,178,16030.0,33
1597988458614489088,1597988458500000000,2020-08-21 13:40:58.500000,16055.0,16100.0,15955.0,16085.0,nan,16024.624,19355,1550783025.0,23732,16060.0,26,16050.0,22,16065.0,11,16045.0,11,16070.0,20,16040.0,14,16075.0,178,16035.0,7,16080.0,22,16030.0,33
1597988459118224896,1597988459000000000,2020-08-21 13:40:59.000000,16055.0,16100.0,15955.0,16085.0,nan,16024.624,19355,1550783025.0,23732,16060.0,26,16050.0,22,16065.0,14,16045.0,11,16070.0,17,16040.0,14,16075.0,178,16035.0,7,16080.0,22,16030.0,33
1597988459623941888,1597988459500000000,2020-08-21 13:40:59.500000,16055.0,16100.0,15955.0,16085.0,nan,16024.624,19355,1550783025.0,23732,16060.0,26,16050.0,22,16065.0,11,16045.0,11,16070.0,17,16040.0,14,16075.0,178,16035.0,7,16080.0,22,16030.0,33
1597988460130575104,1597988460000000000,2020-08-21 13:41:00.000000,16055.0,16100.0,15955.0,16085.0,nan,16024.624,19355,1550783025.0,23732,16060.0,27,16050.0,23,16065.0,11,16045.0,11,16070.0,17,16040.0,14,16075.0,178,16035.0,7,16080.0,22,16030.0,33
1597988461300133120,1597988461000000000,2020-08-21 13:41:01.000000,16055.0,16100.0,15955.0,16085.0,nan,16024.624,19355,1550783025.0,23732,16060.0,27,16055.0,2,16065.0,11,16050.0,23,16070.0,17,16045.0,11,16075.0,178,16040.0,14,16080.0,22,16035.0,7
1597988461622747904,1597988461500000000,2020-08-21 13:41:01.500000,16055.0,16100.0,15955.0,16085.0,nan,16024.624,19355,1550783025.0,23732,16060.0,27,16055.0,2,16065.0,11,16050.0,24,16070.0,17,16045.0,11,16075.0,178,16040.0,14,16080.0,22,16035.0,7
1597988462137478912,1597988462000000000,2020-08-21 13:41:02.000000,16055.0,16100.0,15955.0,16085.0,nan,16024.624,19355,1550783025.0,23732,16060.0,27,16055.0,2,16065.0,12,16050.0,24,16070.0,17,16045.0,11,16075.0,178,16040.0,14,16080.0,22,16035.0,7
1597988463122221056,1597988463000000000,2020-08-21 13:41:03.000000,16055.0,16100.0,15955.0,16085.0,nan,16024.624,19355,1550783025.0,23732,16060.0,27,16055.0,2,16065.0,12,16050.0,26,16070.0,17,16045.0,11,16075.0,178,16040.0,14,16080.0,22,16035.0,7
1597988463609331968,1597988463500000000,2020-08-21 13:41:03.500000,16055.0,16100.0,15955.0,16085.0,nan,16024.624,19355,1550783025.0,23732,16060.0,27,16055.0,6,16065.0,12,16050.0,26,16070.0,17,16045.0,12,16075.0,178,16040.0,14,16080.0,22,16035.0,6
1597988464146462976,1597988464000000000,2020-08-21 13:41:04.000000,16055.0,16100.0,15955.0,16085.0,nan,16024.626,19356,1550863300.0,23732,16060.0,26,16055.0,8,16065.0,12,16050.0,26,16070.0,17,16045.0,12,16075.0,178,16040.0,14,16080.0,22,16035.0,6
1597988466613757952,1597988466500000000,2020-08-21 13:41:06.500000,16055.0,16100.0,15955.0,16085.0,nan,16024.626,19356,1550863300.0,23732,16060.0,25,16055.0,9,16065.0,12,16050.0,26,16070.0,17,16045.0,12,16075.0,178,16040.0,14,16080.0,22,16035.0,6
1597988468622825984,1597988468500000000,2020-08-21 13:41:08.500000,16055.0,16100.0,15955.0,16085.0,nan,16024.626,19356,1550863300.0,23732,16060.0,25,16055.0,9,16065.0,12,16050.0,25,16070.0,17,16045.0,12,16075.0,178,16040.0,14,16080.0,22,16035.0,6
1597988470622255104,1597988470500000000,2020-08-21 13:41:10.500000,16055.0,16100.0,15955.0,16085.0,nan,16024.626,19356,1550863300.0,23732,16060.0,25,16055.0,10,16065.0,12,16050.0,25,16070.0,17,16045.0,12,16075.0,178,16040.0,14,16080.0,22,16035.0,6
1597988473121064960,1597988473000000000,2020-08-21 13:41:13.000000,16055.0,16100.0,15955.0,16085.0,nan,16024.626,19356,1550863300.0,23732,16060.0,25,16055.0,10,16065.0,12,16050.0,24,16070.0,17,16045.0,12,16075.0,178,16040.0,14,16080.0,22,16035.0,6
1597988477627371008,1597988477500000000,2020-08-21 13:41:17.500000,16055.0,16100.0,15955.0,16085.0,nan,16024.637,19363,1551425225.0,23726,16060.0,25,16055.0,5,16065.0,12,16050.0,24,16070.0,17,16045.0,12,16075.0,178,16040.0,14,16080.0,22,16035.0,6
1597988478165448960,1597988478000000000,2020-08-21 13:41:18.000000,16055.0,16100.0,15955.0,16085.0,nan,16024.645,19368,1551826600.0,23722,16060.0,25,16055.0,2,16065.0,12,16050.0,24,16070.0,17,16045.0,12,16075.0,178,16040.0,14,16080.0,22,16035.0,6
1597988478641281024,1597988478500000000,2020-08-21 13:41:18.500000,16055.0,16100.0,15955.0,16085.0,nan,16024.648,19370,1551987150.0,23722,16060.0,25,16050.0,24,16065.0,12,16045.0,12,16070.0,17,16040.0,14,16075.0,178,16035.0,6,16080.0,22,16030.0,33
1597988479134622976,1597988479000000000,2020-08-21 13:41:19.000000,16055.0,16100.0,15955.0,16085.0,nan,16024.648,19370,1551987150.0,23722,16060.0,25,16050.0,22,16065.0,12,16045.0,13,16070.0,17,16040.0,14,16075.0,178,16035.0,6,16080.0,22,16030.0,33
1597988479625019904,1597988479500000000,2020-08-21 13:41:19.500000,16055.0,16100.0,15955.0,16085.0,nan,16024.648,19370,1551987150.0,23722,16055.0,1,16050.0,22,16060.0,25,16045.0,13,16065.0,12,16040.0,14,16070.0,17,16035.0,7,16075.0,178,16030.0,33
1597988480117307904,1597988480000000000,2020-08-21 13:41:20.000000,16055.0,16100.0,15955.0,16085.0,nan,16024.648,19370,1551987150.0,23722,16060.0,25,16050.0,22,16065.0,12,16045.0,13,16070.0,20,16040.0,14,16075.0,178,16035.0,7,16080.0,22,16030.0,33
1597988482136165120,1597988482000000000,2020-08-21 13:41:22.000000,16055.0,16100.0,15955.0,16085.0,nan,16024.648,19370,1551987150.0,23722,16055.0,3,16050.0,22,16060.0,25,16045.0,13,16065.0,12,16040.0,14,16070.0,20,16035.0,7,16075.0,178,16030.0,33
1597988483128259072,1597988483000000000,2020-08-21 13:41:23.000000,16055.0,16100.0,15955.0,16085.0,nan,16024.648,19370,1551987150.0,23722,16055.0,5,16050.0,22,16060.0,25,16045.0,13,16065.0,12,16040.0,14,16070.0,20,16035.0,7,16075.0,178,16030.0,33
1597988484118192128,1597988484000000000,2020-08-21 13:41:24.000000,16055.0,16100.0,15955.0,16085.0,nan,16024.648,19370,1551987150.0,23722,16055.0,6,16050.0,22,16060.0,24,16045.0,13,16065.0,12,16040.0,14,16070.0,20,16035.0,7,16075.0,178,16030.0,33
1597988486151475968,1597988486000000000,2020-08-21 13:41:26.000000,16055.0,16100.0,15955.0,16085.0,nan,16024.648,19370,1551987150.0,23722,16055.0,6,16050.0,23,16060.0,24,16045.0,13,16065.0,12,16040.0,14,16070.0,20,16035.0,7,16075.0,178,16030.0,33
1597988488120145920,1597988488000000000,2020-08-21 13:41:28.000000,16055.0,16100.0,15955.0,16085.0,nan,16024.648,19370,1551987150.0,23722,16055.0,6,16050.0,22,16060.0,24,16045.0,13,16065.0,12,16040.0,14,16070.0,20,16035.0,7,16075.0,178,16030.0,33
1597988491627303936,1597988491500000000,2020-08-21 13:41:31.500000,16055.0,16100.0,15955.0,16085.0,nan,16024.648,19370,1551987150.0,23722,16055.0,6,16050.0,23,16060.0,24,16045.0,13,16065.0,12,16040.0,14,16070.0,20,16035.0,7,16075.0,178,16030.0,33
1597988492120875008,1597988492000000000,2020-08-21 13:41:32.000000,16055.0,16100.0,15955.0,16085.0,nan,16024.657,19376,1552468800.0,23725,16060.0,24,16050.0,23,16065.0,12,16045.0,13,16070.0,20,16040.0,14,16075.0,178,16035.0,7,16080.0,22,16030.0,33
1597988492631970048,1597988492500000000,2020-08-21 13:41:32.500000,16055.0,16100.0,15955.0,16085.0,nan,16024.657,19376,1552468800.0,23725,16060.0,24,16050.0,23,16065.0,12,16045.0,13,16070.0,20,16040.0,14,16075.0,178,16035.0,8,16080.0,22,16030.0,33
1597988494629680896,1597988494500000000,2020-08-21 13:41:34.500000,16055.0,16100.0,15955.0,16085.0,nan,16024.657,19376,1552468800.0,23725,16060.0,24,16055.0,1,16065.0,12,16050.0,23,16070.0,20,16045.0,13,16075.0,178,16040.0,14,16080.0,22,16035.0,8
1597988499613381120,1597988499500000000,2020-08-21 13:41:39.500000,16055.0,16100.0,15955.0,16085.0,nan,16024.657,19376,1552468800.0,23725,16060.0,24,16055.0,1,16065.0,12,16050.0,23,16070.0,15,16045.0,13,16075.0,178,16040.0,14,16080.0,22,16035.0,8
1597988500138638080,1597988500000000000,2020-08-21 13:41:40.000000,16055.0,16100.0,15955.0,16085.0,nan,16024.657,19376,1552468800.0,23725,16060.0,24,16055.0,5,16065.0,12,16050.0,28,16070.0,15,16045.0,13,16075.0,178,16040.0,14,16080.0,22,16035.0,8
1597988500614053120,1597988500500000000,2020-08-21 13:41:40.500000,16055.0,16100.0,15955.0,16085.0,nan,16024.657,19376,1552468800.0,23725,16060.0,24,16055.0,11,16065.0,12,16050.0,28,16070.0,15,16045.0,13,16075.0,178,16040.0,14,16080.0,22,16035.0,8
1597988501131542016,1597988501000000000,2020-08-21 13:41:41.000000,16055.0,16100.0,15955.0,16085.0,nan,16024.657,19376,1552468800.0,23725,16060.0,24,16055.0,11,16065.0,12,16050.0,30,16070.0,15,16045.0,11,16075.0,178,16040.0,14,16080.0,22,16035.0,8
1597988501608520960,1597988501500000000,2020-08-21 13:41:41.500000,16060.0,16100.0,15955.0,16085.0,nan,16024.701,19400,1554396000.0,23731,16065.0,12,16055.0,12,16070.0,15,16050.0,30,16075.0,178,16045.0,11,16080.0,22,16040.0,14,16085.0,14,16035.0,8
1597988502149935104,1597988502000000000,2020-08-21 13:41:42.000000,16060.0,16100.0,15955.0,16085.0,nan,16024.701,19400,1554396000.0,23731,16065.0,12,16060.0,3,16070.0,14,16055.0,13,16075.0,178,16050.0,33,16080.0,22,16045.0,8,16085.0,14,16040.0,14
1597988502631954944,1597988502500000000,2020-08-21 13:41:42.500000,16060.0,16100.0,15955.0,16085.0,nan,16024.701,19400,1554396000.0,23731,16065.0,10,16060.0,2,16070.0,14,16055.0,14,16075.0,178,16050.0,33,16080.0,22,16045.0,9,16085.0,14,16040.0,14
1597988503120649984,1597988503000000000,2020-08-21 13:41:43.000000,16060.0,16100.0,15955.0,16085.0,nan,16024.701,19400,1554396000.0,23731,16065.0,9,16060.0,6,16070.0,15,16055.0,14,16075.0,178,16050.0,31,16080.0,22,16045.0,9,16085.0,14,16040.0,14
1597988503683954944,1597988503500000000,2020-08-21 13:41:43.500000,16060.0,16100.0,15955.0,16085.0,nan,16024.701,19400,1554396000.0,23731,16065.0,9,16060.0,12,16070.0,15,16055.0,14,16075.0,177,16050.0,31,16080.0,22,16045.0,10,16085.0,14,16040.0,14
1597988504629253120,1597988504500000000,2020-08-21 13:41:44.500000,16060.0,16100.0,15955.0,16085.0,nan,16024.701,19400,1554396000.0,23731,16065.0,9,16060.0,12,16070.0,15,16055.0,14,16075.0,177,16050.0,32,16080.0,22,16045.0,10,16085.0,14,16040.0,14
1597988506611428096,1597988506500000000,2020-08-21 13:41:46.500000,16060.0,16100.0,15955.0,16085.0,nan,16024.701,19400,1554396000.0,23731,16065.0,9,16060.0,12,16070.0,15,16055.0,12,16075.0,177,16050.0,32,16080.0,22,16045.0,10,16085.0,14,16040.0,14
1597988509111976960,1597988509000000000,2020-08-21 13:41:49.000000,16060.0,16100.0,15955.0,16085.0,nan,16024.701,19400,1554396000.0,23731,16065.0,9,16060.0,12,16070.0,15,16055.0,14,16075.0,177,16050.0,32,16080.0,22,16045.0,10,16085.0,14,16040.0,14
1597988510119446016,1597988510000000000,2020-08-21 13:41:50.000000,16060.0,16100.0,15955.0,16085.0,nan,16024.701,19400,1554396000.0,23731,16065.0,9,16060.0,12,16070.0,15,16055.0,15,16075.0,177,16050.0,32,16080.0,22,16045.0,10,16085.0,14,16040.0,14
1597988513111088128,1597988513000000000,2020-08-21 13:41:53.000000,16060.0,16100.0,15955.0,16085.0,nan,16024.701,19400,1554396000.0,23731,16065.0,9,16060.0,12,16070.0,15,16055.0,15,16075.0,177,16050.0,32,16080.0,22,16045.0,10,16085.0,15,16040.0,14
1597988515622209024,1597988515500000000,2020-08-21 13:41:55.500000,16060.0,16100.0,15955.0,16085.0,nan,16024.701,19400,1554396000.0,23731,16065.0,9,16060.0,12,16070.0,15,16055.0,15,16075.0,177,16050.0,27,16080.0,22,16045.0,10,16085.0,15,16040.0,14
1597988517616531968,1597988517500000000,2020-08-21 13:41:57.500000,16060.0,16100.0,15955.0,16085.0,nan,16024.701,19400,1554396000.0,23731,16065.0,9,16060.0,8,16070.0,15,16055.0,15,16075.0,177,16050.0,27,16080.0,22,16045.0,10,16085.0,15,16040.0,14
1597988518112142080,1597988518000000000,2020-08-21 13:41:58.000000,16060.0,16100.0,15955.0,16085.0,nan,16024.701,19400,1554396000.0,23731,16065.0,9,16060.0,3,16070.0,15,16055.0,15,16075.0,177,16050.0,27,16080.0,22,16045.0,10,16085.0,15,16040.0,14
1597988518740357120,1597988518500000000,2020-08-21 13:41:58.500000,16060.0,16100.0,15955.0,16085.0,nan,16024.701,19400,1554396000.0,23731,16065.0,9,16055.0,15,16070.0,15,16050.0,27,16075.0,177,16045.0,10,16080.0,22,16040.0,14,16085.0,15,16035.0,5
1597988519144371968,1597988519000000000,2020-08-21 13:41:59.000000,16060.0,16100.0,15955.0,16085.0,nan,16024.701,19400,1554396000.0,23731,16065.0,9,16055.0,15,16070.0,15,16050.0,27,16075.0,177,16045.0,10,16080.0,23,16040.0,14,16085.0,15,16035.0,5
1597988519639621120,1597988519500000000,2020-08-21 13:41:59.500000,16060.0,16100.0,15955.0,16085.0,nan,16024.701,19400,1554396000.0,23731,16065.0,9,16055.0,15,16070.0,15,16050.0,29,16075.0,177,16045.0,10,16080.0,23,16040.0,14,16085.0,15,16035.0,5
1597988521118999040,1597988521000000000,2020-08-21 13:42:01.000000,16060.0,16100.0,15955.0,16085.0,nan,16024.701,19400,1554396000.0,23731,16065.0,9,16060.0,2,16070.0,15,16055.0,15,16075.0,177,16050.0,29,16080.0,23,16045.0,10,16085.0,15,16040.0,14
1597988522141775104,1597988522000000000,2020-08-21 13:42:02.000000,16060.0,16100.0,15955.0,16085.0,nan,16024.701,19400,1554396000.0,23731,16065.0,9,16060.0,2,16070.0,15,16055.0,18,16075.0,177,16050.0,29,16080.0,23,16045.0,10,16085.0,15,16040.0,14
1597988525112967936,1597988525000000000,2020-08-21 13:42:05.000000,16060.0,16100.0,15955.0,16085.0,nan,16024.705,19402,1554556600.0,23729,16060.0,3,16055.0,18,16065.0,9,16050.0,29,16070.0,15,16045.0,10,16075.0,177,16040.0,14,16080.0,23,16035.0,4
1597988525627065088,1597988525500000000,2020-08-21 13:42:05.500000,16060.0,16100.0,15955.0,16085.0,nan,16024.706,19403,1554636900.0,23728,16060.0,2,16055.0,21,16065.0,9,16050.0,29,16070.0,15,16045.0,10,16075.0,177,16040.0,14,16080.0,23,16035.0,4
1597988526618740992,1597988526500000000,2020-08-21 13:42:06.500000,16060.0,16100.0,15955.0,16085.0,nan,16024.706,19403,1554636900.0,23728,16060.0,2,16055.0,21,16065.0,9,16050.0,26,16070.0,15,16045.0,10,16075.0,177,16040.0,14,16080.0,23,16035.0,4
1597988528123046912,1597988528000000000,2020-08-21 13:42:08.000000,16060.0,16100.0,15955.0,16085.0,nan,16024.706,19403,1554636900.0,23728,16060.0,2,16055.0,21,16065.0,9,16050.0,26,16070.0,20,16045.0,10,16075.0,177,16040.0,14,16080.0,23,16035.0,4
1597988528617142016,1597988528500000000,2020-08-21 13:42:08.500000,16060.0,16100.0,15955.0,16085.0,nan,16024.706,19403,1554636900.0,23728,16060.0,2,16055.0,21,16065.0,10,16050.0,26,16070.0,19,16045.0,10,16075.0,177,16040.0,14,16080.0,23,16035.0,4
1597988535113760000,1597988535000000000,2020-08-21 13:42:15.000000,16055.0,16100.0,15955.0,16085.0,nan,16024.708,19404,1554717175.0,23728,16060.0,3,16055.0,20,16065.0,10,16050.0,26,16070.0,19,16045.0,10,16075.0,177,16040.0,14,16080.0,23,16035.0,4
1597988535625850112,1597988535500000000,2020-08-21 13:42:15.500000,16055.0,16100.0,15955.0,16085.0,nan,16024.708,19404,1554717175.0,23728,16060.0,4,16055.0,20,16065.0,10,16050.0,26,16070.0,19,16045.0,10,16075.0,177,16040.0,14,16080.0,23,16035.0,4
1597988536105001984,1597988536000000000,2020-08-21 13:42:16.000000,16055.0,16100.0,15955.0,16085.0,nan,16024.708,19404,1554717175.0,23728,16060.0,4,16055.0,19,16065.0,10,16050.0,26,16070.0,19,16045.0,10,16075.0,177,16040.0,19,16080.0,23,16035.0,4
1597988536639019008,1597988536500000000,2020-08-21 13:42:16.500000,16055.0,16100.0,15955.0,16085.0,nan,16024.708,19404,1554717175.0,23728,16060.0,4,16055.0,19,16065.0,10,16050.0,26,16070.0,19,16045.0,11,16075.0,177,16040.0,19,16080.0,23,16035.0,4
1597988545622944000,1597988545500000000,2020-08-21 13:42:25.500000,16055.0,16100.0,15955.0,16085.0,nan,16024.708,19404,1554717175.0,23728,16060.0,4,16055.0,19,16065.0,10,16050.0,23,16070.0,19,16045.0,11,16075.0,177,16040.0,19,16080.0,23,16035.0,4
1597988549136221952,1597988549000000000,2020-08-21 13:42:29.000000,16055.0,16100.0,15955.0,16085.0,nan,16024.708,19404,1554717175.0,23728,16060.0,4,16055.0,19,16065.0,12,16050.0,23,16070.0,19,16045.0,11,16075.0,177,16040.0,19,16080.0,23,16035.0,4
1597988550150247936,1597988550000000000,2020-08-21 13:42:30.000000,16055.0,16100.0,15955.0,16085.0,nan,16024.716,19409,1555118550.0,23730,16060.0,4,16055.0,14,16065.0,12,16050.0,23,16070.0,19,16045.0,11,16075.0,177,16040.0,19,16080.0,23,16035.0,4
1597988551133644032,1597988551000000000,2020-08-21 13:42:31.000000,16055.0,16100.0,15955.0,16085.0,nan,16024.717,19410,1555198825.0,23729,16060.0,7,16055.0,13,16065.0,12,16050.0,23,16070.0,19,16045.0,11,16075.0,177,16040.0,19,16080.0,23,16035.0,4
1597988551623510016,1597988551500000000,2020-08-21 13:42:31.500000,16055.0,16100.0,15955.0,16085.0,nan,16024.738,19423,1556242400.0,23734,16060.0,11,16055.0,1,16065.0,12,16050.0,23,16070.0,19,16045.0,11,16075.0,177,16040.0,19,16080.0,23,16035.0,4
1597988552124306944,1597988552000000000,2020-08-21 13:42:32.000000,16055.0,16100.0,15955.0,16085.0,nan,16024.739,19424,1556322675.0,23733,16055.0,2,16050.0,21,16060.0,11,16045.0,10,16065.0,12,16040.0,19,16070.0,19,16035.0,4,16075.0,177,16030.0,33
1597988552634831104,1597988552500000000,2020-08-21 13:42:32.500000,16055.0,16100.0,15955.0,16085.0,nan,16024.742,19426,1556483225.0,23733,16060.0,12,16050.0,21,16065.0,12,16045.0,11,16070.0,19,16040.0,20,16075.0,177,16035.0,5,16080.0,23,16030.0,33
1597988553124584960,1597988553000000000,2020-08-21 13:42:33.000000,16055.0,16100.0,15955.0,16085.0,nan,16024.742,19426,1556483225.0,23733,16060.0,13,16050.0,21,16065.0,12,16045.0,14,16070.0,19,16040.0,20,16075.0,177,16035.0,5,16080.0,23,16030.0,33
1597988554138106112,1597988554000000000,2020-08-21 13:42:34.000000,16055.0,16100.0,15955.0,16085.0,nan,16024.742,19426,1556483225.0,23733,16060.0,13,16055.0,3,16065.0,12,16050.0,21,16070.0,19,16045.0,14,16075.0,177,16040.0,20,16080.0,23,16035.0,5
1597988555629195008,1597988555500000000,2020-08-21 13:42:35.500000,16055.0,16100.0,15955.0,16085.0,nan,16024.742,19426,1556483225.0,23733,16060.0,13,16055.0,3,16065.0,12,16050.0,23,16070.0,19,16045.0,12,16075.0,177,16040.0,20,16080.0,23,16035.0,5
1597988556136839936,1597988556000000000,2020-08-21 13:42:36.000000,16055.0,16100.0,15955.0,16085.0,nan,16024.742,19426,1556483225.0,23733,16060.0,13,16055.0,3,16065.0,12,16050.0,26,16070.0,19,16045.0,12,16075.0,177,16040.0,20,16080.0,23,16035.0,5
1597988559633131008,1597988559500000000,2020-08-21 13:42:39.500000,16055.0,16100.0,15955.0,16085.0,nan,16024.742,19426,1556483225.0,23733,16060.0,14,16055.0,3,16065.0,12,16050.0,26,16070.0,19,16045.0,12,16075.0,177,16040.0,20,16080.0,23,16035.0,5
1597988561644744960,1597988561500000000,2020-08-21 13:42:41.500000,16055.0,16100.0,15955.0,16085.0,nan,16024.742,19426,1556483225.0,23733,16060.0,14,16055.0,3,16065.0,12,16050.0,24,16070.0,19,16045.0,12,16075.0,177,16040.0,20,16080.0,23,16035.0,5
1597988582118990080,1597988582000000000,2020-08-21 13:43:02.000000,16055.0,16100.0,15955.0,16085.0,nan,16024.742,19426,1556483225.0,23733,16060.0,14,16055.0,3,16065.0,12,16050.0,27,16070.0,19,16045.0,12,16075.0,177,16040.0,20,16080.0,23,16035.0,5
1597988583628041984,1597988583500000000,2020-08-21 13:43:03.500000,16055.0,16100.0,15955.0,16085.0,nan,16024.744,19427,1556563500.0,23732,16060.0,14,16055.0,2,16065.0,12,16050.0,27,16070.0,19,16045.0,12,16075.0,177,16040.0,20,16080.0,23,16035.0,5
1597988584138775040,1597988584000000000,2020-08-21 13:43:04.000000,16055.0,16100.0,15955.0,16085.0,nan,16024.744,19427,1556563500.0,23732,16060.0,14,16055.0,8,16065.0,12,16050.0,27,16070.0,19,16045.0,12,16075.0,177,16040.0,20,16080.0,23,16035.0,5
1597988584638994944,1597988584500000000,2020-08-21 13:43:04.500000,16055.0,16100.0,15955.0,16085.0,nan,16024.744,19427,1556563500.0,23732,16060.0,13,16055.0,8,16065.0,12,16050.0,27,16070.0,19,16045.0,12,16075.0,177,16040.0,20,16080.0,23,16035.0,5
1597988586141092096,1597988586000000000,2020-08-21 13:43:06.000000,16055.0,16100.0,15955.0,16085.0,nan,16024.747,19429,1556724050.0,23730,16060.0,13,16055.0,6,16065.0,12,16050.0,27,16070.0,19,16045.0,12,16075.0,177,16040.0,20,16080.0,23,16035.0,5
1597988586619929088,1597988586500000000,2020-08-21 13:43:06.500000,16060.0,16100.0,15955.0,16085.0,nan,16024.758,19436,1557286000.0,23725,16060.0,12,16055.0,13,16065.0,12,16050.0,29,16070.0,19,16045.0,12,16075.0,177,16040.0,20,16080.0,23,16035.0,5
1597988589140396032,1597988589000000000,2020-08-21 13:43:09.000000,16060.0,16100.0,15955.0,16085.0,nan,16024.758,19436,1557286000.0,23725,16060.0,12,16055.0,13,16065.0,12,16050.0,39,16070.0,19,16045.0,12,16075.0,177,16040.0,20,16080.0,23,16035.0,5
1597988591129912064,1597988591000000000,2020-08-21 13:43:11.000000,16060.0,16100.0,15955.0,16085.0,nan,16024.758,19436,1557286000.0,23725,16060.0,12,16055.0,14,16065.0,12,16050.0,39,16070.0,19,16045.0,12,16075.0,177,16040.0,20,16080.0,23,16035.0,5
1597988592726412032,1597988592500000000,2020-08-21 13:43:12.500000,16055.0,16100.0,15955.0,16085.0,nan,16024.76,19437,1557366275.0,23724,16060.0,12,16055.0,13,16065.0,12,16050.0,39,16070.0,19,16045.0,12,16075.0,177,16040.0,20,16080.0,23,16035.0,5
1597988594179035904,1597988594000000000,2020-08-21 13:43:14.000000,16055.0,16100.0,15955.0,16085.0,nan,16024.761,19438,1557446550.0,23724,16060.0,12,16055.0,12,16065.0,12,16050.0,39,16070.0,19,16045.0,12,16075.0,177,16040.0,20,16080.0,23,16035.0,5
1597988594629171968,1597988594500000000,2020-08-21 13:43:14.500000,16055.0,16100.0,15955.0,16085.0,nan,16024.761,19438,1557446550.0,23724,16060.0,12,16055.0,12,16065.0,12,16050.0,29,16070.0,19,16045.0,12,16075.0,177,16040.0,30,16080.0,23,16035.0,5
1597988596133416960,1597988596000000000,2020-08-21 13:43:16.000000,16055.0,16100.0,15955.0,16085.0,nan,16024.761,19438,1557446550.0,23724,16060.0,13,16055.0,12,16065.0,12,16050.0,29,16070.0,19,16045.0,12,16075.0,177,16040.0,30,16080.0,23,16035.0,5
1597988598612007936,1597988598500000000,2020-08-21 13:43:18.500000,16055.0,16100.0,15955.0,16085.0,nan,16024.761,19438,1557446550.0,23724,16060.0,13,16055.0,12,16065.0,12,16050.0,28,16070.0,19,16045.0,12,16075.0,177,16040.0,30,16080.0,23,16035.0,5
1597988604147212032,1597988604000000000,2020-08-21 13:43:24.000000,16055.0,16100.0,15955.0,16085.0,nan,16024.768,19442,1557767650.0,23722,16060.0,13,16055.0,8,16065.0,12,16050.0,28,16070.0,19,16045.0,12,16075.0,177,16040.0,30,16080.0,23,16035.0,5
1597988606142313984,1597988606000000000,2020-08-21 13:43:26.000000,16060.0,16100.0,15955.0,16085.0,nan,16024.771,19444,1557928225.0,23721,16060.0,12,16055.0,7,16065.0,12,16050.0,28,16070.0,19,16045.0,12,16075.0,177,16040.0,30,16080.0,23,16035.0,5
1597988606622252032,1597988606500000000,2020-08-21 13:43:26.500000,16060.0,16100.0,15955.0,16085.0,nan,16024.771,19444,1557928225.0,23721,16060.0,12,16055.0,9,16065.0,12,16050.0,28,16070.0,19,16045.0,12,16075.0,177,16040.0,30,16080.0,23,16035.0,5
1597988616639838976,1597988616500000000,2020-08-21 13:43:36.500000,16060.0,16100.0,15955.0,16085.0,nan,16024.793,19456,1558891825.0,23716,16065.0,12,16055.0,13,16070.0,19,16050.0,28,16075.0,177,16045.0,12,16080.0,23,16040.0,30,16085.0,15,16035.0,5
1597988617125414912,1597988617000000000,2020-08-21 13:43:37.000000,16060.0,16100.0,15955.0,16085.0,nan,16024.793,19456,1558891825.0,23716,16065.0,13,16060.0,4,16070.0,19,16055.0,14,16075.0,177,16050.0,28,16080.0,23,16045.0,11,16085.0,15,16040.0,30
1597988617678025984,1597988617500000000,2020-08-21 13:43:37.500000,16060.0,16100.0,15955.0,16085.0,nan,16024.793,19456,1558891825.0,23716,16065.0,14,16060.0,6,16070.0,19,16055.0,14,16075.0,177,16050.0,28,16080.0,23,16045.0,11,16085.0,15,16040.0,30
1597988618134644992,1597988618000000000,2020-08-21 13:43:38.000000,16060.0,16100.0,15955.0,16085.0,nan,16024.793,19456,1558891825.0,23716,16065.0,11,16060.0,6,16070.0,19,16055.0,14,16075.0,177,16050.0,28,16080.0,23,16045.0,11,16085.0,15,16040.0,30
1597988618635474944,1597988618500000000,2020-08-21 13:43:38.500000,16060.0,16100.0,15955.0,16085.0,nan,16024.793,19456,1558891825.0,23716,16065.0,11,16060.0,6,16070.0,19,16055.0,14,16075.0,177,16050.0,31,16080.0,23,16045.0,8,16085.0,15,16040.0,30
1597988622133230080,1597988622000000000,2020-08-21 13:43:42.000000,16060.0,16100.0,15955.0,16085.0,nan,16024.793,19456,1558891825.0,23716,16065.0,11,16060.0,6,16070.0,19,16055.0,16,16075.0,177,16050.0,28,16080.0,23,16045.0,8,16085.0,15,16040.0,30
1597988622619652096,1597988622500000000,2020-08-21 13:43:42.500000,16060.0,16100.0,15955.0,16085.0,nan,16024.793,19456,1558891825.0,23716,16065.0,11,16060.0,6,16070.0,19,16055.0,17,16075.0,177,16050.0,28,16080.0,23,16045.0,8,16085.0,15,16040.0,30
1597988623612254976,1597988623500000000,2020-08-21 13:43:43.500000,16060.0,16100.0,15955.0,16085.0,nan,16024.793,19456,1558891825.0,23716,16065.0,11,16060.0,6,16070.0,19,16055.0,17,16075.0,177,16050.0,26,16080.0,23,16045.0,8,16085.0,15,16040.0,30
1597988624127880960,1597988624000000000,2020-08-21 13:43:44.000000,16065.0,16100.0,15955.0,16085.0,nan,16024.795,19457,1558972150.0,23717,16065.0,11,16060.0,6,16070.0,19,16055.0,17,16075.0,177,16050.0,26,16080.0,23,16045.0,10,16085.0,15,16040.0,30
1597988624652323072,1597988624500000000,2020-08-21 13:43:44.500000,16065.0,16100.0,15955.0,16085.0,nan,16024.795,19457,1558972150.0,23717,16065.0,11,16060.0,6,16070.0,19,16055.0,20,16075.0,177,16050.0,26,16080.0,23,16045.0,10,16085.0,15,16040.0,30
1597988625635755008,1597988625500000000,2020-08-21 13:43:45.500000,16060.0,16100.0,15955.0,16085.0,nan,16024.806,19463,1559453950.0,23719,16065.0,11,16060.0,2,16070.0,19,16055.0,20,16075.0,177,16050.0,26,16080.0,23,16045.0,10,16085.0,15,16040.0,30
1597988626135918080,1597988626000000000,2020-08-21 13:43:46.000000,16060.0,16100.0,15955.0,16085.0,nan,16024.811,19466,1559694850.0,23719,16065.0,13,16060.0,1,16070.0,19,16055.0,20,16075.0,177,16050.0,26,16080.0,23,16045.0,10,16085.0,15,16040.0,32
1597988626629281024,1597988626500000000,2020-08-21 13:43:46.500000,16060.0,16100.0,15955.0,16085.0,nan,16024.813,19467,1559775150.0,23719,16065.0,13,16055.0,20,16070.0,19,16050.0,23,16075.0,177,16045.0,13,16080.0,23,16040.0,32,16085.0,15,16035.0,5
1597988634126575104,1597988634000000000,2020-08-21 13:43:54.000000,16060.0,16100.0,15955.0,16085.0,nan,16024.813,19467,1559775150.0,23719,16065.0,13,16055.0,20,16070.0,19,16050.0,25,16075.0,177,16045.0,13,16080.0,23,16040.0,32,16085.0,15,16035.0,5
1597988634616204032,1597988634500000000,2020-08-21 13:43:54.500000,16060.0,16100.0,15955.0,16085.0,nan,16024.813,19467,1559775150.0,23719,16065.0,13,16055.0,20,16070.0,19,16050.0,23,16075.0,177,16045.0,13,16080.0,23,16040.0,32,16085.0,15,16035.0,5
1597988636111439872,1597988636000000000,2020-08-21 13:43:56.000000,16060.0,16100.0,15955.0,16085.0,nan,16024.813,19467,1559775150.0,23719,16065.0,13,16055.0,20,16070.0,19,16050.0,23,16075.0,177,16045.0,13,16080.0,23,16040.0,32,16085.0,14,16035.0,5
1597988639126603008,1597988639000000000,2020-08-21 13:43:59.000000,16060.0,16100.0,15955.0,16085.0,nan,16024.813,19467,1559775150.0,23719,16065.0,13,16055.0,20,16070.0,19,16050.0,23,16075.0,177,16045.0,10,16080.0,23,16040.0,32,16085.0,14,16035.0,5
1597988641119130112,1597988641000000000,2020-08-21 13:44:01.000000,16060.0,16100.0,15955.0,16085.0,nan,16024.813,19467,1559775150.0,23719,16065.0,13,16060.0,3,16070.0,19,16055.0,20,16075.0,177,16050.0,23,16080.0,23,16045.0,10,16085.0,14,16040.0,32
1597988641615970048,1597988641500000000,2020-08-21 13:44:01.500000,16060.0,16100.0,15955.0,16085.0,nan,16024.818,19470,1560016050.0,23719,16065.0,13,16060.0,1,16070.0,19,16055.0,20,16075.0,177,16050.0,23,16080.0,23,16045.0,10,16085.0,14,16040.0,32
1597988642138426112,1597988642000000000,2020-08-21 13:44:02.000000,16060.0,16100.0,15955.0,16085.0,nan,16024.82,19471,1560096350.0,23719,16060.0,1,16055.0,20,16065.0,13,16050.0,23,16070.0,19,16045.0,10,16075.0,177,16040.0,32,16080.0,23,16035.0,5
1597988642623564032,1597988642500000000,2020-08-21 13:44:02.500000,16060.0,16100.0,15955.0,16085.0,nan,16024.82,19471,1560096350.0,23719,16060.0,3,16055.0,20,16065.0,19,16050.0,23,16070.0,19,16045.0,13,16075.0,177,16040.0,32,16080.0,22,16035.0,5
1597988643140047872,1597988643000000000,2020-08-21 13:44:03.000000,16060.0,16100.0,15955.0,16085.0,nan,16024.82,19471,1560096350.0,23719,16060.0,3,16055.0,20,16065.0,22,16050.0,23,16070.0,17,16045.0,5,16075.0,177,16040.0,40,16080.0,22,16035.0,5
1597988643632560128,1597988643500000000,2020-08-21 13:44:03.500000,16060.0,16100.0,15955.0,16085.0,nan,16024.82,19471,1560096350.0,23719,16060.0,3,16055.0,11,16065.0,22,16050.0,23,16070.0,17,16045.0,5,16075.0,177,16040.0,40,16080.0,22,16035.0,5
1597988644114918912,1597988644000000000,2020-08-21 13:44:04.000000,16060.0,16100.0,15955.0,16085.0,nan,16024.82,19471,1560096350.0,23719,16060.0,6,16055.0,14,16065.0,22,16050.0,23,16070.0,17,16045.0,5,16075.0,177,16040.0,40,16080.0,22,16035.0,5
1597988644630650112,1597988644500000000,2020-08-21 13:44:04.500000,16060.0,16100.0,15955.0,16085.0,nan,16024.825,19474,1560337250.0,23716,16065.0,22,16060.0,3,16070.0,17,16055.0,13,16075.0,177,16050.0,23,16080.0,22,16045.0,5,16085.0,14,16040.0,40
1597988645112932096,1597988645000000000,2020-08-21 13:44:05.000000,16060.0,16100.0,15955.0,16085.0,nan,16024.836,19480,1560819050.0,23716,16060.0,1,16055.0,11,16065.0,22,16050.0,23,16070.0,17,16045.0,5,16075.0,177,16040.0,40,16080.0,22,16035.0,5
1597988645632873984,1597988645500000000,2020-08-21 13:44:05.500000,16060.0,16100.0,15955.0,16085.0,nan,16024.836,19480,1560819050.0,23716,16060.0,1,16055.0,11,16065.0,22,16050.0,23,16070.0,20,16045.0,5,16075.0,177,16040.0,40,16080.0,22,16035.0,5
1597988647120005120,1597988647000000000,2020-08-21 13:44:07.000000,16060.0,16100.0,15955.0,16085.0,nan,16024.836,19480,1560819050.0,23716,16060.0,3,16055.0,11,16065.0,22,16050.0,23,16070.0,20,16045.0,5,16075.0,177,16040.0,40,16080.0,22,16035.0,5
1597988651631567104,1597988651500000000,2020-08-21 13:44:11.500000,16060.0,16100.0,15955.0,16085.0,nan,16024.836,19480,1560819050.0,23716,16060.0,3,16055.0,11,16065.0,22,16050.0,23,16070.0,20,16045.0,5,16075.0,177,16040.0,30,16080.0,22,16035.0,5
1597988655110328064,1597988655000000000,2020-08-21 13:44:15.000000,16060.0,16100.0,15955.0,16085.0,nan,16024.836,19480,1560819050.0,23716,16060.0,6,16055.0,11,16065.0,22,16050.0,23,16070.0,20,16045.0,5,16075.0,177,16040.0,30,16080.0,22,16035.0,5
1597988655614781952,1597988655500000000,2020-08-21 13:44:15.500000,16060.0,16100.0,15955.0,16085.0,nan,16024.836,19480,1560819050.0,23716,16060.0,6,16055.0,10,16065.0,22,16050.0,23,16070.0,20,16045.0,5,16075.0,177,16040.0,30,16080.0,22,16035.0,5
1597988661617709056,1597988661500000000,2020-08-21 13:44:21.500000,16060.0,16100.0,15955.0,16085.0,nan,16024.838,19481,1560899350.0,23717,16060.0,5,16055.0,10,16065.0,22,16050.0,23,16070.0,20,16045.0,5,16075.0,177,16040.0,30,16080.0,22,16035.0,5
1597988664118327040,1597988664000000000,2020-08-21 13:44:24.000000,16060.0,16100.0,15955.0,16085.0,nan,16024.838,19481,1560899350.0,23717,16060.0,5,16055.0,11,16065.0,22,16050.0,23,16070.0,20,16045.0,5,16075.0,177,16040.0,30,16080.0,22,16035.0,5
1597988664615889920,1597988664500000000,2020-08-21 13:44:24.500000,16060.0,16100.0,15955.0,16085.0,nan,16024.838,19481,1560899350.0,23717,16060.0,5,16055.0,11,16065.0,25,16050.0,23,16070.0,17,16045.0,5,16075.0,177,16040.0,30,16080.0,22,16035.0,5
1597988665117714944,1597988665000000000,2020-08-21 13:44:25.000000,16060.0,16100.0,15955.0,16085.0,nan,16024.838,19481,1560899350.0,23717,16060.0,2,16055.0,11,16065.0,25,16050.0,23,16070.0,17,16045.0,5,16075.0,177,16040.0,30,16080.0,22,16035.0,5
1597988665623096064,1597988665500000000,2020-08-21 13:44:25.500000,16060.0,16100.0,15955.0,16085.0,nan,16024.838,19481,1560899350.0,23717,16060.0,4,16055.0,12,16065.0,25,16050.0,23,16070.0,17,16045.0,5,16075.0,177,16040.0,30,16080.0,22,16035.0,5
1597988666113916928,1597988666000000000,2020-08-21 13:44:26.000000,16060.0,16100.0,15955.0,16085.0,nan,16024.838,19481,1560899350.0,23717,16060.0,4,16055.0,11,16065.0,25,16050.0,23,16070.0,17,16045.0,5,16075.0,177,16040.0,30,16080.0,22,16035.0,5
1597988666615891968,1597988666500000000,2020-08-21 13:44:26.500000,16060.0,16100.0,15955.0,16085.0,nan,16024.838,19481,1560899350.0,23717,16060.0,4,16055.0,11,16065.0,25,16050.0,23,16070.0,17,16045.0,8,16075.0,177,16040.0,27,16080.0,22,16035.0,5
1597988667637448960,1597988667500000000,2020-08-21 13:44:27.500000,16060.0,16100.0,15955.0,16085.0,nan,16024.838,19481,1560899350.0,23717,16060.0,4,16055.0,11,16065.0,26,16050.0,23,16070.0,17,16045.0,8,16075.0,177,16040.0,27,16080.0,22,16035.0,5
1597988668107969024,1597988668000000000,2020-08-21 13:44:28.000000,16060.0,16100.0,15955.0,16085.0,nan,16024.84,19482,1560979650.0,23718,16060.0,3,16055.0,11,16065.0,26,16050.0,23,16070.0,17,16045.0,8,16075.0,177,16040.0,27,16080.0,22,16035.0,5
1597988668619301888,1597988668500000000,2020-08-21 13:44:28.500000,16060.0,16100.0,15955.0,16085.0,nan,16024.84,19482,1560979650.0,23718,16060.0,6,16055.0,12,16065.0,26,16050.0,23,16070.0,17,16045.0,8,16075.0,177,16040.0,27,16080.0,22,16035.0,5
1597988669115595008,1597988669000000000,2020-08-21 13:44:29.000000,16060.0,16100.0,15955.0,16085.0,nan,16024.84,19482,1560979650.0,23718,16060.0,6,16055.0,11,16065.0,26,16050.0,23,16070.0,17,16045.0,8,16075.0,177,16040.0,27,16080.0,22,16035.0,5
1597988672115649024,1597988672000000000,2020-08-21 13:44:32.000000,16060.0,16100.0,15955.0,16085.0,nan,16024.84,19482,1560979650.0,23718,16060.0,5,16055.0,11,16065.0,26,16050.0,23,16070.0,17,16045.0,8,16075.0,177,16040.0,27,16080.0,22,16035.0,5
1597988672622667008,1597988672500000000,2020-08-21 13:44:32.500000,16060.0,16100.0,15955.0,16085.0,nan,16024.84,19482,1560979650.0,23718,16060.0,3,16055.0,11,16065.0,26,16050.0,23,16070.0,17,16045.0,8,16075.0,177,16040.0,27,16080.0,22,16035.0,5
1597988673123988992,1597988673000000000,2020-08-21 13:44:33.000000,16060.0,16100.0,15955.0,16085.0,nan,16024.84,19482,1560979650.0,23718,16060.0,3,16055.0,12,16065.0,26,16050.0,23,16070.0,17,16045.0,8,16075.0,177,16040.0,27,16080.0,22,16035.0,5
1597988673618501888,1597988673500000000,2020-08-21 13:44:33.500000,16060.0,16100.0,15955.0,16085.0,nan,16024.84,19482,1560979650.0,23718,16060.0,3,16055.0,12,16065.0,25,16050.0,23,16070.0,17,16045.0,8,16075.0,177,16040.0,27,16080.0,22,16035.0,5
1597988674636132096,1597988674500000000,2020-08-21 13:44:34.500000,16060.0,16100.0,15955.0,16085.0,nan,16024.84,19482,1560979650.0,23718,16060.0,3,16055.0,12,16065.0,25,16050.0,23,16070.0,17,16045.0,6,16075.0,177,16040.0,29,16080.0,22,16035.0,5
1597988677117285888,1597988677000000000,2020-08-21 13:44:37.000000,16060.0,16100.0,15955.0,16085.0,nan,16024.84,19482,1560979650.0,23718,16060.0,6,16055.0,12,16065.0,25,16050.0,23,16070.0,17,16045.0,6,16075.0,177,16040.0,29,16080.0,22,16035.0,5
1597988677617547008,1597988677500000000,2020-08-21 13:44:37.500000,16060.0,16100.0,15955.0,16085.0,nan,16024.84,19482,1560979650.0,23718,16060.0,6,16055.0,11,16065.0,25,16050.0,23,16070.0,17,16045.0,6,16075.0,177,16040.0,29,16080.0,22,16035.0,5
1597988684643426048,1597988684500000000,2020-08-21 13:44:44.500000,16060.0,16100.0,15955.0,16085.0,nan,16024.84,19482,1560979650.0,23718,16060.0,6,16055.0,11,16065.0,25,16050.0,29,16070.0,17,16045.0,6,16075.0,177,16040.0,29,16080.0,22,16035.0,5
1597988687625825024,1597988687500000000,2020-08-21 13:44:47.500000,16060.0,16100.0,15955.0,16085.0,nan,16024.84,19482,1560979650.0,23718,16060.0,9,16055.0,11,16065.0,25,16050.0,29,16070.0,17,16045.0,6,16075.0,177,16040.0,29,16080.0,22,16035.0,5
1597988689112646912,1597988689000000000,2020-08-21 13:44:49.000000,16055.0,16100.0,15955.0,16085.0,nan,16024.849,19488,1561461300.0,23716,16060.0,11,16055.0,5,16065.0,24,16050.0,29,16070.0,17,16045.0,6,16075.0,177,16040.0,29,16080.0,22,16035.0,5
1597988689628327936,1597988689500000000,2020-08-21 13:44:49.500000,16055.0,16100.0,15955.0,16085.0,nan,16024.857,19493,1561862675.0,23713,16055.0,2,16050.0,29,16060.0,10,16045.0,3,16065.0,24,16040.0,32,16070.0,17,16035.0,5,16075.0,177,16030.0,34
1597988690119053056,1597988690000000000,2020-08-21 13:44:50.000000,16055.0,16100.0,15955.0,16085.0,nan,16024.86,19495,1562023225.0,23713,16060.0,14,16050.0,30,16065.0,16,16045.0,7,16070.0,17,16040.0,29,16075.0,177,16035.0,5,16080.0,22,16030.0,34
1597988690608064000,1597988690500000000,2020-08-21 13:44:50.500000,16055.0,16100.0,15955.0,16085.0,nan,16024.86,19495,1562023225.0,23713,16055.0,1,16050.0,30,16060.0,14,16045.0,4,16065.0,16,16040.0,27,16070.0,17,16035.0,9,16075.0,177,16030.0,34
1597988691127514112,1597988691000000000,2020-08-21 13:44:51.000000,16055.0,16100.0,15955.0,16085.0,nan,16024.86,19495,1562023225.0,23713,16055.0,1,16050.0,30,16060.0,20,16045.0,4,16065.0,16,16040.0,27,16070.0,17,16035.0,9,16075.0,177,16030.0,34
1597988691702807040,1597988691500000000,2020-08-21 13:44:51.500000,16055.0,16100.0,15955.0,16085.0,nan,16024.86,19495,1562023225.0,23713,16055.0,3,16050.0,30,16060.0,18,16045.0,4,16065.0,16,16040.0,27,16070.0,17,16035.0,9,16075.0,177,16030.0,34
1597988692114452992,1597988692000000000,2020-08-21 13:44:52.000000,16055.0,16100.0,15955.0,16085.0,nan,16024.86,19495,1562023225.0,23713,16055.0,4,16050.0,30,16060.0,18,16045.0,4,16065.0,16,16040.0,27,16070.0,17,16035.0,9,16075.0,177,16030.0,34
1597988693117200896,1597988693000000000,2020-08-21 13:44:53.000000,16055.0,16100.0,15955.0,16085.0,nan,16024.86,19495,1562023225.0,23713,16055.0,4,16050.0,30,16060.0,23,16045.0,4,16065.0,16,16040.0,27,16070.0,17,16035.0,9,16075.0,177,16030.0,34
1597988695630022912,1597988695500000000,2020-08-21 13:44:55.500000,16055.0,16100.0,15955.0,16085.0,nan,16024.86,19495,1562023225.0,23713,16055.0,3,16050.0,31,16060.0,23,16045.0,4,16065.0,16,16040.0,27,16070.0,17,16035.0,9,16075.0,177,16030.0,34
1597988696120762880,1597988696000000000,2020-08-21 13:44:56.000000,16055.0,16100.0,15955.0,16085.0,nan,16024.86,19495,1562023225.0,23713,16055.0,4,16050.0,31,16060.0,23,16045.0,4,16065.0,16,16040.0,27,16070.0,17,16035.0,9,16075.0,177,16030.0,34
1597988697144219904,1597988697000000000,2020-08-21 13:44:57.000000,16055.0,16100.0,15955.0,16085.0,nan,16024.86,19495,1562023225.0,23713,16055.0,3,16050.0,31,16060.0,23,16045.0,4,16065.0,16,16040.0,27,16070.0,17,16035.0,9,16075.0,177,16030.0,34
1597988697613399040,1597988697500000000,2020-08-21 13:44:57.500000,16055.0,16100.0,15955.0,16085.0,nan,16024.86,19495,1562023225.0,23713,16055.0,4,16050.0,31,16060.0,23,16045.0,4,16065.0,16,16040.0,27,16070.0,17,16035.0,9,16075.0,177,16030.0,34
1597988698107986944,1597988698000000000,2020-08-21 13:44:58.000000,16055.0,16100.0,15955.0,16085.0,nan,16024.86,19495,1562023225.0,23713,16055.0,4,16050.0,31,16060.0,20,16045.0,4,16065.0,16,16040.0,27,16070.0,17,16035.0,9,16075.0,177,16030.0,34
1597988698621886976,1597988698500000000,2020-08-21 13:44:58.500000,16055.0,16100.0,15955.0,16085.0,nan,16024.86,19495,1562023225.0,23713,16055.0,7,16050.0,31,16060.0,20,16045.0,4,16065.0,16,16040.0,27,16070.0,17,16035.0,9,16075.0,177,16030.0,34
1597988700115380992,1597988700000000000,2020-08-21 13:45:00.000000,16055.0,16100.0,15955.0,16085.0,nan,16024.86,19495,1562023225.0,23713,16055.0,7,16050.0,31,16060.0,20,16045.0,4,16065.0,16,16040.0,28,16070.0,17,16035.0,9,16075.0,177,16030.0,34
1597988700618896896,1597988700500000000,2020-08-21 13:45:00.500000,16055.0,16100.0,15955.0,16085.0,nan,16024.862,19496,1562103500.0,23714,16055.0,6,16050.0,37,16060.0,20,16045.0,4,16065.0,16,16040.0,28,16070.0,17,16035.0,9,16075.0,177,16030.0,34
1597988701119995904,1597988701000000000,2020-08-21 13:45:01.000000,16055.0,16100.0,15955.0,16085.0,nan,16024.868,19500,1562424600.0,23714,16055.0,1,16050.0,37,16060.0,20,16045.0,4,16065.0,16,16040.0,28,16070.0,17,16035.0,12,16075.0,177,16030.0,34
1597988701610064896,1597988701500000000,2020-08-21 13:45:01.500000,16055.0,16100.0,15955.0,16085.0,nan,16024.869,19501,1562504875.0,23713,16060.0,20,16050.0,37,16065.0,16,16045.0,4,16070.0,17,16040.0,28,16075.0,177,16035.0,12,16080.0,22,16030.0,34
1597988702118873088,1597988702000000000,2020-08-21 13:45:02.000000,16055.0,16100.0,15955.0,16085.0,nan,16024.869,19501,1562504875.0,23713,16060.0,20,16055.0,4,16065.0,16,16050.0,37,16070.0,17,16045.0,4,16075.0,177,16040.0,28,16080.0,22,16035.0,12
1597988702608034048,1597988702500000000,2020-08-21 13:45:02.500000,16055.0,16100.0,15955.0,16085.0,nan,16024.875,19505,1562825975.0,23713,16060.0,19,16055.0,2,16065.0,16,16050.0,35,16070.0,17,16045.0,4,16075.0,177,16040.0,28,16080.0,22,16035.0,12
1597988703145884928,1597988703000000000,2020-08-21 13:45:03.000000,16055.0,16100.0,15955.0,16085.0,nan,16024.879,19507,1562986525.0,23715,16060.0,19,16050.0,35,16065.0,17,16045.0,4,16070.0,17,16040.0,28,16075.0,177,16035.0,12,16080.0,22,16030.0,34
1597988703638814976,1597988703500000000,2020-08-21 13:45:03.500000,16055.0,16100.0,15955.0,16085.0,nan,16024.879,19507,1562986525.0,23715,16060.0,19,16050.0,36,16065.0,17,16045.0,4,16070.0,17,16040.0,28,16075.0,177,16035.0,12,16080.0,22,16030.0,34
1597988704155965952,1597988704000000000,2020-08-21 13:45:04.000000,16055.0,16100.0,15955.0,16085.0,nan,16024.879,19507,1562986525.0,23715,16060.0,19,16055.0,2,16065.0,17,16050.0,36,16070.0,17,16045.0,4,16075.0,177,16040.0,28,16080.0,22,16035.0,12
1597988704634558976,1597988704500000000,2020-08-21 13:45:04.500000,16055.0,16100.0,15955.0,16085.0,nan,16024.879,19507,1562986525.0,23715,16060.0,19,16055.0,2,16065.0,17,16050.0,35,16070.0,17,16045.0,4,16075.0,177,16040.0,28,16080.0,22,16035.0,12
1597988706124198912,1597988706000000000,2020-08-21 13:45:06.000000,16055.0,16100.0,15955.0,16085.0,nan,16024.882,19509,1563147075.0,23715,16060.0,19,16055.0,1,16065.0,17,16050.0,35,16070.0,17,16045.0,4,16075.0,177,16040.0,28,16080.0,22,16035.0,12
1597988706614266880,1597988706500000000,2020-08-21 13:45:06.500000,16055.0,16100.0,15955.0,16085.0,nan,16024.882,19509,1563147075.0,23715,16060.0,20,16055.0,1,16065.0,17,16050.0,35,16070.0,17,16045.0,4,16075.0,177,16040.0,28,16080.0,22,16035.0,12
1597988712623090944,1597988712500000000,2020-08-21 13:45:12.500000,16055.0,16100.0,15955.0,16085.0,nan,16024.883,19510,1563227350.0,23715,16060.0,20,16050.0,35,16065.0,17,16045.0,4,16070.0,17,16040.0,28,16075.0,177,16035.0,12,16080.0,22,16030.0,35
1597988713139507968,1597988713000000000,2020-08-21 13:45:13.000000,16055.0,16100.0,15955.0,16085.0,nan,16024.883,19510,1563227350.0,23715,16060.0,20,16050.0,36,16065.0,17,16045.0,4,16070.0,17,16040.0,28,16075.0,177,16035.0,12,16080.0,22,16030.0,35
1597988713614168064,1597988713500000000,2020-08-21 13:45:13.500000,16055.0,16100.0,15955.0,16085.0,nan,16024.883,19510,1563227350.0,23715,16060.0,20,16055.0,10,16065.0,17,16050.0,36,16070.0,17,16045.0,4,16075.0,177,16040.0,28,16080.0,22,16035.0,12
1597988714154141952,1597988714000000000,2020-08-21 13:45:14.000000,16055.0,16100.0,15955.0,16085.0,nan,16024.883,19510,1563227350.0,23715,16060.0,19,16055.0,10,16065.0,17,16050.0,35,16070.0,17,16045.0,4,16075.0,177,16040.0,28,16080.0,22,16035.0,12
1597988714632549888,1597988714500000000,2020-08-21 13:45:14.500000,16055.0,16100.0,15955.0,16085.0,nan,16024.895,19518,1563869550.0,23707,16060.0,18,16055.0,2,16065.0,17,16050.0,35,16070.0,17,16045.0,4,16075.0,177,16040.0,28,16080.0,22,16035.0,12
1597988715109838080,1597988715000000000,2020-08-21 13:45:15.000000,16050.0,16100.0,15955.0,16085.0,nan,16024.9,19521,1564110350.0,23707,16055.0,1,16050.0,34,16060.0,18,16045.0,4,16065.0,17,16040.0,28,16070.0,17,16035.0,12,16075.0,177,16030.0,35
1597988715618957056,1597988715500000000,2020-08-21 13:45:15.500000,16050.0,16100.0,15955.0,16085.0,nan,16024.903,19523,1564270875.0,23706,16060.0,18,16050.0,35,16065.0,17,16045.0,4,16070.0,17,16040.0,28,16075.0,177,16035.0,12,16080.0,22,16030.0,35
1597988716129753088,1597988716000000000,2020-08-21 13:45:16.000000,16050.0,16100.0,15955.0,16085.0,nan,16024.903,19523,1564270875.0,23706,16060.0,19,16050.0,35,16065.0,17,16045.0,4,16070.0,17,16040.0,28,16075.0,177,16035.0,12,16080.0,22,16030.0,35
