local_nano_time,quote_nano_time,datetime,last_price,highest,lowest,open,close,average,volume,amount,open_interest,ask_price1,ask_volume1,bid_price1,bid_volume1,ask_price2,ask_volume2,bid_price2,bid_volume2,ask_price3,ask_volume3,bid_price3,bid_volume3,ask_price4,ask_volume4,bid_price4,bid_volume4,ask_price5,ask_volume5,bid_price5,bid_volume5
1597988233031366912,1597988233000000000,2020-08-21 13:37:13.000000,100.015,100.03,99.885,99.935,nan,99.963,9862,9858344000.0,30627,100.015,22,100.01,10,nan,0,nan,0,nan,0,nan,0,nan,0,nan,0,nan,0,nan,0
1597988237038814976,1597988237000000000,2020-08-21 13:37:17.000000,100.015,100.03,99.885,99.935,nan,99.963,9863,9859344150.0,30627,100.015,21,100.01,10,nan,0,nan,0,nan,0,nan,0,nan,0,nan,0,nan,0,nan,0
1597988237542373120,1597988237500000000,2020-08-21 13:37:17.500000,100.015,100.03,99.885,99.935,nan,99.963,9863,9859344150.0,30627,100.015,21,100.01,11,nan,0,nan,0,nan,0,nan,0,nan,0,nan,0,nan,0,nan,0
1597988238041633024,1597988238000000000,2020-08-21 13:37:18.000000,100.015,100.03,99.885,99.935,nan,99.963,9863,9859344150.0,30627,100.015,21,100.01,11,nan,0,nan,0,nan,0,nan,0,nan,0,nan,0,nan,0,nan,0
1597988241547618048,1597988241500000000,2020-08-21 13:37:21.500000,100.015,100.03,99.885,99.935,nan,99.963,9863,9859344150.0,30627,100.015,21,100.01,11,nan,0,nan,0,nan,0,nan,0,nan,0,nan,0,nan,0,nan,0
1597988246052389120,1597988246000000000,2020-08-21 13:37:26.000000,100.015,100.03,99.885,99.935,nan,99.963,9863,9859344150.0,30627,100.015,41,100.01,11,nan,0,nan,0,nan,0,nan,0,nan,0,nan,0,nan,0,nan,0
1597988246550737920,1597988246500000000,2020-08-21 13:37:26.500000,100.015,100.03,99.885,99.935,nan,99.963,9863,9859344150.0,30627,100.015,41,100.01,11,nan,0,nan,0,nan,0,nan,0,nan,0,nan,0,nan,0,nan,0
1597988249041908992,1597988249000000000,2020-08-21 13:37:29.000000,100.015,100.03,99.885,99.935,nan,99.963,9863,9859344150.0,30627,100.015,41,100.01,11,nan,0,nan,0,nan,0,nan,0,nan,0,nan,0,nan,0,nan,0
1597988249540877056,1597988249500000000,2020-08-21 13:37:29.500000,100.015,100.03,99.885,99.935,nan,99.963,9863,9859344150.0,30627,100.015,41,100.01,11,nan,0,nan,0,nan,0,nan,0,nan,0,nan,0,nan,0,nan,0
1597988250559128064,1597988250500000000,2020-08-21 13:37:30.500000,100.015,100.03,99.885,99.935,nan,99.963,9863,9859344150.0,30627,100.015,41,100.01,11,nan,0,nan,0,nan,0,nan,0,nan,0,nan,0,nan,0,nan,0
1597988251046725888,1597988251000000000,2020-08-21 13:37:31.000000,100.015,100.03,99.885,99.935,nan,99.963,9863,9859344150.0,30627,100.015,41,100.01,11,nan,0,nan,0,nan,0,nan,0,nan,0,nan,0,nan,0,nan,0
1597988252554118912,1597988252500000000,2020-08-21 13:37:32.500000,100.01,100.03,99.885,99.935,nan,99.963,9864,9860344250.0,30628,100.015,41,100.01,10,nan,0,nan,0,nan,0,nan,0,nan,0,nan,0,nan,0,nan,0
1597988253078995968,1597988253000000000,2020-08-21 13:37:33.000000,100.01,100.03,99.885,99.935,nan,99.963,9865,9861344350.0,30629,100.015,42,100.01,10,nan,0,nan,0,nan,0,nan,0,nan,0,nan,0,nan,0,nan,0
1597988253552407040,1597988253500000000,2020-08-21 13:37:33.500000,100.01,100.03,99.885,99.935,nan,99.963,9866,9862344450.0,30630,100.015,42,100.01,9,nan,0,nan,0,nan,0,nan,0,nan,0,nan,0,nan,0,nan,0
1597988256557457920,1597988256500000000,2020-08-21 13:37:36.500000,100.01,100.03,99.885,99.935,nan,99.963,9875,9871345350.0,30636,100.015,42,100.01,4,nan,0,nan,0,nan,0,nan,0,nan,0,nan,0,nan,0,nan,0
1597988257058413056,1597988257000000000,2020-08-21 13:37:37.000000,100.01,100.03,99.885,99.935,nan,99.963,9880,9876345850.0,30634,100.015,42,100.005,19,nan,0,nan,0,nan,0,nan,0,nan,0,nan,0,nan,0,nan,0
1597988257554085888,1597988257500000000,2020-08-21 13:37:37.500000,100.01,100.03,99.885,99.935,nan,99.963,9880,9876345850.0,30634,100.01,5,100.005,18,nan,0,nan,0,nan,0,nan,0,nan,0,nan,0,nan,0,nan,0
1597988258077459968,1597988258000000000,2020-08-21 13:37:38.000000,100.01,100.03,99.885,99.935,nan,99.963,9880,9876345850.0,30634,100.01,7,100.005,15,nan,0,nan,0,nan,0,nan,0,nan,0,nan,0,nan,0,nan,0
1597988258556730880,1597988258500000000,2020-08-21 13:37:38.500000,100.01,100.03,99.885,99.935,nan,99.963,9880,9876345850.0,30634,100.01,11,100.005,15,nan,0,nan,0,nan,0,nan,0,nan,0,nan,0,nan,0,nan,0
1597988259071044096,1597988259000000000,2020-08-21 13:37:39.000000,100.01,100.03,99.885,99.935,nan,99.963,9880,9876345850.0,30634,100.01,11,100.005,15,nan,0,nan,0,nan,0,nan,0,nan,0,nan,0,nan,0,nan,0
1597988259559781120,1597988259500000000,2020-08-21 13:37:39.500000,100.01,100.03,99.885,99.935,nan,99.963,9880,9876345850.0,30634,100.01,13,100.005,15,nan,0,nan,0,nan,0,nan,0,nan,0,nan,0,nan,0,nan,0
1597988260060997120,1597988260000000000,2020-08-21 13:37:40.000000,100.01,100.03,99.885,99.935,nan,99.963,9880,9876345850.0,30634,100.01,13,100.005,15,nan,0,nan,0,nan,0,nan,0,nan,0,nan,0,nan,0,nan,0
1597988260557701120,1597988260500000000,2020-08-21 13:37:40.500000,100.01,100.03,99.885,99.935,nan,99.963,9880,9876345850.0,30634,100.01,14,100.005,14,nan,0,nan,0,nan,0,nan,0,nan,0,nan,0,nan,0,nan,0
1597988261075204096,1597988261000000000,2020-08-21 13:37:41.000000,100.01,100.03,99.885,99.935,nan,99.963,9880,9876345850.0,30634,100.01,14,100.005,12,nan,0,nan,0,nan,0,nan,0,nan,0,nan,0,nan,0,nan,0
1597988265049328128,1597988265000000000,2020-08-21 13:37:45.000000,100.005,100.03,99.885,99.935,nan,99.963,9891,9887346400.0,30643,100.01,14,100.005,1,nan,0,nan,0,nan,0,nan,0,nan,0,nan,0,nan,0,nan,0
1597988265548416000,1597988265500000000,2020-08-21 13:37:45.500000,100.005,100.03,99.885,99.935,nan,99.963,9892,9888346450.0,30642,100.005,5,100.0,12,nan,0,nan,0,nan,0,nan,0,nan,0,nan,0,nan,0,nan,0
1597988266049495040,1597988266000000000,2020-08-21 13:37:46.000000,100.005,100.03,99.885,99.935,nan,99.963,9892,9888346450.0,30642,100.005,7,100.0,12,nan,0,nan,0,nan,0,nan,0,nan,0,nan,0,nan,0,nan,0
1597988266549174016,1597988266500000000,2020-08-21 13:37:46.500000,100.005,100.03,99.885,99.935,nan,99.963,9892,9888346450.0,30642,100.005,7,100.0,9,nan,0,nan,0,nan,0,nan,0,nan,0,nan,0,nan,0,nan,0
1597988267096591872,1597988267000000000,2020-08-21 13:37:47.000000,100.005,100.03,99.885,99.935,nan,99.963,9892,9888346450.0,30642,100.005,7,100.0,9,nan,0,nan,0,nan,0,nan,0,nan,0,nan,0,nan,0,nan,0
1597988267559023104,1597988267500000000,2020-08-21 13:37:47.500000,100.005,100.03,99.885,99.935,nan,99.963,9892,9888346450.0,30642,100.005,7,100.0,9,nan,0,nan,0,nan,0,nan,0,nan,0,nan,0,nan,0,nan,0
1597988268082540032,1597988268000000000,2020-08-21 13:37:48.000000,100.005,100.03,99.885,99.935,nan,99.963,9892,9888346450.0,30642,100.005,7,100.0,9,nan,0,nan,0,nan,0,nan,0,nan,0,nan,0,nan,0,nan,0
1597988268564589056,1597988268500000000,2020-08-21 13:37:48.500000,100.005,100.03,99.885,99.935,nan,99.963,9892,9888346450.0,30642,100.005,8,100.0,8,nan,0,nan,0,nan,0,nan,0,nan,0,nan,0,nan,0,nan,0
1597988269068536064,1597988269000000000,2020-08-21 13:37:49.000000,100.005,100.03,99.885,99.935,nan,99.963,9895,9891346600.0,30642,100.005,5,100.0,8,nan,0,nan,0,nan,0,nan,0,nan,0,nan,0,nan,0,nan,0
1597988269564225024,1597988269500000000,2020-08-21 13:37:49.500000,100.005,100.03,99.885,99.935,nan,99.963,9895,9891346600.0,30642,100.005,5,100.0,8,nan,0,nan,0,nan,0,nan,0,nan,0,nan,0,nan,0,nan,0
1597988270079241984,1597988270000000000,2020-08-21 13:37:50.000000,100.005,100.03,99.885,99.935,nan,99.963,9895,9891346600.0,30642,100.005,5,100.0,8,nan,0,nan,0,nan,0,nan,0,nan,0,nan,0,nan,0,nan,0
1597988270555287040,1597988270500000000,2020-08-21 13:37:50.500000,100.005,100.03,99.885,99.935,nan,99.963,9895,9891346600.0,30642,100.005,5,100.0,8,nan,0,nan,0,nan,0,nan,0,nan,0,nan,0,nan,0,nan,0
1597988271076836096,1597988271000000000,2020-08-21 13:37:51.000000,100.005,100.03,99.885,99.935,nan,99.963,9900,9896346850.0,30640,100.005,1,100.0,9,nan,0,nan,0,nan,0,nan,0,nan,0,nan,0,nan,0,nan,0
1597988271554331904,1597988271500000000,2020-08-21 13:37:51.500000,100.005,100.03,99.885,99.935,nan,99.963,9901,9897346900.0,30640,100.01,14,100.005,2,nan,0,nan,0,nan,0,nan,0,nan,0,nan,0,nan,0,nan,0
1597988272052616960,1597988272000000000,2020-08-21 13:37:52.000000,100.005,100.03,99.885,99.935,nan,99.963,9902,9898346950.0,30640,100.01,14,100.005,2,nan,0,nan,0,nan,0,nan,0,nan,0,nan,0,nan,0,nan,0
1597988272553654016,1597988272500000000,2020-08-21 13:37:52.500000,100.005,100.03,99.885,99.935,nan,99.963,9902,9898346950.0,30640,100.01,13,100.0,11,nan,0,nan,0,nan,0,nan,0,nan,0,nan,0,nan,0,nan,0
1597988273079962112,1597988273000000000,2020-08-21 13:37:53.000000,100.005,100.03,99.885,99.935,nan,99.963,9902,9898346950.0,30640,100.01,12,100.0,11,nan,0,nan,0,nan,0,nan,0,nan,0,nan,0,nan,0,nan,0
1597988273560151040,1597988273500000000,2020-08-21 13:37:53.500000,100.0,100.03,99.885,99.935,nan,99.963,9906,9902346950.0,30639,100.01,12,100.0,7,nan,0,nan,0,nan,0,nan,0,nan,0,nan,0,nan,0,nan,0
1597988274075397120,1597988274000000000,2020-08-21 13:37:54.000000,100.0,100.03,99.885,99.935,nan,99.963,9906,9902346950.0,30639,100.01,12,100.0,7,nan,0,nan,0,nan,0,nan,0,nan,0,nan,0,nan,0,nan,0
1597988275564928000,1597988275500000000,2020-08-21 13:37:55.500000,100.0,100.03,99.885,99.935,nan,99.963,9906,9902346950.0,30639,100.005,1,100.0,7,nan,0,nan,0,nan,0,nan,0,nan,0,nan,0,nan,0,nan,0
1597988276086752000,1597988276000000000,2020-08-21 13:37:56.000000,100.0,100.03,99.885,99.935,nan,99.963,9906,9902346950.0,30639,100.005,1,100.0,7,nan,0,nan,0,nan,0,nan,0,nan,0,nan,0,nan,0,nan,0
1597988276698535936,1597988276500000000,2020-08-21 13:37:56.500000,100.0,100.03,99.885,99.935,nan,99.963,9906,9902346950.0,30639,100.005,2,100.0,7,nan,0,nan,0,nan,0,nan,0,nan,0,nan,0,nan,0,nan,0
1597988277215316992,1597988277000000000,2020-08-21 13:37:57.000000,100.0,100.03,99.885,99.935,nan,99.963,9906,9902346950.0,30639,100.005,3,100.0,7,nan,0,nan,0,nan,0,nan,0,nan,0,nan,0,nan,0,nan,0
1597988277560407040,1597988277500000000,2020-08-21 13:37:57.500000,100.0,100.03,99.885,99.935,nan,99.963,9906,9902346950.0,30639,100.005,3,100.0,7,nan,0,nan,0,nan,0,nan,0,nan,0,nan,0,nan,0,nan,0
1597988278060293120,1597988278000000000,2020-08-21 13:37:58.000000,100.0,100.03,99.885,99.935,nan,99.963,9906,9902346950.0,30639,100.005,3,100.0,7,nan,0,nan,0,nan,0,nan,0,nan,0,nan,0,nan,0,nan,0
1597988282077721088,1597988282000000000,2020-08-21 13:38:02.000000,100.0,100.03,99.885,99.935,nan,99.963,9906,9902346950.0,30639,100.005,3,100.0,8,nan,0,nan,0,nan,0,nan,0,nan,0,nan,0,nan,0,nan,0
1597988283557829888,1597988283500000000,2020-08-21 13:38:03.500000,100.0,100.03,99.885,99.935,nan,99.963,9906,9902346950.0,30639,100.005,4,100.0,8,nan,0,nan,0,nan,0,nan,0,nan,0,nan,0,nan,0,nan,0
1597988284066277120,1597988284000000000,2020-08-21 13:38:04.000000,100.005,100.03,99.885,99.935,nan,99.963,9910,9906347150.0,30636,100.01,13,100.0,8,nan,0,nan,0,nan,0,nan,0,nan,0,nan,0,nan,0,nan,0
1597988284560293120,1597988284500000000,2020-08-21 13:38:04.500000,100.005,100.03,99.885,99.935,nan,99.963,9910,9906347150.0,30636,100.01,13,100.005,3,nan,0,nan,0,nan,0,nan,0,nan,0,nan,0,nan,0,nan,0
1597988285076748032,1597988285000000000,2020-08-21 13:38:05.000000,100.005,100.03,99.885,99.935,nan,99.963,9910,9906347150.0,30636,100.01,12,100.005,7,nan,0,nan,0,nan,0,nan,0,nan,0,nan,0,nan,0,nan,0
1597988285565392896,1597988285500000000,2020-08-21 13:38:05.500000,100.005,100.03,99.885,99.935,nan,99.963,9910,9906347150.0,30636,100.01,12,100.005,7,nan,0,nan,0,nan,0,nan,0,nan,0,nan,0,nan,0,nan,0
1597988286080406016,1597988286000000000,2020-08-21 13:38:06.000000,100.005,100.03,99.885,99.935,nan,99.963,9910,9906347150.0,30636,100.01,10,100.005,7,nan,0,nan,0,nan,0,nan,0,nan,0,nan,0,nan,0,nan,0
1597988286569765888,1597988286500000000,2020-08-21 13:38:06.500000,100.005,100.03,99.885,99.935,nan,99.963,9911,9907347200.0,30635,100.01,10,100.005,7,nan,0,nan,0,nan,0,nan,0,nan,0,nan,0,nan,0,nan,0
1597988287077058048,1597988287000000000,2020-08-21 13:38:07.000000,100.005,100.03,99.885,99.935,nan,99.963,9912,9908347250.0,30635,100.01,9,100.005,7,nan,0,nan,0,nan,0,nan,0,nan,0,nan,0,nan,0,nan,0
1597988289083718912,1597988289000000000,2020-08-21 13:38:09.000000,100.005,100.03,99.885,99.935,nan,99.963,9912,9908347250.0,30635,100.01,9,100.005,17,nan,0,nan,0,nan,0,nan,0,nan,0,nan,0,nan,0,nan,0
1597988289565637120,1597988289500000000,2020-08-21 13:38:09.500000,100.005,100.03,99.885,99.935,nan,99.963,9912,9908347250.0,30635,100.01,9,100.005,17,nan,0,nan,0,nan,0,nan,0,nan,0,nan,0,nan,0,nan,0
1597988290066446080,1597988290000000000,2020-08-21 13:38:10.000000,100.005,100.03,99.885,99.935,nan,99.963,9912,9908347250.0,30635,100.01,9,100.005,17,nan,0,nan,0,nan,0,nan,0,nan,0,nan,0,nan,0,nan,0
1597988290570526976,1597988290500000000,2020-08-21 13:38:10.500000,100.005,100.03,99.885,99.935,nan,99.963,9912,9908347250.0,30635,100.01,9,100.005,17,nan,0,nan,0,nan,0,nan,0,nan,0,nan,0,nan,0,nan,0
1597988291080358912,1597988291000000000,2020-08-21 13:38:11.000000,100.005,100.03,99.885,99.935,nan,99.963,9912,9908347250.0,30635,100.01,9,100.005,17,nan,0,nan,0,nan,0,nan,0,nan,0,nan,0,nan,0,nan,0
1597988291568014080,1597988291500000000,2020-08-21 13:38:11.500000,100.005,100.03,99.885,99.935,nan,99.963,9912,9908347250.0,30635,100.01,9,100.005,17,nan,0,nan,0,nan,0,nan,0,nan,0,nan,0,nan,0,nan,0
1597988292573195008,1597988292500000000,2020-08-21 13:38:12.500000,100.005,100.03,99.885,99.935,nan,99.963,9912,9908347250.0,30635,100.01,8,100.005,17,nan,0,nan,0,nan,0,nan,0,nan,0,nan,0,nan,0,nan,0
1597988295098181120,1597988295000000000,2020-08-21 13:38:15.000000,100.01,100.03,99.885,99.935,nan,99.963,9913,9909347350.0,30634,100.01,7,100.005,17,nan,0,nan,0,nan,0,nan,0,nan,0,nan,0,nan,0,nan,0
1597988295571282944,1597988295500000000,2020-08-21 13:38:15.500000,100.01,100.03,99.885,99.935,nan,99.963,9913,9909347350.0,30634,100.01,5,100.005,17,nan,0,nan,0,nan,0,nan,0,nan,0,nan,0,nan,0,nan,0
1597988296065160960,1597988296000000000,2020-08-21 13:38:16.000000,100.01,100.03,99.885,99.935,nan,99.963,9913,9909347350.0,30634,100.01,5,100.005,17,nan,0,nan,0,nan,0,nan,0,nan,0,nan,0,nan,0,nan,0
1597988296578512896,1597988296500000000,2020-08-21 13:38:16.500000,100.01,100.03,99.885,99.935,nan,99.963,9913,9909347350.0,30634,100.01,5,100.005,17,nan,0,nan,0,nan,0,nan,0,nan,0,nan,0,nan,0,nan,0
1597988300567601920,1597988300500000000,2020-08-21 13:38:20.500000,100.01,100.03,99.885,99.935,nan,99.963,9918,9914347850.0,30630,100.015,53,100.005,17,nan,0,nan,0,nan,0,nan,0,nan,0,nan,0,nan,0,nan,0
1597988301435788032,1597988301000000000,2020-08-21 13:38:21.000000,100.01,100.03,99.885,99.935,nan,99.963,9918,9914347850.0,30630,100.015,42,100.005,17,nan,0,nan,0,nan,0,nan,0,nan,0,nan,0,nan,0,nan,0
1597988301822993920,1597988301500000000,2020-08-21 13:38:21.500000,100.01,100.03,99.885,99.935,nan,99.963,9918,9914347850.0,30630,100.015,41,100.005,17,nan,0,nan,0,nan,0,nan,0,nan,0,nan,0,nan,0,nan,0
1597988302091307008,1597988302000000000,2020-08-21 13:38:22.000000,100.01,100.03,99.885,99.935,nan,99.963,9918,9914347850.0,30630,100.015,41,100.005,17,nan,0,nan,0,nan,0,nan,0,nan,0,nan,0,nan,0,nan,0
1597988303588983040,1597988303500000000,2020-08-21 13:38:23.500000,100.01,100.03,99.885,99.935,nan,99.963,9918,9914347850.0,30630,100.015,41,100.005,17,nan,0,nan,0,nan,0,nan,0,nan,0,nan,0,nan,0,nan,0
1597988305582260992,1597988305500000000,2020-08-21 13:38:25.500000,100.01,100.03,99.885,99.935,nan,99.963,9918,9914347850.0,30630,100.01,1,100.005,17,nan,0,nan,0,nan,0,nan,0,nan,0,nan,0,nan,0,nan,0
1597988306081608960,1597988306000000000,2020-08-21 13:38:26.000000,100.01,100.03,99.885,99.935,nan,99.963,9918,9914347850.0,30630,100.01,4,100.005,17,nan,0,nan,0,nan,0,nan,0,nan,0,nan,0,nan,0,nan,0
1597988307077303040,1597988307000000000,2020-08-21 13:38:27.000000,100.005,100.03,99.885,99.935,nan,99.963,9925,9921348200.0,30633,100.01,6,100.005,13,nan,0,nan,0,nan,0,nan,0,nan,0,nan,0,nan,0,nan,0
1597988307572444928,1597988307500000000,2020-08-21 13:38:27.500000,100.005,100.03,99.885,99.935,nan,99.963,9925,9921348200.0,30633,100.01,12,100.005,13,nan,0,nan,0,nan,0,nan,0,nan,0,nan,0,nan,0,nan,0
1597988310573415936,1597988310500000000,2020-08-21 13:38:30.500000,100.005,100.03,99.885,99.935,nan,99.963,9925,9921348200.0,30633,100.01,12,100.005,14,nan,0,nan,0,nan,0,nan,0,nan,0,nan,0,nan,0,nan,0
1597988312592659968,1597988312500000000,2020-08-21 13:38:32.500000,100.005,100.03,99.885,99.935,nan,99.963,9926,9922348250.0,30633,100.01,12,100.005,13,nan,0,nan,0,nan,0,nan,0,nan,0,nan,0,nan,0,nan,0
1597988313074400000,1597988313000000000,2020-08-21 13:38:33.000000,100.005,100.03,99.885,99.935,nan,99.963,9927,9923348300.0,30632,100.01,12,100.005,12,nan,0,nan,0,nan,0,nan,0,nan,0,nan,0,nan,0,nan,0
1597988317578607104,1597988317500000000,2020-08-21 13:38:37.500000,100.005,100.03,99.885,99.935,nan,99.963,9927,9923348300.0,30632,100.01,12,100.005,12,nan,0,nan,0,nan,0,nan,0,nan,0,nan,0,nan,0,nan,0
1597988318087516928,1597988318000000000,2020-08-21 13:38:38.000000,100.005,100.03,99.885,99.935,nan,99.963,9927,9923348300.0,30632,100.01,10,100.005,12,nan,0,nan,0,nan,0,nan,0,nan,0,nan,0,nan,0,nan,0
1597988318581609984,1597988318500000000,2020-08-21 13:38:38.500000,100.005,100.03,99.885,99.935,nan,99.963,9927,9923348300.0,30632,100.01,6,100.005,12,nan,0,nan,0,nan,0,nan,0,nan,0,nan,0,nan,0,nan,0
1597988337113057024,1597988337000000000,2020-08-21 13:38:57.000000,100.005,100.03,99.885,99.935,nan,99.963,9927,9923348300.0,30632,100.01,6,100.005,12,nan,0,nan,0,nan,0,nan,0,nan,0,nan,0,nan,0,nan,0
1597988339587151104,1597988339500000000,2020-08-21 13:38:59.500000,100.005,100.03,99.885,99.935,nan,99.963,9927,9923348300.0,30632,100.01,6,100.005,12,nan,0,nan,0,nan,0,nan,0,nan,0,nan,0,nan,0,nan,0
1597988340097524992,1597988340000000000,2020-08-21 13:39:00.000000,100.005,100.03,99.885,99.935,nan,99.963,9927,9923348300.0,30632,100.01,6,100.005,13,nan,0,nan,0,nan,0,nan,0,nan,0,nan,0,nan,0,nan,0
1597988341603951104,1597988341500000000,2020-08-21 13:39:01.500000,100.005,100.03,99.885,99.935,nan,99.963,9927,9923348300.0,30632,100.01,6,100.005,13,nan,0,nan,0,nan,0,nan,0,nan,0,nan,0,nan,0,nan,0
1597988342115289088,1597988342000000000,2020-08-21 13:39:02.000000,100.005,100.03,99.885,99.935,nan,99.963,9927,9923348300.0,30632,100.01,6,100.005,13,nan,0,nan,0,nan,0,nan,0,nan,0,nan,0,nan,0,nan,0
1597988342591227904,1597988342500000000,2020-08-21 13:39:02.500000,100.005,100.03,99.885,99.935,nan,99.963,9927,9923348300.0,30632,100.01,6,100.005,15,nan,0,nan,0,nan,0,nan,0,nan,0,nan,0,nan,0,nan,0
1597988345113740032,1597988345000000000,2020-08-21 13:39:05.000000,100.005,100.03,99.885,99.935,nan,99.963,9927,9923348300.0,30632,100.01,6,100.005,15,nan,0,nan,0,nan,0,nan,0,nan,0,nan,0,nan,0,nan,0
1597988348603158016,1597988348500000000,2020-08-21 13:39:08.500000,100.005,100.03,99.885,99.935,nan,99.963,9927,9923348300.0,30632,100.01,6,100.005,7,nan,0,nan,0,nan,0,nan,0,nan,0,nan,0,nan,0,nan,0
1597988349596811008,1597988349500000000,2020-08-21 13:39:09.500000,100.005,100.03,99.885,99.935,nan,99.963,9927,9923348300.0,30632,100.01,6,100.005,7,nan,0,nan,0,nan,0,nan,0,nan,0,nan,0,nan,0,nan,0
1597988350602013952,1597988350500000000,2020-08-21 13:39:10.500000,100.005,100.03,99.885,99.935,nan,99.963,9927,9923348300.0,30632,100.01,6,100.005,8,nan,0,nan,0,nan,0,nan,0,nan,0,nan,0,nan,0,nan,0
1597988353099318016,1597988353000000000,2020-08-21 13:39:13.000000,100.005,100.03,99.885,99.935,nan,99.963,9927,9923348300.0,30632,100.01,9,100.005,8,nan,0,nan,0,nan,0,nan,0,nan,0,nan,0,nan,0,nan,0
1597988353595268096,1597988353500000000,2020-08-21 13:39:13.500000,100.005,100.03,99.885,99.935,nan,99.963,9929,9925348400.0,30634,100.01,9,100.005,7,nan,0,nan,0,nan,0,nan,0,nan,0,nan,0,nan,0,nan,0
1597988355594818048,1597988355500000000,2020-08-21 13:39:15.500000,100.005,100.03,99.885,99.935,nan,99.963,9935,9931348700.0,30633,100.01,9,100.005,3,nan,0,nan,0,nan,0,nan,0,nan,0,nan,0,nan,0,nan,0
1597988356099480064,1597988356000000000,2020-08-21 13:39:16.000000,100.005,100.03,99.885,99.935,nan,99.963,9939,9935348900.0,30636,100.005,1,100.0,7,nan,0,nan,0,nan,0,nan,0,nan,0,nan,0,nan,0,nan,0
1597988356602768896,1597988356500000000,2020-08-21 13:39:16.500000,100.005,100.03,99.885,99.935,nan,99.963,9939,9935348900.0,30636,100.005,4,100.0,7,nan,0,nan,0,nan,0,nan,0,nan,0,nan,0,nan,0,nan,0
1597988357108079104,1597988357000000000,2020-08-21 13:39:17.000000,100.005,100.03,99.885,99.935,nan,99.963,9944,9940349150.0,30634,100.005,1,100.0,9,nan,0,nan,0,nan,0,nan,0,nan,0,nan,0,nan,0,nan,0
1597988357625317120,1597988357500000000,2020-08-21 13:39:17.500000,100.005,100.03,99.885,99.935,nan,99.963,9945,9941349200.0,30633,100.01,10,100.005,1,nan,0,nan,0,nan,0,nan,0,nan,0,nan,0,nan,0,nan,0
1597988358108879104,1597988358000000000,2020-08-21 13:39:18.000000,100.005,100.03,99.885,99.935,nan,99.963,9945,9941349200.0,30633,100.01,10,100.005,3,nan,0,nan,0,nan,0,nan,0,nan,0,nan,0,nan,0,nan,0
1597988358600642048,1597988358500000000,2020-08-21 13:39:18.500000,100.005,100.03,99.885,99.935,nan,99.963,9947,9943349300.0,30632,100.01,10,100.005,2,nan,0,nan,0,nan,0,nan,0,nan,0,nan,0,nan,0,nan,0
1597988359099881984,1597988359000000000,2020-08-21 13:39:19.000000,100.005,100.03,99.885,99.935,nan,99.963,9947,9943349300.0,30632,100.01,9,100.005,3,nan,0,nan,0,nan,0,nan,0,nan,0,nan,0,nan,0,nan,0
1597988359598612992,1597988359500000000,2020-08-21 13:39:19.500000,100.005,100.03,99.885,99.935,nan,99.963,9950,9946349450.0,30632,100.01,7,100.005,1,nan,0,nan,0,nan,0,nan,0,nan,0,nan,0,nan,0,nan,0
1597988360104976896,1597988360000000000,2020-08-21 13:39:20.000000,100.005,100.03,99.885,99.935,nan,99.963,9950,9946349450.0,30632,100.01,7,100.005,1,nan,0,nan,0,nan,0,nan,0,nan,0,nan,0,nan,0,nan,0
1597988360603464960,1597988360500000000,2020-08-21 13:39:20.500000,100.005,100.03,99.885,99.935,nan,99.963,9950,9946349450.0,30632,100.01,7,100.005,2,nan,0,nan,0,nan,0,nan,0,nan,0,nan,0,nan,0,nan,0
1597988361598295040,1597988361500000000,2020-08-21 13:39:21.500000,100.005,100.03,99.885,99.935,nan,99.963,9950,9946349450.0,30632,100.01,7,100.005,3,nan,0,nan,0,nan,0,nan,0,nan,0,nan,0,nan,0,nan,0
1597988364133217024,1597988364000000000,2020-08-21 13:39:24.000000,100.005,100.03,99.885,99.935,nan,99.963,9950,9946349450.0,30632,100.01,7,100.005,3,nan,0,nan,0,nan,0,nan,0,nan,0,nan,0,nan,0,nan,0
1597988372603443968,1597988372500000000,2020-08-21 13:39:32.500000,100.005,100.03,99.885,99.935,nan,99.963,9952,9948349550.0,30633,100.01,7,100.005,2,nan,0,nan,0,nan,0,nan,0,nan,0,nan,0,nan,0,nan,0
1597988377617103872,1597988377500000000,2020-08-21 13:39:37.500000,100.005,100.03,99.885,99.935,nan,99.963,9952,9948349550.0,30633,100.01,7,100.005,3,nan,0,nan,0,nan,0,nan,0,nan,0,nan,0,nan,0,nan,0
1597988382143220992,1597988382000000000,2020-08-21 13:39:42.000000,100.005,100.03,99.885,99.935,nan,99.963,9952,9948349550.0,30633,100.01,7,100.005,3,nan,0,nan,0,nan,0,nan,0,nan,0,nan,0,nan,0,nan,0
1597988386119130880,1597988386000000000,2020-08-21 13:39:46.000000,100.005,100.03,99.885,99.935,nan,99.963,9952,9948349550.0,30633,100.01,7,100.005,3,nan,0,nan,0,nan,0,nan,0,nan,0,nan,0,nan,0,nan,0
1597988389131688960,1597988389000000000,2020-08-21 13:39:49.000000,100.005,100.03,99.885,99.935,nan,99.963,9952,9948349550.0,30633,100.01,7,100.005,2,nan,0,nan,0,nan,0,nan,0,nan,0,nan,0,nan,0,nan,0
1597988392621192960,1597988392500000000,2020-08-21 13:39:52.500000,100.005,100.03,99.885,99.935,nan,99.963,9954,9950349650.0,30634,100.005,2,100.0,9,nan,0,nan,0,nan,0,nan,0,nan,0,nan,0,nan,0,nan,0
1597988393150195968,1597988393000000000,2020-08-21 13:39:53.000000,100.005,100.03,99.885,99.935,nan,99.963,9956,9952349750.0,30633,100.01,8,100.005,5,nan,0,nan,0,nan,0,nan,0,nan,0,nan,0,nan,0,nan,0
1597988393622658048,1597988393500000000,2020-08-21 13:39:53.500000,100.005,100.03,99.885,99.935,nan,99.963,9960,9956349950.0,30632,100.01,8,100.005,1,nan,0,nan,0,nan,0,nan,0,nan,0,nan,0,nan,0,nan,0
1597988394156208896,1597988394000000000,2020-08-21 13:39:54.000000,100.005,100.03,99.885,99.935,nan,99.963,9961,9957350000.0,30633,100.005,1,100.0,7,nan,0,nan,0,nan,0,nan,0,nan,0,nan,0,nan,0,nan,0
1597988394643715072,1597988394500000000,2020-08-21 13:39:54.500000,100.005,100.03,99.885,99.935,nan,99.963,9961,9957350000.0,30633,100.005,1,100.0,7,nan,0,nan,0,nan,0,nan,0,nan,0,nan,0,nan,0,nan,0
1597988395129016064,1597988395000000000,2020-08-21 13:39:55.000000,100.005,100.03,99.885,99.935,nan,99.963,9961,9957350000.0,30633,100.005,2,100.0,6,nan,0,nan,0,nan,0,nan,0,nan,0,nan,0,nan,0,nan,0
1597988395626297088,1597988395500000000,2020-08-21 13:39:55.500000,100.005,100.03,99.885,99.935,nan,99.963,9961,9957350000.0,30633,100.005,2,100.0,6,nan,0,nan,0,nan,0,nan,0,nan,0,nan,0,nan,0,nan,0
1597988396147714048,1597988396000000000,2020-08-21 13:39:56.000000,100.005,100.03,99.885,99.935,nan,99.963,9961,9957350000.0,30633,100.005,2,100.0,6,nan,0,nan,0,nan,0,nan,0,nan,0,nan,0,nan,0,nan,0
1597988401121702912,1597988401000000000,2020-08-21 13:40:01.000000,100.005,100.03,99.885,99.935,nan,99.963,9964,9960350150.0,30631,100.01,10,100.0,6,nan,0,nan,0,nan,0,nan,0,nan,0,nan,0,nan,0,nan,0
1597988401627833088,1597988401500000000,2020-08-21 13:40:01.500000,100.005,100.03,99.885,99.935,nan,99.963,9965,9961350200.0,30630,100.01,10,100.005,4,nan,0,nan,0,nan,0,nan,0,nan,0,nan,0,nan,0,nan,0
1597988402150091008,1597988402000000000,2020-08-21 13:40:02.000000,100.005,100.03,99.885,99.935,nan,99.963,9965,9961350200.0,30630,100.01,10,100.005,4,nan,0,nan,0,nan,0,nan,0,nan,0,nan,0,nan,0,nan,0
1597988402628380928,1597988402500000000,2020-08-21 13:40:02.500000,100.005,100.03,99.885,99.935,nan,99.963,9965,9961350200.0,30630,100.01,8,100.005,4,nan,0,nan,0,nan,0,nan,0,nan,0,nan,0,nan,0,nan,0
1597988403138599936,1597988403000000000,2020-08-21 13:40:03.000000,100.005,100.03,99.885,99.935,nan,99.963,9965,9961350200.0,30630,100.01,6,100.005,4,nan,0,nan,0,nan,0,nan,0,nan,0,nan,0,nan,0,nan,0
1597988403625035008,1597988403500000000,2020-08-21 13:40:03.500000,100.005,100.03,99.885,99.935,nan,99.963,9965,9961350200.0,30630,100.01,7,100.005,5,nan,0,nan,0,nan,0,nan,0,nan,0,nan,0,nan,0,nan,0
1597988404024442112,1597988404000000000,2020-08-21 13:40:04.000000,100.01,100.03,99.885,99.935,nan,99.963,9966,9962350300.0,30630,100.01,6,100.005,5,nan,0,nan,0,nan,0,nan,0,nan,0,nan,0,nan,0,nan,0
1597988404538061056,1597988404500000000,2020-08-21 13:40:04.500000,100.01,100.03,99.885,99.935,nan,99.963,9966,9962350300.0,30630,100.01,3,100.005,6,nan,0,nan,0,nan,0,nan,0,nan,0,nan,0,nan,0,nan,0
1597988405027790080,1597988405000000000,2020-08-21 13:40:05.000000,100.01,100.03,99.885,99.935,nan,99.963,9966,9962350300.0,30630,100.01,3,100.005,6,nan,0,nan,0,nan,0,nan,0,nan,0,nan,0,nan,0,nan,0
1597988405531170048,1597988405500000000,2020-08-21 13:40:05.500000,100.01,100.03,99.885,99.935,nan,99.963,9966,9962350300.0,30630,100.01,3,100.005,6,nan,0,nan,0,nan,0,nan,0,nan,0,nan,0,nan,0,nan,0
1597988407040721920,1597988407000000000,2020-08-21 13:40:07.000000,100.01,100.03,99.885,99.935,nan,99.963,9966,9962350300.0,30630,100.01,3,100.005,6,nan,0,nan,0,nan,0,nan,0,nan,0,nan,0,nan,0,nan,0
1597988408089810944,1597988408000000000,2020-08-21 13:40:08.000000,100.01,100.03,99.885,99.935,nan,99.963,9966,9962350300.0,30630,100.01,3,100.005,6,nan,0,nan,0,nan,0,nan,0,nan,0,nan,0,nan,0,nan,0
1597988411543567872,1597988411500000000,2020-08-21 13:40:11.500000,100.01,100.03,99.885,99.935,nan,99.963,9966,9962350300.0,30630,100.01,3,100.005,6,nan,0,nan,0,nan,0,nan,0,nan,0,nan,0,nan,0,nan,0
1597988414095684096,1597988414000000000,2020-08-21 13:40:14.000000,100.01,100.03,99.885,99.935,nan,99.963,9967,9963350400.0,30630,100.01,2,100.005,6,nan,0,nan,0,nan,0,nan,0,nan,0,nan,0,nan,0,nan,0
1597988417079617024,1597988417000000000,2020-08-21 13:40:17.000000,100.005,100.03,99.885,99.935,nan,99.963,9975,9971350800.0,30636,100.005,1,100.0,9,nan,0,nan,0,nan,0,nan,0,nan,0,nan,0,nan,0,nan,0
1597988417558510080,1597988417500000000,2020-08-21 13:40:17.500000,100.005,100.03,99.885,99.935,nan,99.963,9983,9979350900.0,30638,100.005,2,100.0,4,nan,0,nan,0,nan,0,nan,0,nan,0,nan,0,nan,0,nan,0
1597988418077181952,1597988418000000000,2020-08-21 13:40:18.000000,100.005,100.03,99.885,99.935,nan,99.963,9987,9983351100.0,30638,100.01,7,100.005,2,nan,0,nan,0,nan,0,nan,0,nan,0,nan,0,nan,0,nan,0
1597988418554089984,1597988418500000000,2020-08-21 13:40:18.500000,100.005,100.03,99.885,99.935,nan,99.963,9987,9983351100.0,30638,100.01,7,100.005,2,nan,0,nan,0,nan,0,nan,0,nan,0,nan,0,nan,0,nan,0
1597988419548531968,1597988419500000000,2020-08-21 13:40:19.500000,100.005,100.03,99.885,99.935,nan,99.963,9987,9983351100.0,30638,100.01,6,100.005,3,nan,0,nan,0,nan,0,nan,0,nan,0,nan,0,nan,0,nan,0
1597988420081353984,1597988420000000000,2020-08-21 13:40:20.000000,100.005,100.03,99.885,99.935,nan,99.963,9987,9983351100.0,30638,100.01,6,100.005,3,nan,0,nan,0,nan,0,nan,0,nan,0,nan,0,nan,0,nan,0
1597988420561158912,1597988420500000000,2020-08-21 13:40:20.500000,100.005,100.03,99.885,99.935,nan,99.963,9987,9983351100.0,30638,100.01,4,100.005,4,nan,0,nan,0,nan,0,nan,0,nan,0,nan,0,nan,0,nan,0
1597988421079512064,1597988421000000000,2020-08-21 13:40:21.000000,100.005,100.03,99.885,99.935,nan,99.963,9987,9983351100.0,30638,100.01,4,100.005,3,nan,0,nan,0,nan,0,nan,0,nan,0,nan,0,nan,0,nan,0
1597988421564435968,1597988421500000000,2020-08-21 13:40:21.500000,100.005,100.03,99.885,99.935,nan,99.963,9987,9983351100.0,30638,100.01,6,100.005,3,nan,0,nan,0,nan,0,nan,0,nan,0,nan,0,nan,0,nan,0
1597988422054732032,1597988422000000000,2020-08-21 13:40:22.000000,100.005,100.03,99.885,99.935,nan,99.963,9987,9983351100.0,30638,100.01,6,100.005,3,nan,0,nan,0,nan,0,nan,0,nan,0,nan,0,nan,0,nan,0
1597988424121404928,1597988424000000000,2020-08-21 13:40:24.000000,100.01,100.03,99.885,99.935,nan,99.963,9988,9984351200.0,30638,100.01,5,100.005,3,nan,0,nan,0,nan,0,nan,0,nan,0,nan,0,nan,0,nan,0
1597988425051214080,1597988425000000000,2020-08-21 13:40:25.000000,100.01,100.03,99.885,99.935,nan,99.963,9988,9984351200.0,30638,100.01,4,100.005,3,nan,0,nan,0,nan,0,nan,0,nan,0,nan,0,nan,0,nan,0
1597988425559096064,1597988425500000000,2020-08-21 13:40:25.500000,100.005,100.03,99.885,99.935,nan,99.963,9991,9987351350.0,30636,100.01,4,100.005,1,nan,0,nan,0,nan,0,nan,0,nan,0,nan,0,nan,0,nan,0
1597988426113597952,1597988426000000000,2020-08-21 13:40:26.000000,100.005,100.03,99.885,99.935,nan,99.963,9991,9987351350.0,30636,100.01,4,100.005,1,nan,0,nan,0,nan,0,nan,0,nan,0,nan,0,nan,0,nan,0
1597988426547456000,1597988426500000000,2020-08-21 13:40:26.500000,100.005,100.03,99.885,99.935,nan,99.963,9992,9988351400.0,30636,100.005,2,100.0,6,nan,0,nan,0,nan,0,nan,0,nan,0,nan,0,nan,0,nan,0
1597988427041143040,1597988427000000000,2020-08-21 13:40:27.000000,100.005,100.03,99.885,99.935,nan,99.963,9995,9991351550.0,30635,100.01,5,100.005,6,nan,0,nan,0,nan,0,nan,0,nan,0,nan,0,nan,0,nan,0
1597988427541366016,1597988427500000000,2020-08-21 13:40:27.500000,100.005,100.03,99.885,99.935,nan,99.964,9996,9992351600.0,30634,100.01,6,100.005,7,nan,0,nan,0,nan,0,nan,0,nan,0,nan,0,nan,0,nan,0
1597988428039759104,1597988428000000000,2020-08-21 13:40:28.000000,100.005,100.03,99.885,99.935,nan,99.964,9996,9992351600.0,30634,100.01,6,100.005,7,nan,0,nan,0,nan,0,nan,0,nan,0,nan,0,nan,0,nan,0
1597988428558609920,1597988428500000000,2020-08-21 13:40:28.500000,100.005,100.03,99.885,99.935,nan,99.964,9996,9992351600.0,30634,100.01,4,100.005,7,nan,0,nan,0,nan,0,nan,0,nan,0,nan,0,nan,0,nan,0
1597988430042454016,1597988430000000000,2020-08-21 13:40:30.000000,100.005,100.03,99.885,99.935,nan,99.964,9996,9992351600.0,30634,100.01,4,100.005,5,nan,0,nan,0,nan,0,nan,0,nan,0,nan,0,nan,0,nan,0
1597988432549458944,1597988432500000000,2020-08-21 13:40:32.500000,100.005,100.03,99.885,99.935,nan,99.964,9996,9992351600.0,30634,100.01,4,100.005,5,nan,0,nan,0,nan,0,nan,0,nan,0,nan,0,nan,0,nan,0
1597988433559716096,1597988433500000000,2020-08-21 13:40:33.500000,100.005,100.03,99.885,99.935,nan,99.964,9998,9994351700.0,30634,100.01,4,100.005,2,nan,0,nan,0,nan,0,nan,0,nan,0,nan,0,nan,0,nan,0
1597988434056340992,1597988434000000000,2020-08-21 13:40:34.000000,100.01,100.03,99.885,99.935,nan,99.964,9999,9995351800.0,30633,100.01,3,100.005,2,nan,0,nan,0,nan,0,nan,0,nan,0,nan,0,nan,0,nan,0
1597988434567419904,1597988434500000000,2020-08-21 13:40:34.500000,100.01,100.03,99.885,99.935,nan,99.964,9999,9995351800.0,30633,100.01,4,100.005,2,nan,0,nan,0,nan,0,nan,0,nan,0,nan,0,nan,0,nan,0
1597988435076755968,1597988435000000000,2020-08-21 13:40:35.000000,100.01,100.03,99.885,99.935,nan,99.964,9999,9995351800.0,30633,100.01,3,100.005,2,nan,0,nan,0,nan,0,nan,0,nan,0,nan,0,nan,0,nan,0
1597988435553008128,1597988435500000000,2020-08-21 13:40:35.500000,100.01,100.03,99.885,99.935,nan,99.964,9999,9995351800.0,30633,100.01,3,100.005,3,nan,0,nan,0,nan,0,nan,0,nan,0,nan,0,nan,0,nan,0
1597988436099907072,1597988436000000000,2020-08-21 13:40:36.000000,100.01,100.03,99.885,99.935,nan,99.964,9999,9995351800.0,30633,100.01,3,100.005,4,nan,0,nan,0,nan,0,nan,0,nan,0,nan,0,nan,0,nan,0
1597988436567725056,1597988436500000000,2020-08-21 13:40:36.500000,100.005,100.03,99.885,99.935,nan,99.964,10003,9999352000.0,30634,100.005,1,100.0,12,nan,0,nan,0,nan,0,nan,0,nan,0,nan,0,nan,0,nan,0
1597988437073904896,1597988437000000000,2020-08-21 13:40:37.000000,100.005,100.03,99.885,99.935,nan,99.964,10003,9999352000.0,30634,100.005,1,100.0,12,nan,0,nan,0,nan,0,nan,0,nan,0,nan,0,nan,0,nan,0
1597988437561901056,1597988437500000000,2020-08-21 13:40:37.500000,100.005,100.03,99.885,99.935,nan,99.964,10005,10001352100.0,30635,100.005,1,100.0,10,nan,0,nan,0,nan,0,nan,0,nan,0,nan,0,nan,0,nan,0
1597988438082004992,1597988438000000000,2020-08-21 13:40:38.000000,100.005,100.03,99.885,99.935,nan,99.964,10006,10002352150.0,30635,100.01,9,100.005,1,nan,0,nan,0,nan,0,nan,0,nan,0,nan,0,nan,0,nan,0
1597988438566938112,1597988438500000000,2020-08-21 13:40:38.500000,100.005,100.03,99.885,99.935,nan,99.964,10007,10003352200.0,30635,100.005,2,100.0,6,nan,0,nan,0,nan,0,nan,0,nan,0,nan,0,nan,0,nan,0
1597988439072098048,1597988439000000000,2020-08-21 13:40:39.000000,100.005,100.03,99.885,99.935,nan,99.964,10007,10003352200.0,30635,100.005,1,100.0,6,nan,0,nan,0,nan,0,nan,0,nan,0,nan,0,nan,0,nan,0
1597988439565299968,1597988439500000000,2020-08-21 13:40:39.500000,100.005,100.03,99.885,99.935,nan,99.964,10007,10003352200.0,30635,100.005,2,100.0,6,nan,0,nan,0,nan,0,nan,0,nan,0,nan,0,nan,0,nan,0
1597988440066457088,1597988440000000000,2020-08-21 13:40:40.000000,100.0,100.03,99.885,99.935,nan,99.964,10009,10005352200.0,30633,100.005,4,100.0,4,nan,0,nan,0,nan,0,nan,0,nan,0,nan,0,nan,0,nan,0
1597988440577853952,1597988440500000000,2020-08-21 13:40:40.500000,100.0,100.03,99.885,99.935,nan,99.964,10009,10005352200.0,30633,100.005,4,100.0,4,nan,0,nan,0,nan,0,nan,0,nan,0,nan,0,nan,0,nan,0
1597988441073498880,1597988441000000000,2020-08-21 13:40:41.000000,100.0,100.03,99.885,99.935,nan,99.964,10009,10005352200.0,30633,100.005,4,100.0,4,nan,0,nan,0,nan,0,nan,0,nan,0,nan,0,nan,0,nan,0
1597988442564344064,1597988442500000000,2020-08-21 13:40:42.500000,100.0,100.03,99.885,99.935,nan,99.964,10009,10005352200.0,30633,100.005,5,100.0,4,nan,0,nan,0,nan,0,nan,0,nan,0,nan,0,nan,0,nan,0
1597988444087708928,1597988444000000000,2020-08-21 13:40:44.000000,100.005,100.03,99.885,99.935,nan,99.964,10011,10007352300.0,30632,100.005,7,100.0,3,nan,0,nan,0,nan,0,nan,0,nan,0,nan,0,nan,0,nan,0
1597988444562042880,1597988444500000000,2020-08-21 13:40:44.500000,100.005,100.03,99.885,99.935,nan,99.964,10011,10007352300.0,30632,100.005,7,100.0,3,nan,0,nan,0,nan,0,nan,0,nan,0,nan,0,nan,0,nan,0
1597988445061076992,1597988445000000000,2020-08-21 13:40:45.000000,100.0,100.03,99.885,99.935,nan,99.964,10014,10010352300.0,30633,100.005,7,99.995,4,nan,0,nan,0,nan,0,nan,0,nan,0,nan,0,nan,0,nan,0
1597988445576423936,1597988445500000000,2020-08-21 13:40:45.500000,100.0,100.03,99.885,99.935,nan,99.964,10014,10010352300.0,30633,100.005,8,99.995,3,nan,0,nan,0,nan,0,nan,0,nan,0,nan,0,nan,0,nan,0
1597988446084052992,1597988446000000000,2020-08-21 13:40:46.000000,100.0,100.03,99.885,99.935,nan,99.964,10014,10010352300.0,30633,100.005,8,99.995,3,nan,0,nan,0,nan,0,nan,0,nan,0,nan,0,nan,0,nan,0
1597988446558548992,1597988446500000000,2020-08-21 13:40:46.500000,100.0,100.03,99.885,99.935,nan,99.964,10014,10010352300.0,30633,100.005,8,99.995,3,nan,0,nan,0,nan,0,nan,0,nan,0,nan,0,nan,0,nan,0
1597988447077117952,1597988447000000000,2020-08-21 13:40:47.000000,100.0,100.03,99.885,99.935,nan,99.964,10014,10010352300.0,30633,100.005,9,99.995,3,nan,0,nan,0,nan,0,nan,0,nan,0,nan,0,nan,0,nan,0
1597988453077491968,1597988453000000000,2020-08-21 13:40:53.000000,100.0,100.03,99.885,99.935,nan,99.964,10014,10010352300.0,30633,100.005,9,99.995,6,nan,0,nan,0,nan,0,nan,0,nan,0,nan,0,nan,0,nan,0
1597988454075847936,1597988454000000000,2020-08-21 13:40:54.000000,100.005,100.03,99.885,99.935,nan,99.964,10015,10011352350.0,30633,100.005,8,100.0,2,nan,0,nan,0,nan,0,nan,0,nan,0,nan,0,nan,0,nan,0
1597988454558866944,1597988454500000000,2020-08-21 13:40:54.500000,100.005,100.03,99.885,99.935,nan,99.964,10015,10011352350.0,30633,100.005,7,100.0,2,nan,0,nan,0,nan,0,nan,0,nan,0,nan,0,nan,0,nan,0
1597988455058565120,1597988455000000000,2020-08-21 13:40:55.000000,100.005,100.03,99.885,99.935,nan,99.964,10015,10011352350.0,30633,100.005,7,100.0,3,nan,0,nan,0,nan,0,nan,0,nan,0,nan,0,nan,0,nan,0
1597988455556602112,1597988455500000000,2020-08-21 13:40:55.500000,100.005,100.03,99.885,99.935,nan,99.964,10015,10011352350.0,30633,100.005,7,100.0,4,nan,0,nan,0,nan,0,nan,0,nan,0,nan,0,nan,0,nan,0
1597988456077363968,1597988456000000000,2020-08-21 13:40:56.000000,100.005,100.03,99.885,99.935,nan,99.964,10015,10011352350.0,30633,100.005,7,100.0,4,nan,0,nan,0,nan,0,nan,0,nan,0,nan,0,nan,0,nan,0
1597988460559027968,1597988460500000000,2020-08-21 13:41:00.500000,100.005,100.03,99.885,99.935,nan,99.964,10015,10011352350.0,30633,100.005,6,100.0,4,nan,0,nan,0,nan,0,nan,0,nan,0,nan,0,nan,0,nan,0
1597988462080443904,1597988462000000000,2020-08-21 13:41:02.000000,100.005,100.03,99.885,99.935,nan,99.964,10015,10011352350.0,30633,100.005,5,100.0,4,nan,0,nan,0,nan,0,nan,0,nan,0,nan,0,nan,0,nan,0
1597988463079735040,1597988463000000000,2020-08-21 13:41:03.000000,100.0,100.03,99.885,99.935,nan,99.964,10017,10013352350.0,30632,100.005,5,100.0,2,nan,0,nan,0,nan,0,nan,0,nan,0,nan,0,nan,0,nan,0
1597988463573431040,1597988463500000000,2020-08-21 13:41:03.500000,100.0,100.03,99.885,99.935,nan,99.964,10018,10014352350.0,30632,100.005,10,100.0,1,nan,0,nan,0,nan,0,nan,0,nan,0,nan,0,nan,0,nan,0
1597988464072900096,1597988464000000000,2020-08-21 13:41:04.000000,100.0,100.03,99.885,99.935,nan,99.964,10019,10015352350.0,30632,100.005,10,99.995,7,nan,0,nan,0,nan,0,nan,0,nan,0,nan,0,nan,0,nan,0
1597988464560764928,1597988464500000000,2020-08-21 13:41:04.500000,100.0,100.03,99.885,99.935,nan,99.964,10019,10015352350.0,30632,100.005,10,100.0,3,nan,0,nan,0,nan,0,nan,0,nan,0,nan,0,nan,0,nan,0
1597988465087288064,1597988465000000000,2020-08-21 13:41:05.000000,100.0,100.03,99.885,99.935,nan,99.964,10019,10015352350.0,30632,100.005,10,100.0,3,nan,0,nan,0,nan,0,nan,0,nan,0,nan,0,nan,0,nan,0
1597988465572588032,1597988465500000000,2020-08-21 13:41:05.500000,100.0,100.03,99.885,99.935,nan,99.964,10019,10015352350.0,30632,100.005,10,100.0,4,nan,0,nan,0,nan,0,nan,0,nan,0,nan,0,nan,0,nan,0
1597988469571311104,1597988469500000000,2020-08-21 13:41:09.500000,100.0,100.03,99.885,99.935,nan,99.964,10019,10015352350.0,30632,100.005,10,100.0,4,nan,0,nan,0,nan,0,nan,0,nan,0,nan,0,nan,0,nan,0
1597988470068646912,1597988470000000000,2020-08-21 13:41:10.000000,100.0,100.03,99.885,99.935,nan,99.964,10023,10019352350.0,30634,100.005,10,100.0,2,nan,0,nan,0,nan,0,nan,0,nan,0,nan,0,nan,0,nan,0
1597988471579753984,1597988471500000000,2020-08-21 13:41:11.500000,100.0,100.03,99.885,99.935,nan,99.964,10023,10019352350.0,30634,100.005,10,100.0,3,nan,0,nan,0,nan,0,nan,0,nan,0,nan,0,nan,0,nan,0
1597988474562073088,1597988474500000000,2020-08-21 13:41:14.500000,100.0,100.03,99.885,99.935,nan,99.964,10024,10020352350.0,30633,100.005,10,100.0,2,nan,0,nan,0,nan,0,nan,0,nan,0,nan,0,nan,0,nan,0
1597988478574480896,1597988478500000000,2020-08-21 13:41:18.500000,100.0,100.03,99.885,99.935,nan,99.964,10026,10022352350.0,30634,100.0,3,99.995,7,nan,0,nan,0,nan,0,nan,0,nan,0,nan,0,nan,0,nan,0
1597988479071309056,1597988479000000000,2020-08-21 13:41:19.000000,100.0,100.03,99.885,99.935,nan,99.964,10031,10027352350.0,30635,100.0,2,99.995,7,nan,0,nan,0,nan,0,nan,0,nan,0,nan,0,nan,0,nan,0
1597988479573905920,1597988479500000000,2020-08-21 13:41:19.500000,100.0,100.03,99.885,99.935,nan,99.964,10033,10029352350.0,30633,100.0,2,99.995,7,nan,0,nan,0,nan,0,nan,0,nan,0,nan,0,nan,0,nan,0
1597988480076107008,1597988480000000000,2020-08-21 13:41:20.000000,100.0,100.03,99.885,99.935,nan,99.964,10035,10031352350.0,30633,100.005,8,99.995,8,nan,0,nan,0,nan,0,nan,0,nan,0,nan,0,nan,0,nan,0
1597988480570221056,1597988480500000000,2020-08-21 13:41:20.500000,100.0,100.03,99.885,99.935,nan,99.964,10035,10031352350.0,30633,100.005,8,99.995,8,nan,0,nan,0,nan,0,nan,0,nan,0,nan,0,nan,0,nan,0
1597988481081768960,1597988481000000000,2020-08-21 13:41:21.000000,100.0,100.03,99.885,99.935,nan,99.964,10035,10031352350.0,30633,100.005,8,99.995,8,nan,0,nan,0,nan,0,nan,0,nan,0,nan,0,nan,0,nan,0
1597988481569637888,1597988481500000000,2020-08-21 13:41:21.500000,100.0,100.03,99.885,99.935,nan,99.964,10035,10031352350.0,30633,100.0,1,99.995,8,nan,0,nan,0,nan,0,nan,0,nan,0,nan,0,nan,0,nan,0
1597988482065094912,1597988482000000000,2020-08-21 13:41:22.000000,100.0,100.03,99.885,99.935,nan,99.964,10035,10031352350.0,30633,100.0,1,99.995,8,nan,0,nan,0,nan,0,nan,0,nan,0,nan,0,nan,0,nan,0
1597988482574428928,1597988482500000000,2020-08-21 13:41:22.500000,100.0,100.03,99.885,99.935,nan,99.964,10035,10031352350.0,30633,100.0,1,99.995,8,nan,0,nan,0,nan,0,nan,0,nan,0,nan,0,nan,0,nan,0
1597988483567473920,1597988483500000000,2020-08-21 13:41:23.500000,100.0,100.03,99.885,99.935,nan,99.964,10035,10031352350.0,30633,100.0,2,99.995,8,nan,0,nan,0,nan,0,nan,0,nan,0,nan,0,nan,0,nan,0
1597988484084251904,1597988484000000000,2020-08-21 13:41:24.000000,100.0,100.03,99.885,99.935,nan,99.964,10035,10031352350.0,30633,100.0,2,99.995,8,nan,0,nan,0,nan,0,nan,0,nan,0,nan,0,nan,0,nan,0
1597988484568777984,1597988484500000000,2020-08-21 13:41:24.500000,100.0,100.03,99.885,99.935,nan,99.964,10035,10031352350.0,30633,100.0,2,99.995,5,nan,0,nan,0,nan,0,nan,0,nan,0,nan,0,nan,0,nan,0
1597988485069627904,1597988485000000000,2020-08-21 13:41:25.000000,100.0,100.03,99.885,99.935,nan,99.964,10035,10031352350.0,30633,100.0,2,99.995,5,nan,0,nan,0,nan,0,nan,0,nan,0,nan,0,nan,0,nan,0
1597988494581238016,1597988494500000000,2020-08-21 13:41:34.500000,100.0,100.03,99.885,99.935,nan,99.964,10035,10031352350.0,30633,100.0,2,99.995,5,nan,0,nan,0,nan,0,nan,0,nan,0,nan,0,nan,0,nan,0
1597988499076815872,1597988499000000000,2020-08-21 13:41:39.000000,100.0,100.03,99.885,99.935,nan,99.964,10035,10031352350.0,30633,100.0,2,99.995,5,nan,0,nan,0,nan,0,nan,0,nan,0,nan,0,nan,0,nan,0
1597988499577159936,1597988499500000000,2020-08-21 13:41:39.500000,100.0,100.03,99.885,99.935,nan,99.964,10035,10031352350.0,30633,100.0,2,99.995,4,nan,0,nan,0,nan,0,nan,0,nan,0,nan,0,nan,0,nan,0
1597988502583461120,1597988502500000000,2020-08-21 13:41:42.500000,99.995,100.03,99.885,99.935,nan,99.964,10039,10035352150.0,30633,99.995,16,99.99,15,nan,0,nan,0,nan,0,nan,0,nan,0,nan,0,nan,0,nan,0
1597988503083653888,1597988503000000000,2020-08-21 13:41:43.000000,99.99,100.03,99.885,99.935,nan,99.964,10040,10036352050.0,30632,99.995,17,99.99,9,nan,0,nan,0,nan,0,nan,0,nan,0,nan,0,nan,0,nan,0
1597988503580489984,1597988503500000000,2020-08-21 13:41:43.500000,99.99,100.03,99.885,99.935,nan,99.964,10040,10036352050.0,30632,99.995,19,99.99,8,nan,0,nan,0,nan,0,nan,0,nan,0,nan,0,nan,0,nan,0
1597988504114413056,1597988504000000000,2020-08-21 13:41:44.000000,99.99,100.03,99.885,99.935,nan,99.964,10040,10036352050.0,30632,99.995,19,99.99,8,nan,0,nan,0,nan,0,nan,0,nan,0,nan,0,nan,0,nan,0
1597988505100588032,1597988505000000000,2020-08-21 13:41:45.000000,99.99,100.03,99.885,99.935,nan,99.964,10040,10036352050.0,30632,99.995,19,99.99,8,nan,0,nan,0,nan,0,nan,0,nan,0,nan,0,nan,0,nan,0
1597988505576608000,1597988505500000000,2020-08-21 13:41:45.500000,99.99,100.03,99.885,99.935,nan,99.964,10040,10036352050.0,30632,99.995,19,99.99,8,nan,0,nan,0,nan,0,nan,0,nan,0,nan,0,nan,0,nan,0
1597988506086874880,1597988506000000000,2020-08-21 13:41:46.000000,99.99,100.03,99.885,99.935,nan,99.964,10043,10039351750.0,30632,99.995,19,99.99,5,nan,0,nan,0,nan,0,nan,0,nan,0,nan,0,nan,0,nan,0
1597988506581818880,1597988506500000000,2020-08-21 13:41:46.500000,99.99,100.03,99.885,99.935,nan,99.964,10044,10040351650.0,30633,99.995,19,99.99,3,nan,0,nan,0,nan,0,nan,0,nan,0,nan,0,nan,0,nan,0
1597988513580156928,1597988513500000000,2020-08-21 13:41:53.500000,99.99,100.03,99.885,99.935,nan,99.964,10044,10040351650.0,30633,99.995,19,99.99,3,nan,0,nan,0,nan,0,nan,0,nan,0,nan,0,nan,0,nan,0
1597988515084229888,1597988515000000000,2020-08-21 13:41:55.000000,99.99,100.03,99.885,99.935,nan,99.964,10045,10041351550.0,30633,99.995,19,99.99,2,nan,0,nan,0,nan,0,nan,0,nan,0,nan,0,nan,0,nan,0
1597988518087852032,1597988518000000000,2020-08-21 13:41:58.000000,99.99,100.03,99.885,99.935,nan,99.964,10047,10043351350.0,30634,99.99,8,99.985,8,nan,0,nan,0,nan,0,nan,0,nan,0,nan,0,nan,0,nan,0
1597988518584666880,1597988518500000000,2020-08-21 13:41:58.500000,99.99,100.03,99.885,99.935,nan,99.964,10055,10051350550.0,30634,99.99,1,99.985,8,nan,0,nan,0,nan,0,nan,0,nan,0,nan,0,nan,0,nan,0
1597988519083150080,1597988519000000000,2020-08-21 13:41:59.000000,99.99,100.03,99.885,99.935,nan,99.964,10058,10054350250.0,30634,99.995,17,99.985,8,nan,0,nan,0,nan,0,nan,0,nan,0,nan,0,nan,0,nan,0
1597988519585220096,1597988519500000000,2020-08-21 13:41:59.500000,99.99,100.03,99.885,99.935,nan,99.964,10058,10054350250.0,30634,99.995,17,99.985,9,nan,0,nan,0,nan,0,nan,0,nan,0,nan,0,nan,0,nan,0
1597988520095080960,1597988520000000000,2020-08-21 13:42:00.000000,99.99,100.03,99.885,99.935,nan,99.964,10058,10054350250.0,30634,99.995,17,99.985,9,nan,0,nan,0,nan,0,nan,0,nan,0,nan,0,nan,0,nan,0
1597988520585448960,1597988520500000000,2020-08-21 13:42:00.500000,99.99,100.03,99.885,99.935,nan,99.964,10058,10054350250.0,30634,99.995,17,99.99,1,nan,0,nan,0,nan,0,nan,0,nan,0,nan,0,nan,0,nan,0
1597988521091814912,1597988521000000000,2020-08-21 13:42:01.000000,99.99,100.03,99.885,99.935,nan,99.964,10059,10055350150.0,30634,99.995,17,99.99,1,nan,0,nan,0,nan,0,nan,0,nan,0,nan,0,nan,0,nan,0
1597988521586002944,1597988521500000000,2020-08-21 13:42:01.500000,99.99,100.03,99.885,99.935,nan,99.964,10059,10055350150.0,30634,99.995,17,99.99,2,nan,0,nan,0,nan,0,nan,0,nan,0,nan,0,nan,0,nan,0
1597988522106225920,1597988522000000000,2020-08-21 13:42:02.000000,99.99,100.03,99.885,99.935,nan,99.964,10063,10059349750.0,30634,99.99,6,99.985,8,nan,0,nan,0,nan,0,nan,0,nan,0,nan,0,nan,0,nan,0
1597988522591844096,1597988522500000000,2020-08-21 13:42:02.500000,99.985,100.03,99.885,99.935,nan,99.964,10064,10060349600.0,30634,99.99,6,99.985,7,nan,0,nan,0,nan,0,nan,0,nan,0,nan,0,nan,0,nan,0
1597988523111247104,1597988523000000000,2020-08-21 13:42:03.000000,99.985,100.03,99.885,99.935,nan,99.964,10064,10060349600.0,30634,99.99,7,99.985,9,nan,0,nan,0,nan,0,nan,0,nan,0,nan,0,nan,0,nan,0
1597988523589359104,1597988523500000000,2020-08-21 13:42:03.500000,99.985,100.03,99.885,99.935,nan,99.964,10064,10060349600.0,30634,99.99,8,99.985,8,nan,0,nan,0,nan,0,nan,0,nan,0,nan,0,nan,0,nan,0
1597988524108719104,1597988524000000000,2020-08-21 13:42:04.000000,99.985,100.03,99.885,99.935,nan,99.964,10064,10060349600.0,30634,99.99,8,99.985,8,nan,0,nan,0,nan,0,nan,0,nan,0,nan,0,nan,0,nan,0
1597988524596666112,1597988524500000000,2020-08-21 13:42:04.500000,99.985,100.03,99.885,99.935,nan,99.964,10064,10060349600.0,30634,99.99,8,99.985,8,nan,0,nan,0,nan,0,nan,0,nan,0,nan,0,nan,0,nan,0
1597988529595020032,1597988529500000000,2020-08-21 13:42:09.500000,99.99,100.03,99.885,99.935,nan,99.964,10066,10062349400.0,30634,99.99,6,99.985,8,nan,0,nan,0,nan,0,nan,0,nan,0,nan,0,nan,0,nan,0
1597988530087956992,1597988530000000000,2020-08-21 13:42:10.000000,99.99,100.03,99.885,99.935,nan,99.964,10072,10068348800.0,30639,99.995,19,99.985,8,nan,0,nan,0,nan,0,nan,0,nan,0,nan,0,nan,0,nan,0
1597988530603279872,1597988530500000000,2020-08-21 13:42:10.500000,99.99,100.03,99.885,99.935,nan,99.964,10072,10068348800.0,30639,99.995,19,99.985,12,nan,0,nan,0,nan,0,nan,0,nan,0,nan,0,nan,0,nan,0
1597988531116971008,1597988531000000000,2020-08-21 13:42:11.000000,99.99,100.03,99.885,99.935,nan,99.964,10072,10068348800.0,30639,99.995,19,99.985,12,nan,0,nan,0,nan,0,nan,0,nan,0,nan,0,nan,0,nan,0
1597988531605268992,1597988531500000000,2020-08-21 13:42:11.500000,99.99,100.03,99.885,99.935,nan,99.964,10072,10068348800.0,30639,99.995,18,99.985,12,nan,0,nan,0,nan,0,nan,0,nan,0,nan,0,nan,0,nan,0
1597988532106315008,1597988532000000000,2020-08-21 13:42:12.000000,99.99,100.03,99.885,99.935,nan,99.964,10072,10068348800.0,30639,99.995,18,99.985,12,nan,0,nan,0,nan,0,nan,0,nan,0,nan,0,nan,0,nan,0
1597988532596357120,1597988532500000000,2020-08-21 13:42:12.500000,99.99,100.03,99.885,99.935,nan,99.964,10072,10068348800.0,30639,99.995,18,99.985,12,nan,0,nan,0,nan,0,nan,0,nan,0,nan,0,nan,0,nan,0
1597988536099729920,1597988536000000000,2020-08-21 13:42:16.000000,99.99,100.03,99.885,99.935,nan,99.964,10072,10068348800.0,30639,99.995,18,99.985,12,nan,0,nan,0,nan,0,nan,0,nan,0,nan,0,nan,0,nan,0
1597988536606469888,1597988536500000000,2020-08-21 13:42:16.500000,99.99,100.03,99.885,99.935,nan,99.964,10072,10068348800.0,30639,99.995,18,99.985,12,nan,0,nan,0,nan,0,nan,0,nan,0,nan,0,nan,0,nan,0
1597988537097779968,1597988537000000000,2020-08-21 13:42:17.000000,99.99,100.03,99.885,99.935,nan,99.964,10072,10068348800.0,30639,99.995,18,99.985,12,nan,0,nan,0,nan,0,nan,0,nan,0,nan,0,nan,0,nan,0
1597988539098529024,1597988539000000000,2020-08-21 13:42:19.000000,99.99,100.03,99.885,99.935,nan,99.964,10072,10068348800.0,30639,99.99,10,99.985,12,nan,0,nan,0,nan,0,nan,0,nan,0,nan,0,nan,0,nan,0
1597988539615546112,1597988539500000000,2020-08-21 13:42:19.500000,99.99,100.03,99.885,99.935,nan,99.964,10072,10068348800.0,30639,99.99,11,99.985,12,nan,0,nan,0,nan,0,nan,0,nan,0,nan,0,nan,0,nan,0
1597988540159938048,1597988540000000000,2020-08-21 13:42:20.000000,99.99,100.03,99.885,99.935,nan,99.964,10072,10068348800.0,30639,99.99,11,99.985,12,nan,0,nan,0,nan,0,nan,0,nan,0,nan,0,nan,0,nan,0
1597988548102671104,1597988548000000000,2020-08-21 13:42:28.000000,99.99,100.03,99.885,99.935,nan,99.964,10083,10079347700.0,30650,99.995,19,99.985,12,nan,0,nan,0,nan,0,nan,0,nan,0,nan,0,nan,0,nan,0
1597988548624550912,1597988548500000000,2020-08-21 13:42:28.500000,99.99,100.03,99.885,99.935,nan,99.964,10083,10079347700.0,30650,99.995,19,99.985,12,nan,0,nan,0,nan,0,nan,0,nan,0,nan,0,nan,0,nan,0
1597988549116560896,1597988549000000000,2020-08-21 13:42:29.000000,99.99,100.03,99.885,99.935,nan,99.964,10083,10079347700.0,30650,99.995,19,99.985,12,nan,0,nan,0,nan,0,nan,0,nan,0,nan,0,nan,0,nan,0
1597988549606528000,1597988549500000000,2020-08-21 13:42:29.500000,99.99,100.03,99.885,99.935,nan,99.964,10083,10079347700.0,30650,99.995,18,99.985,22,nan,0,nan,0,nan,0,nan,0,nan,0,nan,0,nan,0,nan,0
1597988550141222912,1597988550000000000,2020-08-21 13:42:30.000000,99.99,100.03,99.885,99.935,nan,99.964,10083,10079347700.0,30650,99.995,18,99.985,22,nan,0,nan,0,nan,0,nan,0,nan,0,nan,0,nan,0,nan,0
1597988550639119872,1597988550500000000,2020-08-21 13:42:30.500000,99.99,100.03,99.885,99.935,nan,99.964,10083,10079347700.0,30650,99.995,18,99.985,22,nan,0,nan,0,nan,0,nan,0,nan,0,nan,0,nan,0,nan,0
1597988551105690112,1597988551000000000,2020-08-21 13:42:31.000000,99.99,100.03,99.885,99.935,nan,99.964,10083,10079347700.0,30650,99.995,20,99.985,22,nan,0,nan,0,nan,0,nan,0,nan,0,nan,0,nan,0,nan,0
1597988551623514112,1597988551500000000,2020-08-21 13:42:31.500000,99.99,100.03,99.885,99.935,nan,99.964,10083,10079347700.0,30650,99.995,20,99.985,22,nan,0,nan,0,nan,0,nan,0,nan,0,nan,0,nan,0,nan,0
1597988561650417920,1597988561500000000,2020-08-21 13:42:41.500000,99.99,100.03,99.885,99.935,nan,99.964,10083,10079347700.0,30650,99.995,20,99.985,22,nan,0,nan,0,nan,0,nan,0,nan,0,nan,0,nan,0,nan,0
1597988564632759040,1597988564500000000,2020-08-21 13:42:44.500000,99.99,100.03,99.885,99.935,nan,99.964,10083,10079347700.0,30650,99.995,20,99.985,22,nan,0,nan,0,nan,0,nan,0,nan,0,nan,0,nan,0,nan,0
1597988565134633984,1597988565000000000,2020-08-21 13:42:45.000000,99.995,100.03,99.885,99.935,nan,99.964,10084,10080347650.0,30650,99.995,19,99.985,22,nan,0,nan,0,nan,0,nan,0,nan,0,nan,0,nan,0,nan,0
1597988565628960000,1597988565500000000,2020-08-21 13:42:45.500000,99.995,100.03,99.885,99.935,nan,99.964,10084,10080347650.0,30650,99.995,19,99.99,1,nan,0,nan,0,nan,0,nan,0,nan,0,nan,0,nan,0,nan,0
1597988566118524928,1597988566000000000,2020-08-21 13:42:46.000000,99.995,100.03,99.885,99.935,nan,99.964,10084,10080347650.0,30650,99.995,19,99.99,4,nan,0,nan,0,nan,0,nan,0,nan,0,nan,0,nan,0,nan,0
1597988566619299072,1597988566500000000,2020-08-21 13:42:46.500000,99.995,100.03,99.885,99.935,nan,99.964,10085,10081347600.0,30651,99.995,18,99.99,6,nan,0,nan,0,nan,0,nan,0,nan,0,nan,0,nan,0,nan,0
1597988567616802048,1597988567500000000,2020-08-21 13:42:47.500000,99.995,100.03,99.885,99.935,nan,99.964,10085,10081347600.0,30651,99.995,18,99.99,7,nan,0,nan,0,nan,0,nan,0,nan,0,nan,0,nan,0,nan,0
1597988568151643904,1597988568000000000,2020-08-21 13:42:48.000000,99.995,100.03,99.885,99.935,nan,99.964,10085,10081347600.0,30651,99.995,18,99.99,7,nan,0,nan,0,nan,0,nan,0,nan,0,nan,0,nan,0,nan,0
1597988569631257088,1597988569500000000,2020-08-21 13:42:49.500000,99.995,100.03,99.885,99.935,nan,99.964,10085,10081347600.0,30651,99.995,18,99.99,7,nan,0,nan,0,nan,0,nan,0,nan,0,nan,0,nan,0,nan,0
1597988570633236992,1597988570500000000,2020-08-21 13:42:50.500000,99.995,100.03,99.885,99.935,nan,99.964,10103,10099346700.0,30667,100.0,6,99.99,7,nan,0,nan,0,nan,0,nan,0,nan,0,nan,0,nan,0,nan,0
1597988571153179904,1597988571000000000,2020-08-21 13:42:51.000000,99.995,100.03,99.885,99.935,nan,99.964,10103,10099346700.0,30667,100.0,5,99.995,2,nan,0,nan,0,nan,0,nan,0,nan,0,nan,0,nan,0,nan,0
1597988571641937920,1597988571500000000,2020-08-21 13:42:51.500000,99.995,100.03,99.885,99.935,nan,99.964,10103,10099346700.0,30667,100.0,4,99.995,4,nan,0,nan,0,nan,0,nan,0,nan,0,nan,0,nan,0,nan,0
1597988572131436032,1597988572000000000,2020-08-21 13:42:52.000000,99.995,100.03,99.885,99.935,nan,99.964,10103,10099346700.0,30667,100.0,2,99.995,4,nan,0,nan,0,nan,0,nan,0,nan,0,nan,0,nan,0,nan,0
1597988572624622080,1597988572500000000,2020-08-21 13:42:52.500000,99.995,100.03,99.885,99.935,nan,99.964,10103,10099346700.0,30667,100.0,2,99.995,6,nan,0,nan,0,nan,0,nan,0,nan,0,nan,0,nan,0,nan,0
1597988573146396928,1597988573000000000,2020-08-21 13:42:53.000000,100.0,100.03,99.885,99.935,nan,99.964,10105,10101346700.0,30666,100.005,10,99.995,6,nan,0,nan,0,nan,0,nan,0,nan,0,nan,0,nan,0,nan,0
1597988573633639936,1597988573500000000,2020-08-21 13:42:53.500000,100.0,100.03,99.885,99.935,nan,99.964,10105,10101346700.0,30666,100.005,9,99.995,6,nan,0,nan,0,nan,0,nan,0,nan,0,nan,0,nan,0,nan,0
1597988574166210048,1597988574000000000,2020-08-21 13:42:54.000000,100.005,100.03,99.885,99.935,nan,99.964,10106,10102346750.0,30666,100.005,8,100.0,1,nan,0,nan,0,nan,0,nan,0,nan,0,nan,0,nan,0,nan,0
1597988574618468096,1597988574500000000,2020-08-21 13:42:54.500000,100.0,100.03,99.885,99.935,nan,99.964,10107,10103346750.0,30665,100.005,8,100.0,1,nan,0,nan,0,nan,0,nan,0,nan,0,nan,0,nan,0,nan,0
1597988575128180992,1597988575000000000,2020-08-21 13:42:55.000000,100.0,100.03,99.885,99.935,nan,99.964,10110,10106346750.0,30665,100.005,7,99.995,3,nan,0,nan,0,nan,0,nan,0,nan,0,nan,0,nan,0,nan,0
1597988575637015040,1597988575500000000,2020-08-21 13:42:55.500000,100.0,100.03,99.885,99.935,nan,99.964,10110,10106346750.0,30665,100.005,7,99.995,3,nan,0,nan,0,nan,0,nan,0,nan,0,nan,0,nan,0,nan,0
1597988576154194944,1597988576000000000,2020-08-21 13:42:56.000000,100.0,100.03,99.885,99.935,nan,99.964,10110,10106346750.0,30665,100.005,8,99.995,4,nan,0,nan,0,nan,0,nan,0,nan,0,nan,0,nan,0,nan,0
1597988580163392000,1597988580000000000,2020-08-21 13:43:00.000000,100.0,100.03,99.885,99.935,nan,99.964,10110,10106346750.0,30665,100.0,3,99.995,4,nan,0,nan,0,nan,0,nan,0,nan,0,nan,0,nan,0,nan,0
1597988580634595072,1597988580500000000,2020-08-21 13:43:00.500000,99.995,100.03,99.885,99.935,nan,99.964,10114,10110346550.0,30661,100.0,6,99.99,17,nan,0,nan,0,nan,0,nan,0,nan,0,nan,0,nan,0,nan,0
1597988581138395904,1597988581000000000,2020-08-21 13:43:01.000000,99.995,100.03,99.885,99.935,nan,99.964,10114,10110346550.0,30661,100.0,6,99.995,3,nan,0,nan,0,nan,0,nan,0,nan,0,nan,0,nan,0,nan,0
1597988581641370112,1597988581500000000,2020-08-21 13:43:01.500000,99.995,100.03,99.885,99.935,nan,99.964,10117,10113346400.0,30660,100.0,9,99.995,2,nan,0,nan,0,nan,0,nan,0,nan,0,nan,0,nan,0,nan,0
1597988582164845056,1597988582000000000,2020-08-21 13:43:02.000000,99.995,100.03,99.885,99.935,nan,99.964,10119,10115346300.0,30658,100.0,9,99.99,18,nan,0,nan,0,nan,0,nan,0,nan,0,nan,0,nan,0,nan,0
1597988582642041088,1597988582500000000,2020-08-21 13:43:02.500000,99.99,100.03,99.885,99.935,nan,99.964,10120,10116346200.0,30659,100.0,10,99.99,19,nan,0,nan,0,nan,0,nan,0,nan,0,nan,0,nan,0,nan,0
1597988583163631104,1597988583000000000,2020-08-21 13:43:03.000000,99.99,100.03,99.885,99.935,nan,99.964,10120,10116346200.0,30659,99.995,1,99.99,19,nan,0,nan,0,nan,0,nan,0,nan,0,nan,0,nan,0,nan,0
1597988583632804096,1597988583500000000,2020-08-21 13:43:03.500000,99.995,100.03,99.885,99.935,nan,99.964,10121,10117346150.0,30658,99.995,1,99.99,18,nan,0,nan,0,nan,0,nan,0,nan,0,nan,0,nan,0,nan,0
1597988584132796928,1597988584000000000,2020-08-21 13:43:04.000000,99.995,100.03,99.885,99.935,nan,99.964,10122,10118346100.0,30658,100.0,10,99.99,18,nan,0,nan,0,nan,0,nan,0,nan,0,nan,0,nan,0,nan,0
1597988584638255104,1597988584500000000,2020-08-21 13:43:04.500000,99.995,100.03,99.885,99.935,nan,99.964,10122,10118346100.0,30658,100.0,10,99.995,1,nan,0,nan,0,nan,0,nan,0,nan,0,nan,0,nan,0,nan,0
1597988585147793920,1597988585000000000,2020-08-21 13:43:05.000000,99.995,100.03,99.885,99.935,nan,99.964,10122,10118346100.0,30658,100.0,10,99.995,1,nan,0,nan,0,nan,0,nan,0,nan,0,nan,0,nan,0,nan,0
1597988585648537088,1597988585500000000,2020-08-21 13:43:05.500000,99.995,100.03,99.885,99.935,nan,99.964,10122,10118346100.0,30658,100.0,9,99.995,3,nan,0,nan,0,nan,0,nan,0,nan,0,nan,0,nan,0,nan,0
1597988586156050944,1597988586000000000,2020-08-21 13:43:06.000000,99.995,100.03,99.885,99.935,nan,99.964,10122,10118346100.0,30658,100.0,9,99.995,3,nan,0,nan,0,nan,0,nan,0,nan,0,nan,0,nan,0,nan,0
1597988586637625088,1597988586500000000,2020-08-21 13:43:06.500000,99.995,100.03,99.885,99.935,nan,99.964,10123,10119346050.0,30657,100.0,9,99.995,2,nan,0,nan,0,nan,0,nan,0,nan,0,nan,0,nan,0,nan,0
1597988588695790080,1597988588500000000,2020-08-21 13:43:08.500000,99.995,100.03,99.885,99.935,nan,99.964,10123,10119346050.0,30657,100.0,9,99.995,2,nan,0,nan,0,nan,0,nan,0,nan,0,nan,0,nan,0,nan,0
1597988589151955968,1597988589000000000,2020-08-21 13:43:09.000000,99.995,100.03,99.885,99.935,nan,99.964,10125,10121345950.0,30658,100.0,10,99.995,1,nan,0,nan,0,nan,0,nan,0,nan,0,nan,0,nan,0,nan,0
1597988589631649024,1597988589500000000,2020-08-21 13:43:09.500000,99.995,100.03,99.885,99.935,nan,99.964,10126,10122345900.0,30658,100.0,11,99.995,2,nan,0,nan,0,nan,0,nan,0,nan,0,nan,0,nan,0,nan,0
1597988590141198080,1597988590000000000,2020-08-21 13:43:10.000000,99.995,100.03,99.885,99.935,nan,99.964,10127,10123345850.0,30657,100.0,11,99.995,1,nan,0,nan,0,nan,0,nan,0,nan,0,nan,0,nan,0,nan,0
1597988591637688064,1597988591500000000,2020-08-21 13:43:11.500000,99.995,100.03,99.885,99.935,nan,99.964,10127,10123345850.0,30657,100.0,11,99.995,2,nan,0,nan,0,nan,0,nan,0,nan,0,nan,0,nan,0,nan,0
1597988594626394880,1597988594500000000,2020-08-21 13:43:14.500000,99.995,100.03,99.885,99.935,nan,99.964,10127,10123345850.0,30657,100.0,11,99.995,2,nan,0,nan,0,nan,0,nan,0,nan,0,nan,0,nan,0,nan,0
1597988597155513088,1597988597000000000,2020-08-21 13:43:17.000000,99.995,100.03,99.885,99.935,nan,99.964,10128,10124345800.0,30657,100.0,12,99.995,1,nan,0,nan,0,nan,0,nan,0,nan,0,nan,0,nan,0,nan,0
1597988598034156032,1597988598000000000,2020-08-21 13:43:18.000000,99.995,100.03,99.885,99.935,nan,99.964,10129,10125345750.0,30657,100.0,12,99.99,19,nan,0,nan,0,nan,0,nan,0,nan,0,nan,0,nan,0,nan,0
1597988598529488896,1597988598500000000,2020-08-21 13:43:18.500000,99.995,100.03,99.885,99.935,nan,99.964,10129,10125345750.0,30657,100.0,12,99.99,19,nan,0,nan,0,nan,0,nan,0,nan,0,nan,0,nan,0,nan,0
1597988599031664128,1597988599000000000,2020-08-21 13:43:19.000000,99.995,100.03,99.885,99.935,nan,99.964,10129,10125345750.0,30657,100.0,13,99.99,19,nan,0,nan,0,nan,0,nan,0,nan,0,nan,0,nan,0,nan,0
1597988599543069952,1597988599500000000,2020-08-21 13:43:19.500000,99.995,100.03,99.885,99.935,nan,99.964,10129,10125345750.0,30657,100.0,13,99.99,18,nan,0,nan,0,nan,0,nan,0,nan,0,nan,0,nan,0,nan,0
1597988600029083904,1597988600000000000,2020-08-21 13:43:20.000000,99.995,100.03,99.885,99.935,nan,99.964,10129,10125345750.0,30657,100.0,13,99.99,18,nan,0,nan,0,nan,0,nan,0,nan,0,nan,0,nan,0,nan,0
1597988600533806080,1597988600500000000,2020-08-21 13:43:20.500000,99.995,100.03,99.885,99.935,nan,99.964,10129,10125345750.0,30657,100.0,13,99.99,18,nan,0,nan,0,nan,0,nan,0,nan,0,nan,0,nan,0,nan,0
1597988601068359936,1597988601000000000,2020-08-21 13:43:21.000000,99.995,100.03,99.885,99.935,nan,99.964,10129,10125345750.0,30657,100.0,13,99.99,18,nan,0,nan,0,nan,0,nan,0,nan,0,nan,0,nan,0,nan,0
1597988602533630976,1597988602500000000,2020-08-21 13:43:22.500000,99.995,100.03,99.885,99.935,nan,99.964,10129,10125345750.0,30657,100.0,13,99.99,18,nan,0,nan,0,nan,0,nan,0,nan,0,nan,0,nan,0,nan,0
1597988603036306944,1597988603000000000,2020-08-21 13:43:23.000000,99.995,100.03,99.885,99.935,nan,99.964,10129,10125345750.0,30657,100.0,13,99.99,19,nan,0,nan,0,nan,0,nan,0,nan,0,nan,0,nan,0,nan,0
1597988608530972928,1597988608500000000,2020-08-21 13:43:28.500000,99.995,100.03,99.885,99.935,nan,99.964,10129,10125345750.0,30657,99.995,1,99.99,19,nan,0,nan,0,nan,0,nan,0,nan,0,nan,0,nan,0,nan,0
1597988609030800896,1597988609000000000,2020-08-21 13:43:29.000000,99.995,100.03,99.885,99.935,nan,99.964,10129,10125345750.0,30657,99.995,4,99.99,19,nan,0,nan,0,nan,0,nan,0,nan,0,nan,0,nan,0,nan,0
1597988609529402112,1597988609500000000,2020-08-21 13:43:29.500000,99.995,100.03,99.885,99.935,nan,99.964,10129,10125345750.0,30657,99.995,5,99.99,19,nan,0,nan,0,nan,0,nan,0,nan,0,nan,0,nan,0,nan,0
1597988610029722880,1597988610000000000,2020-08-21 13:43:30.000000,99.995,100.03,99.885,99.935,nan,99.964,10129,10125345750.0,30657,99.995,5,99.99,19,nan,0,nan,0,nan,0,nan,0,nan,0,nan,0,nan,0,nan,0
1597988614547024896,1597988614500000000,2020-08-21 13:43:34.500000,99.995,100.03,99.885,99.935,nan,99.964,10129,10125345750.0,30657,99.995,15,99.99,19,nan,0,nan,0,nan,0,nan,0,nan,0,nan,0,nan,0,nan,0
1597988615039557120,1597988615000000000,2020-08-21 13:43:35.000000,99.99,100.03,99.885,99.935,nan,99.964,10146,10142344050.0,30668,99.995,15,99.985,19,nan,0,nan,0,nan,0,nan,0,nan,0,nan,0,nan,0,nan,0
1597988615553935104,1597988615500000000,2020-08-21 13:43:35.500000,99.99,100.03,99.885,99.935,nan,99.964,10146,10142344050.0,30668,99.99,2,99.985,18,nan,0,nan,0,nan,0,nan,0,nan,0,nan,0,nan,0,nan,0
1597988616076485888,1597988616000000000,2020-08-21 13:43:36.000000,99.99,100.03,99.885,99.935,nan,99.964,10146,10142344050.0,30668,99.99,2,99.985,18,nan,0,nan,0,nan,0,nan,0,nan,0,nan,0,nan,0,nan,0
1597988616548217088,1597988616500000000,2020-08-21 13:43:36.500000,99.99,100.03,99.885,99.935,nan,99.964,10146,10142344050.0,30668,99.99,3,99.985,16,nan,0,nan,0,nan,0,nan,0,nan,0,nan,0,nan,0,nan,0
1597988617092941056,1597988617000000000,2020-08-21 13:43:37.000000,99.99,100.03,99.885,99.935,nan,99.964,10146,10142344050.0,30668,99.99,4,99.985,16,nan,0,nan,0,nan,0,nan,0,nan,0,nan,0,nan,0,nan,0
1597988617574413056,1597988617500000000,2020-08-21 13:43:37.500000,99.99,100.03,99.885,99.935,nan,99.964,10146,10142344050.0,30668,99.99,5,99.985,16,nan,0,nan,0,nan,0,nan,0,nan,0,nan,0,nan,0,nan,0
1597988618095610880,1597988618000000000,2020-08-21 13:43:38.000000,99.99,100.03,99.885,99.935,nan,99.964,10146,10142344050.0,30668,99.99,5,99.985,16,nan,0,nan,0,nan,0,nan,0,nan,0,nan,0,nan,0,nan,0
1597988618540041984,1597988618500000000,2020-08-21 13:43:38.500000,99.99,100.03,99.885,99.935,nan,99.964,10146,10142344050.0,30668,99.99,5,99.985,16,nan,0,nan,0,nan,0,nan,0,nan,0,nan,0,nan,0,nan,0
1597988619076286976,1597988619000000000,2020-08-21 13:43:39.000000,99.99,100.03,99.885,99.935,nan,99.964,10146,10142344050.0,30668,99.99,6,99.985,16,nan,0,nan,0,nan,0,nan,0,nan,0,nan,0,nan,0,nan,0
1597988619565872896,1597988619500000000,2020-08-21 13:43:39.500000,99.99,100.03,99.885,99.935,nan,99.964,10146,10142344050.0,30668,99.99,9,99.985,16,nan,0,nan,0,nan,0,nan,0,nan,0,nan,0,nan,0,nan,0
1597988620042260992,1597988620000000000,2020-08-21 13:43:40.000000,99.99,100.03,99.885,99.935,nan,99.964,10146,10142344050.0,30668,99.99,9,99.985,16,nan,0,nan,0,nan,0,nan,0,nan,0,nan,0,nan,0,nan,0
1597988623538317056,1597988623500000000,2020-08-21 13:43:43.500000,99.99,100.03,99.885,99.935,nan,99.964,10155,10151343150.0,30661,99.99,1,99.985,17,nan,0,nan,0,nan,0,nan,0,nan,0,nan,0,nan,0,nan,0
1597988624035556096,1597988624000000000,2020-08-21 13:43:44.000000,99.99,100.03,99.885,99.935,nan,99.964,10157,10153342950.0,30661,99.995,14,99.99,3,nan,0,nan,0,nan,0,nan,0,nan,0,nan,0,nan,0,nan,0
1597988624542521088,1597988624500000000,2020-08-21 13:43:44.500000,99.99,100.03,99.885,99.935,nan,99.964,10160,10156342650.0,30659,99.995,14,99.99,2,nan,0,nan,0,nan,0,nan,0,nan,0,nan,0,nan,0,nan,0
1597988625039384064,1597988625000000000,2020-08-21 13:43:45.000000,99.99,100.03,99.885,99.935,nan,99.964,10163,10159342350.0,30659,99.995,15,99.985,17,nan,0,nan,0,nan,0,nan,0,nan,0,nan,0,nan,0,nan,0
1597988625540711936,1597988625500000000,2020-08-21 13:43:45.500000,99.99,100.03,99.885,99.935,nan,99.964,10163,10159342350.0,30659,99.995,14,99.985,17,nan,0,nan,0,nan,0,nan,0,nan,0,nan,0,nan,0,nan,0
1597988626038728960,1597988626000000000,2020-08-21 13:43:46.000000,99.99,100.03,99.885,99.935,nan,99.964,10163,10159342350.0,30659,99.995,14,99.985,17,nan,0,nan,0,nan,0,nan,0,nan,0,nan,0,nan,0,nan,0
1597988626533435904,1597988626500000000,2020-08-21 13:43:46.500000,99.99,100.03,99.885,99.935,nan,99.964,10163,10159342350.0,30659,99.995,14,99.985,17,nan,0,nan,0,nan,0,nan,0,nan,0,nan,0,nan,0,nan,0
1597988627096067072,1597988627000000000,2020-08-21 13:43:47.000000,99.99,100.03,99.885,99.935,nan,99.964,10163,10159342350.0,30659,99.995,12,99.985,17,nan,0,nan,0,nan,0,nan,0,nan,0,nan,0,nan,0,nan,0
1597988629035853056,1597988629000000000,2020-08-21 13:43:49.000000,99.985,100.03,99.885,99.935,nan,99.964,10173,10169340850.0,30655,99.99,2,99.985,7,nan,0,nan,0,nan,0,nan,0,nan,0,nan,0,nan,0,nan,0
1597988629533531904,1597988629500000000,2020-08-21 13:43:49.500000,99.985,100.03,99.885,99.935,nan,99.964,10173,10169340850.0,30655,99.99,4,99.985,8,nan,0,nan,0,nan,0,nan,0,nan,0,nan,0,nan,0,nan,0
1597988630038483968,1597988630000000000,2020-08-21 13:43:50.000000,99.985,100.03,99.885,99.935,nan,99.964,10173,10169340850.0,30655,99.99,4,99.985,7,nan,0,nan,0,nan,0,nan,0,nan,0,nan,0,nan,0,nan,0
1597988631035392000,1597988631000000000,2020-08-21 13:43:51.000000,99.99,100.03,99.885,99.935,nan,99.964,10174,10170340750.0,30654,99.99,3,99.985,8,nan,0,nan,0,nan,0,nan,0,nan,0,nan,0,nan,0,nan,0
1597988631533114880,1597988631500000000,2020-08-21 13:43:51.500000,99.99,100.03,99.885,99.935,nan,99.964,10174,10170340750.0,30654,99.99,2,99.985,8,nan,0,nan,0,nan,0,nan,0,nan,0,nan,0,nan,0,nan,0
1597988632035841024,1597988632000000000,2020-08-21 13:43:52.000000,99.99,100.03,99.885,99.935,nan,99.964,10174,10170340750.0,30654,99.99,2,99.985,8,nan,0,nan,0,nan,0,nan,0,nan,0,nan,0,nan,0,nan,0
1597988636536925952,1597988636500000000,2020-08-21 13:43:56.500000,99.99,100.03,99.885,99.935,nan,99.964,10174,10170340750.0,30654,99.99,2,99.985,8,nan,0,nan,0,nan,0,nan,0,nan,0,nan,0,nan,0,nan,0
1597988637039304960,1597988637000000000,2020-08-21 13:43:57.000000,99.99,100.03,99.885,99.935,nan,99.964,10174,10170340750.0,30654,99.99,2,99.985,7,nan,0,nan,0,nan,0,nan,0,nan,0,nan,0,nan,0,nan,0
1597988637541199872,1597988637500000000,2020-08-21 13:43:57.500000,99.99,100.03,99.885,99.935,nan,99.964,10174,10170340750.0,30654,99.99,2,99.985,8,nan,0,nan,0,nan,0,nan,0,nan,0,nan,0,nan,0,nan,0
1597988639570949120,1597988639500000000,2020-08-21 13:43:59.500000,99.99,100.03,99.885,99.935,nan,99.964,10174,10170340750.0,30654,99.99,2,99.985,3,nan,0,nan,0,nan,0,nan,0,nan,0,nan,0,nan,0,nan,0
1597988643039010048,1597988643000000000,2020-08-21 13:44:03.000000,99.985,100.03,99.885,99.935,nan,99.964,10175,10171340600.0,30654,99.99,2,99.985,2,nan,0,nan,0,nan,0,nan,0,nan,0,nan,0,nan,0,nan,0
1597988643540299008,1597988643500000000,2020-08-21 13:44:03.500000,99.985,100.03,99.885,99.935,nan,99.964,10175,10171340600.0,30654,99.99,2,99.985,1,nan,0,nan,0,nan,0,nan,0,nan,0,nan,0,nan,0,nan,0
1597988644040940032,1597988644000000000,2020-08-21 13:44:04.000000,99.985,100.03,99.885,99.935,nan,99.964,10175,10171340600.0,30654,99.99,3,99.985,1,nan,0,nan,0,nan,0,nan,0,nan,0,nan,0,nan,0,nan,0
1597988644553954048,1597988644500000000,2020-08-21 13:44:04.500000,99.985,100.03,99.885,99.935,nan,99.964,10175,10171340600.0,30654,99.99,3,99.985,2,nan,0,nan,0,nan,0,nan,0,nan,0,nan,0,nan,0,nan,0
1597988650546362112,1597988650500000000,2020-08-21 13:44:10.500000,99.985,100.03,99.885,99.935,nan,99.964,10175,10171340600.0,30654,99.99,3,99.985,3,nan,0,nan,0,nan,0,nan,0,nan,0,nan,0,nan,0,nan,0
1597988651043299072,1597988651000000000,2020-08-21 13:44:11.000000,99.985,100.03,99.885,99.935,nan,99.964,10175,10171340600.0,30654,99.99,3,99.985,4,nan,0,nan,0,nan,0,nan,0,nan,0,nan,0,nan,0,nan,0
1597988656048329984,1597988656000000000,2020-08-21 13:44:16.000000,99.985,100.03,99.885,99.935,nan,99.964,10175,10171340600.0,30654,99.99,3,99.985,4,nan,0,nan,0,nan,0,nan,0,nan,0,nan,0,nan,0,nan,0
1597988660074886912,1597988660000000000,2020-08-21 13:44:20.000000,99.99,100.03,99.885,99.935,nan,99.964,10178,10174340300.0,30652,99.995,14,99.985,6,nan,0,nan,0,nan,0,nan,0,nan,0,nan,0,nan,0,nan,0
1597988660562525952,1597988660500000000,2020-08-21 13:44:20.500000,99.99,100.03,99.885,99.935,nan,99.964,10178,10174340300.0,30652,99.995,11,99.99,1,nan,0,nan,0,nan,0,nan,0,nan,0,nan,0,nan,0,nan,0
1597988661077986048,1597988661000000000,2020-08-21 13:44:21.000000,99.99,100.03,99.885,99.935,nan,99.964,10178,10174340300.0,30652,99.995,11,99.99,2,nan,0,nan,0,nan,0,nan,0,nan,0,nan,0,nan,0,nan,0
1597988661566927872,1597988661500000000,2020-08-21 13:44:21.500000,99.99,100.03,99.885,99.935,nan,99.964,10178,10174340300.0,30652,99.995,11,99.99,4,nan,0,nan,0,nan,0,nan,0,nan,0,nan,0,nan,0,nan,0
1597988662061090048,1597988662000000000,2020-08-21 13:44:22.000000,99.99,100.03,99.885,99.935,nan,99.964,10178,10174340300.0,30652,99.995,11,99.99,5,nan,0,nan,0,nan,0,nan,0,nan,0,nan,0,nan,0,nan,0
1597988662560652032,1597988662500000000,2020-08-21 13:44:22.500000,99.99,100.03,99.885,99.935,nan,99.964,10178,10174340300.0,30652,99.995,11,99.99,6,nan,0,nan,0,nan,0,nan,0,nan,0,nan,0,nan,0,nan,0
1597988663084929024,1597988663000000000,2020-08-21 13:44:23.000000,99.99,100.03,99.885,99.935,nan,99.964,10178,10174340300.0,30652,99.995,11,99.99,6,nan,0,nan,0,nan,0,nan,0,nan,0,nan,0,nan,0,nan,0
1597988664555214080,1597988664500000000,2020-08-21 13:44:24.500000,99.995,100.03,99.885,99.935,nan,99.964,10179,10175340250.0,30652,99.995,10,99.99,6,nan,0,nan,0,nan,0,nan,0,nan,0,nan,0,nan,0,nan,0
1597988665056602880,1597988665000000000,2020-08-21 13:44:25.000000,99.995,100.03,99.885,99.935,nan,99.964,10179,10175340250.0,30652,99.995,10,99.99,6,nan,0,nan,0,nan,0,nan,0,nan,0,nan,0,nan,0,nan,0
1597988665557007872,1597988665500000000,2020-08-21 13:44:25.500000,99.995,100.03,99.885,99.935,nan,99.964,10179,10175340250.0,30652,99.995,10,99.99,6,nan,0,nan,0,nan,0,nan,0,nan,0,nan,0,nan,0,nan,0
1597988666556154880,1597988666500000000,2020-08-21 13:44:26.500000,99.995,100.03,99.885,99.935,nan,99.964,10180,10176340200.0,30651,99.995,9,99.99,6,nan,0,nan,0,nan,0,nan,0,nan,0,nan,0,nan,0,nan,0
1597988668564302080,1597988668500000000,2020-08-21 13:44:28.500000,99.995,100.03,99.885,99.935,nan,99.964,10189,10185339750.0,30651,99.995,1,99.99,6,nan,0,nan,0,nan,0,nan,0,nan,0,nan,0,nan,0,nan,0
1597988669083870976,1597988669000000000,2020-08-21 13:44:29.000000,99.995,100.03,99.885,99.935,nan,99.964,10190,10186339700.0,30651,100.0,12,99.995,1,nan,0,nan,0,nan,0,nan,0,nan,0,nan,0,nan,0,nan,0
1597988669555083008,1597988669500000000,2020-08-21 13:44:29.500000,99.995,100.03,99.885,99.935,nan,99.964,10192,10188339600.0,30649,100.0,12,99.995,4,nan,0,nan,0,nan,0,nan,0,nan,0,nan,0,nan,0,nan,0
1597988670057934080,1597988670000000000,2020-08-21 13:44:30.000000,99.995,100.03,99.885,99.935,nan,99.964,10196,10192339400.0,30647,100.0,13,99.995,1,nan,0,nan,0,nan,0,nan,0,nan,0,nan,0,nan,0,nan,0
1597988670558097920,1597988670500000000,2020-08-21 13:44:30.500000,99.995,100.03,99.885,99.935,nan,99.964,10197,10193339350.0,30647,100.0,12,99.995,1,nan,0,nan,0,nan,0,nan,0,nan,0,nan,0,nan,0,nan,0
1597988671062504960,1597988671000000000,2020-08-21 13:44:31.000000,99.995,100.03,99.885,99.935,nan,99.964,10198,10194339300.0,30647,100.0,14,99.995,1,nan,0,nan,0,nan,0,nan,0,nan,0,nan,0,nan,0,nan,0
1597988671587437056,1597988671500000000,2020-08-21 13:44:31.500000,99.995,100.03,99.885,99.935,nan,99.964,10199,10195339250.0,30646,100.0,14,99.99,6,nan,0,nan,0,nan,0,nan,0,nan,0,nan,0,nan,0,nan,0
1597988672076672000,1597988672000000000,2020-08-21 13:44:32.000000,99.995,100.03,99.885,99.935,nan,99.964,10199,10195339250.0,30646,100.0,14,99.99,6,nan,0,nan,0,nan,0,nan,0,nan,0,nan,0,nan,0,nan,0
1597988672559355904,1597988672500000000,2020-08-21 13:44:32.500000,99.995,100.03,99.885,99.935,nan,99.964,10199,10195339250.0,30646,100.0,14,99.99,8,nan,0,nan,0,nan,0,nan,0,nan,0,nan,0,nan,0,nan,0
1597988673073528064,1597988673000000000,2020-08-21 13:44:33.000000,99.995,100.03,99.885,99.935,nan,99.964,10199,10195339250.0,30646,100.0,14,99.99,8,nan,0,nan,0,nan,0,nan,0,nan,0,nan,0,nan,0,nan,0
1597988674058530048,1597988674000000000,2020-08-21 13:44:34.000000,99.995,100.03,99.885,99.935,nan,99.964,10199,10195339250.0,30646,100.0,14,99.99,8,nan,0,nan,0,nan,0,nan,0,nan,0,nan,0,nan,0,nan,0
1597988674558772992,1597988674500000000,2020-08-21 13:44:34.500000,99.995,100.03,99.885,99.935,nan,99.964,10199,10195339250.0,30646,100.0,14,99.99,8,nan,0,nan,0,nan,0,nan,0,nan,0,nan,0,nan,0,nan,0
1597988678563350016,1597988678500000000,2020-08-21 13:44:38.500000,99.99,100.03,99.885,99.935,nan,99.964,10202,10198338950.0,30646,99.995,2,99.99,5,nan,0,nan,0,nan,0,nan,0,nan,0,nan,0,nan,0,nan,0
1597988679074364928,1597988679000000000,2020-08-21 13:44:39.000000,99.99,100.03,99.885,99.935,nan,99.964,10202,10198338950.0,30646,99.995,6,99.99,5,nan,0,nan,0,nan,0,nan,0,nan,0,nan,0,nan,0,nan,0
1597988679562010880,1597988679500000000,2020-08-21 13:44:39.500000,99.99,100.03,99.885,99.935,nan,99.964,10202,10198338950.0,30646,99.995,6,99.99,4,nan,0,nan,0,nan,0,nan,0,nan,0,nan,0,nan,0,nan,0
1597988680055790080,1597988680000000000,2020-08-21 13:44:40.000000,99.99,100.03,99.885,99.935,nan,99.964,10202,10198338950.0,30646,99.995,6,99.99,2,nan,0,nan,0,nan,0,nan,0,nan,0,nan,0,nan,0,nan,0
1597988680558032896,1597988680500000000,2020-08-21 13:44:40.500000,99.99,100.03,99.885,99.935,nan,99.964,10202,10198338950.0,30646,99.995,6,99.99,2,nan,0,nan,0,nan,0,nan,0,nan,0,nan,0,nan,0,nan,0
1597988681093603072,1597988681000000000,2020-08-21 13:44:41.000000,99.99,100.03,99.885,99.935,nan,99.964,10202,10198338950.0,30646,99.995,7,99.99,2,nan,0,nan,0,nan,0,nan,0,nan,0,nan,0,nan,0,nan,0
1597988681556431872,1597988681500000000,2020-08-21 13:44:41.500000,99.99,100.03,99.885,99.935,nan,99.964,10202,10198338950.0,30646,99.995,7,99.99,2,nan,0,nan,0,nan,0,nan,0,nan,0,nan,0,nan,0,nan,0
1597988687572993024,1597988687500000000,2020-08-21 13:44:47.500000,99.995,100.03,99.885,99.935,nan,99.964,10203,10199338900.0,30646,99.995,6,99.99,3,nan,0,nan,0,nan,0,nan,0,nan,0,nan,0,nan,0,nan,0
1597988688077084928,1597988688000000000,2020-08-21 13:44:48.000000,99.995,100.03,99.885,99.935,nan,99.964,10203,10199338900.0,30646,99.995,5,99.99,2,nan,0,nan,0,nan,0,nan,0,nan,0,nan,0,nan,0,nan,0
1597988689567629056,1597988689500000000,2020-08-21 13:44:49.500000,99.995,100.03,99.885,99.935,nan,99.964,10203,10199338900.0,30646,99.995,5,99.99,2,nan,0,nan,0,nan,0,nan,0,nan,0,nan,0,nan,0,nan,0
1597988693573670912,1597988693500000000,2020-08-21 13:44:53.500000,99.995,100.03,99.885,99.935,nan,99.964,10203,10199338900.0,30646,99.995,5,99.99,2,nan,0,nan,0,nan,0,nan,0,nan,0,nan,0,nan,0,nan,0
1597988696090814976,1597988696000000000,2020-08-21 13:44:56.000000,99.995,100.03,99.885,99.935,nan,99.964,10208,10204338650.0,30641,100.0,12,99.99,4,nan,0,nan,0,nan,0,nan,0,nan,0,nan,0,nan,0,nan,0
1597988696583385088,1597988696500000000,2020-08-21 13:44:56.500000,99.995,100.03,99.885,99.935,nan,99.964,10208,10204338650.0,30641,100.0,11,99.995,1,nan,0,nan,0,nan,0,nan,0,nan,0,nan,0,nan,0,nan,0
1597988697082232064,1597988697000000000,2020-08-21 13:44:57.000000,99.995,100.03,99.885,99.935,nan,99.964,10208,10204338650.0,30641,100.0,11,99.995,4,nan,0,nan,0,nan,0,nan,0,nan,0,nan,0,nan,0,nan,0
1597988697576365056,1597988697500000000,2020-08-21 13:44:57.500000,99.995,100.03,99.885,99.935,nan,99.964,10208,10204338650.0,30641,100.0,9,99.995,4,nan,0,nan,0,nan,0,nan,0,nan,0,nan,0,nan,0,nan,0
1597988698074319104,1597988698000000000,2020-08-21 13:44:58.000000,99.995,100.03,99.885,99.935,nan,99.964,10208,10204338650.0,30641,100.0,9,99.995,4,nan,0,nan,0,nan,0,nan,0,nan,0,nan,0,nan,0,nan,0
1597988698580346112,1597988698500000000,2020-08-21 13:44:58.500000,99.995,100.03,99.885,99.935,nan,99.964,10208,10204338650.0,30641,100.0,9,99.995,4,nan,0,nan,0,nan,0,nan,0,nan,0,nan,0,nan,0,nan,0
1597988699113085952,1597988699000000000,2020-08-21 13:44:59.000000,99.995,100.03,99.885,99.935,nan,99.964,10208,10204338650.0,30641,100.0,9,99.995,5,nan,0,nan,0,nan,0,nan,0,nan,0,nan,0,nan,0,nan,0
1597988699573636096,1597988699500000000,2020-08-21 13:44:59.500000,99.995,100.03,99.885,99.935,nan,99.964,10208,10204338650.0,30641,100.0,9,99.995,5,nan,0,nan,0,nan,0,nan,0,nan,0,nan,0,nan,0,nan,0
1597988701579141888,1597988701500000000,2020-08-21 13:45:01.500000,99.995,100.03,99.885,99.935,nan,99.964,10208,10204338650.0,30641,100.0,6,99.995,5,nan,0,nan,0,nan,0,nan,0,nan,0,nan,0,nan,0,nan,0
1597988702095691008,1597988702000000000,2020-08-21 13:45:02.000000,99.995,100.03,99.885,99.935,nan,99.964,10208,10204338650.0,30641,100.0,6,99.995,6,nan,0,nan,0,nan,0,nan,0,nan,0,nan,0,nan,0,nan,0
1597988702575901952,1597988702500000000,2020-08-21 13:45:02.500000,99.995,100.03,99.885,99.935,nan,99.964,10210,10206338600.0,30640,100.0,4,99.995,5,nan,0,nan,0,nan,0,nan,0,nan,0,nan,0,nan,0,nan,0
1597988703587638016,1597988703500000000,2020-08-21 13:45:03.500000,100.0,100.03,99.885,99.935,nan,99.964,10211,10207338600.0,30640,100.0,3,99.995,8,nan,0,nan,0,nan,0,nan,0,nan,0,nan,0,nan,0,nan,0
1597988704080037888,1597988704000000000,2020-08-21 13:45:04.000000,100.0,100.03,99.885,99.935,nan,99.964,10214,10210338600.0,30637,100.005,13,100.0,3,nan,0,nan,0,nan,0,nan,0,nan,0,nan,0,nan,0,nan,0
1597988704581035008,1597988704500000000,2020-08-21 13:45:04.500000,100.0,100.03,99.885,99.935,nan,99.964,10214,10210338600.0,30637,100.005,11,100.0,6,nan,0,nan,0,nan,0,nan,0,nan,0,nan,0,nan,0,nan,0
1597988705105523968,1597988705000000000,2020-08-21 13:45:05.000000,100.0,100.03,99.885,99.935,nan,99.964,10214,10210338600.0,30637,100.005,8,100.0,6,nan,0,nan,0,nan,0,nan,0,nan,0,nan,0,nan,0,nan,0
1597988705581032960,1597988705500000000,2020-08-21 13:45:05.500000,100.0,100.03,99.885,99.935,nan,99.964,10214,10210338600.0,30637,100.005,6,100.0,7,nan,0,nan,0,nan,0,nan,0,nan,0,nan,0,nan,0,nan,0
1597988706102853888,1597988706000000000,2020-08-21 13:45:06.000000,100.0,100.03,99.885,99.935,nan,99.964,10214,10210338600.0,30637,100.005,6,100.0,7,nan,0,nan,0,nan,0,nan,0,nan,0,nan,0,nan,0,nan,0
1597988707077903872,1597988707000000000,2020-08-21 13:45:07.000000,100.0,100.03,99.885,99.935,nan,99.964,10215,10211338600.0,30637,100.005,6,100.0,6,nan,0,nan,0,nan,0,nan,0,nan,0,nan,0,nan,0,nan,0
1597988708580372992,1597988708500000000,2020-08-21 13:45:08.500000,100.0,100.03,99.885,99.935,nan,99.964,10221,10217338600.0,30633,100.005,7,100.0,2,nan,0,nan,0,nan,0,nan,0,nan,0,nan,0,nan,0,nan,0
1597988709106502912,1597988709000000000,2020-08-21 13:45:09.000000,100.0,100.03,99.885,99.935,nan,99.964,10224,10220338600.0,30632,100.0,1,99.995,8,nan,0,nan,0,nan,0,nan,0,nan,0,nan,0,nan,0,nan,0
1597988709578253056,1597988709500000000,2020-08-21 13:45:09.500000,100.0,100.03,99.885,99.935,nan,99.964,10224,10220338600.0,30632,100.0,3,99.995,9,nan,0,nan,0,nan,0,nan,0,nan,0,nan,0,nan,0,nan,0
1597988710082030080,1597988710000000000,2020-08-21 13:45:10.000000,100.0,100.03,99.885,99.935,nan,99.964,10224,10220338600.0,30632,100.0,3,99.995,6,nan,0,nan,0,nan,0,nan,0,nan,0,nan,0,nan,0,nan,0
1597988710581028096,1597988710500000000,2020-08-21 13:45:10.500000,100.0,100.03,99.885,99.935,nan,99.964,10224,10220338600.0,30632,100.0,3,99.995,6,nan,0,nan,0,nan,0,nan,0,nan,0,nan,0,nan,0,nan,0
1597988711111459072,1597988711000000000,2020-08-21 13:45:11.000000,100.0,100.03,99.885,99.935,nan,99.964,10224,10220338600.0,30632,100.0,4,99.995,5,nan,0,nan,0,nan,0,nan,0,nan,0,nan,0,nan,0,nan,0
1597988711592812032,1597988711500000000,2020-08-21 13:45:11.500000,100.0,100.03,99.885,99.935,nan,99.964,10224,10220338600.0,30632,100.0,4,99.995,5,nan,0,nan,0,nan,0,nan,0,nan,0,nan,0,nan,0,nan,0
1597988727113394944,1597988727000000000,2020-08-21 13:45:27.000000,100.0,100.03,99.885,99.935,nan,99.964,10224,10220338600.0,30632,100.0,4,99.995,10,nan,0,nan,0,nan,0,nan,0,nan,0,nan,0,nan,0,nan,0
1597988731101413120,1597988731000000000,2020-08-21 13:45:31.000000,99.995,100.03,99.885,99.935,nan,99.964,10229,10225338350.0,30636,100.0,7,99.995,5,nan,0,nan,0,nan,0,nan,0,nan,0,nan,0,nan,0,nan,0
1597988731590031872,1597988731500000000,2020-08-21 13:45:31.500000,99.995,100.03,99.885,99.935,nan,99.964,10229,10225338350.0,30636,100.0,8,99.995,5,nan,0,nan,0,nan,0,nan,0,nan,0,nan,0,nan,0,nan,0
1597988732102014976,1597988732000000000,2020-08-21 13:45:32.000000,99.995,100.03,99.885,99.935,nan,99.964,10234,10230338100.0,30636,100.0,8,99.99,11,nan,0,nan,0,nan,0,nan,0,nan,0,nan,0,nan,0,nan,0
1597988732599227904,1597988732500000000,2020-08-21 13:45:32.500000,99.995,100.03,99.885,99.935,nan,99.964,10234,10230338100.0,30636,100.0,8,99.995,1,nan,0,nan,0,nan,0,nan,0,nan,0,nan,0,nan,0,nan,0
1597988733111216128,1597988733000000000,2020-08-21 13:45:33.000000,99.995,100.03,99.885,99.935,nan,99.964,10235,10231338050.0,30636,99.995,5,99.99,12,nan,0,nan,0,nan,0,nan,0,nan,0,nan,0,nan,0,nan,0
1597988733602408960,1597988733500000000,2020-08-21 13:45:33.500000,99.995,100.03,99.885,99.935,nan,99.964,10235,10231338050.0,30636,99.995,7,99.99,12,nan,0,nan,0,nan,0,nan,0,nan,0,nan,0,nan,0,nan,0
1597988734096442112,1597988734000000000,2020-08-21 13:45:34.000000,99.995,100.03,99.885,99.935,nan,99.964,10235,10231338050.0,30636,99.995,9,99.99,12,nan,0,nan,0,nan,0,nan,0,nan,0,nan,0,nan,0,nan,0
1597988734595838976,1597988734500000000,2020-08-21 13:45:34.500000,99.99,100.03,99.885,99.935,nan,99.964,10240,10236337550.0,30640,99.995,10,99.99,5,nan,0,nan,0,nan,0,nan,0,nan,0,nan,0,nan,0,nan,0
1597988735127638016,1597988735000000000,2020-08-21 13:45:35.000000,99.99,100.03,99.885,99.935,nan,99.964,10240,10236337550.0,30640,99.995,12,99.99,5,nan,0,nan,0,nan,0,nan,0,nan,0,nan,0,nan,0,nan,0
1597988735589737984,1597988735500000000,2020-08-21 13:45:35.500000,99.99,100.03,99.885,99.935,nan,99.964,10240,10236337550.0,30640,99.995,12,99.99,4,nan,0,nan,0,nan,0,nan,0,nan,0,nan,0,nan,0,nan,0
1597988740597825024,1597988740500000000,2020-08-21 13:45:40.500000,99.99,100.03,99.885,99.935,nan,99.964,10240,10236337550.0,30640,99.995,12,99.99,4,nan,0,nan,0,nan,0,nan,0,nan,0,nan,0,nan,0,nan,0
1597988745126981120,1597988745000000000,2020-08-21 13:45:45.000000,99.99,100.03,99.885,99.935,nan,99.964,10240,10236337550.0,30640,99.995,12,99.99,5,nan,0,nan,0,nan,0,nan,0,nan,0,nan,0,nan,0,nan,0
1597988745600815104,1597988745500000000,2020-08-21 13:45:45.500000,99.99,100.03,99.885,99.935,nan,99.964,10240,10236337550.0,30640,99.995,11,99.99,5,nan,0,nan,0,nan,0,nan,0,nan,0,nan,0,nan,0,nan,0
1597988748130181888,1597988748000000000,2020-08-21 13:45:48.000000,99.99,100.03,99.885,99.935,nan,99.964,10240,10236337550.0,30640,99.995,11,99.99,5,nan,0,nan,0,nan,0,nan,0,nan,0,nan,0,nan,0,nan,0
1597988754606909952,1597988754500000000,2020-08-21 13:45:54.500000,99.99,100.03,99.885,99.935,nan,99.964,10240,10236337550.0,30640,99.995,11,99.99,5,nan,0,nan,0,nan,0,nan,0,nan,0,nan,0,nan,0,nan,0
1597988757613424896,1597988757500000000,2020-08-21 13:45:57.500000,99.99,100.03,99.885,99.935,nan,99.964,10240,10236337550.0,30640,99.995,11,99.99,5,nan,0,nan,0,nan,0,nan,0,nan,0,nan,0,nan,0,nan,0
1597988760620768000,1597988760500000000,2020-08-21 13:46:00.500000,99.99,100.03,99.885,99.935,nan,99.964,10240,10236337550.0,30640,99.995,11,99.99,5,nan,0,nan,0,nan,0,nan,0,nan,0,nan,0,nan,0,nan,0
1597988763118113024,1597988763000000000,2020-08-21 13:46:03.000000,99.99,100.03,99.885,99.935,nan,99.964,10241,10237337450.0,30641,99.995,11,99.99,4,nan,0,nan,0,nan,0,nan,0,nan,0,nan,0,nan,0,nan,0
1597988770621643008,1597988770500000000,2020-08-21 13:46:10.500000,99.99,100.03,99.885,99.935,nan,99.964,10241,10237337450.0,30641,99.995,11,99.99,5,nan,0,nan,0,nan,0,nan,0,nan,0,nan,0,nan,0,nan,0
1597988771623760896,1597988771500000000,2020-08-21 13:46:11.500000,99.99,100.03,99.885,99.935,nan,99.964,10241,10237337450.0,30641,99.995,11,99.99,6,nan,0,nan,0,nan,0,nan,0,nan,0,nan,0,nan,0,nan,0
1597988775631888896,1597988775500000000,2020-08-21 13:46:15.500000,99.995,100.03,99.885,99.935,nan,99.964,10252,10248336900.0,30648,100.0,8,99.99,7,nan,0,nan,0,nan,0,nan,0,nan,0,nan,0,nan,0,nan,0
1597988776116569088,1597988776000000000,2020-08-21 13:46:16.000000,99.995,100.03,99.885,99.935,nan,99.964,10252,10248336900.0,30648,100.0,7,99.99,11,nan,0,nan,0,nan,0,nan,0,nan,0,nan,0,nan,0,nan,0
1597988776625965056,1597988776500000000,2020-08-21 13:46:16.500000,99.995,100.03,99.885,99.935,nan,99.964,10252,10248336900.0,30648,100.0,7,99.99,11,nan,0,nan,0,nan,0,nan,0,nan,0,nan,0,nan,0,nan,0
1597988777143621888,1597988777000000000,2020-08-21 13:46:17.000000,99.995,100.03,99.885,99.935,nan,99.964,10252,10248336900.0,30648,100.0,6,99.99,11,nan,0,nan,0,nan,0,nan,0,nan,0,nan,0,nan,0,nan,0
1597988777625904896,1597988777500000000,2020-08-21 13:46:17.500000,99.995,100.03,99.885,99.935,nan,99.964,10252,10248336900.0,30648,100.0,6,99.99,9,nan,0,nan,0,nan,0,nan,0,nan,0,nan,0,nan,0,nan,0
1597988778146597888,1597988778000000000,2020-08-21 13:46:18.000000,99.995,100.03,99.885,99.935,nan,99.964,10252,10248336900.0,30648,100.0,6,99.99,9,nan,0,nan,0,nan,0,nan,0,nan,0,nan,0,nan,0,nan,0
1597988778659248896,1597988778500000000,2020-08-21 13:46:18.500000,99.995,100.03,99.885,99.935,nan,99.964,10252,10248336900.0,30648,100.0,9,99.99,9,nan,0,nan,0,nan,0,nan,0,nan,0,nan,0,nan,0,nan,0
1597988784027622912,1597988784000000000,2020-08-21 13:46:24.000000,99.995,100.03,99.885,99.935,nan,99.964,10252,10248336900.0,30648,100.0,9,99.99,10,nan,0,nan,0,nan,0,nan,0,nan,0,nan,0,nan,0,nan,0
1597988787549210880,1597988787500000000,2020-08-21 13:46:27.500000,99.995,100.03,99.885,99.935,nan,99.964,10252,10248336900.0,30648,100.0,9,99.99,10,nan,0,nan,0,nan,0,nan,0,nan,0,nan,0,nan,0,nan,0
1597988789034577920,1597988789000000000,2020-08-21 13:46:29.000000,99.995,100.03,99.885,99.935,nan,99.964,10252,10248336900.0,30648,100.0,9,99.99,11,nan,0,nan,0,nan,0,nan,0,nan,0,nan,0,nan,0,nan,0
1597988799027820032,1597988799000000000,2020-08-21 13:46:39.000000,99.995,100.03,99.885,99.935,nan,99.964,10252,10248336900.0,30648,100.0,9,99.995,10,nan,0,nan,0,nan,0,nan,0,nan,0,nan,0,nan,0,nan,0
1597988799527806976,1597988799500000000,2020-08-21 13:46:39.500000,99.995,100.03,99.885,99.935,nan,99.964,10252,10248336900.0,30648,100.0,6,99.995,14,nan,0,nan,0,nan,0,nan,0,nan,0,nan,0,nan,0,nan,0
1597988800028380928,1597988800000000000,2020-08-21 13:46:40.000000,99.995,100.03,99.885,99.935,nan,99.964,10252,10248336900.0,30648,100.0,6,99.995,14,nan,0,nan,0,nan,0,nan,0,nan,0,nan,0,nan,0,nan,0
1597988800531365888,1597988800500000000,2020-08-21 13:46:40.500000,99.995,100.03,99.885,99.935,nan,99.964,10252,10248336900.0,30648,100.0,3,99.995,14,nan,0,nan,0,nan,0,nan,0,nan,0,nan,0,nan,0,nan,0
1597988801031744000,1597988801000000000,2020-08-21 13:46:41.000000,99.995,100.03,99.885,99.935,nan,99.964,10252,10248336900.0,30648,100.0,4,99.995,15,nan,0,nan,0,nan,0,nan,0,nan,0,nan,0,nan,0,nan,0
1597988802531804928,1597988802500000000,2020-08-21 13:46:42.500000,99.995,100.03,99.885,99.935,nan,99.964,10252,10248336900.0,30648,100.0,4,99.995,15,nan,0,nan,0,nan,0,nan,0,nan,0,nan,0,nan,0,nan,0
1597988811038020096,1597988811000000000,2020-08-21 13:46:51.000000,99.995,100.03,99.885,99.935,nan,99.964,10252,10248336900.0,30648,100.0,3,99.995,15,nan,0,nan,0,nan,0,nan,0,nan,0,nan,0,nan,0,nan,0
1597988822047625984,1597988822000000000,2020-08-21 13:47:02.000000,99.995,100.03,99.885,99.935,nan,99.964,10252,10248336900.0,30648,100.0,3,99.995,15,nan,0,nan,0,nan,0,nan,0,nan,0,nan,0,nan,0,nan,0
1597988831549679104,1597988831500000000,2020-08-21 13:47:11.500000,99.995,100.03,99.885,99.935,nan,99.964,10267,10263336150.0,30635,100.0,4,99.995,1,nan,0,nan,0,nan,0,nan,0,nan,0,nan,0,nan,0,nan,0
1597988832043596032,1597988832000000000,2020-08-21 13:47:12.000000,99.995,100.03,99.885,99.935,nan,99.964,10271,10267335950.0,30635,99.995,1,99.99,7,nan,0,nan,0,nan,0,nan,0,nan,0,nan,0,nan,0,nan,0
1597988832558003968,1597988832500000000,2020-08-21 13:47:12.500000,99.995,100.03,99.885,99.935,nan,99.964,10271,10267335950.0,30635,99.995,4,99.99,8,nan,0,nan,0,nan,0,nan,0,nan,0,nan,0,nan,0,nan,0
1597988833058680064,1597988833000000000,2020-08-21 13:47:13.000000,99.995,100.03,99.885,99.935,nan,99.964,10271,10267335950.0,30635,99.995,5,99.99,6,nan,0,nan,0,nan,0,nan,0,nan,0,nan,0,nan,0,nan,0
1597988833560818944,1597988833500000000,2020-08-21 13:47:13.500000,99.995,100.03,99.885,99.935,nan,99.964,10276,10272335700.0,30633,100.0,12,99.99,8,nan,0,nan,0,nan,0,nan,0,nan,0,nan,0,nan,0,nan,0
1597988834067796992,1597988834000000000,2020-08-21 13:47:14.000000,99.995,100.03,99.885,99.935,nan,99.964,10276,10272335700.0,30633,100.0,10,99.99,8,nan,0,nan,0,nan,0,nan,0,nan,0,nan,0,nan,0,nan,0
1597988834555739904,1597988834500000000,2020-08-21 13:47:14.500000,99.995,100.03,99.885,99.935,nan,99.964,10276,10272335700.0,30633,100.0,10,99.99,8,nan,0,nan,0,nan,0,nan,0,nan,0,nan,0,nan,0,nan,0
1597988835052538880,1597988835000000000,2020-08-21 13:47:15.000000,99.995,100.03,99.885,99.935,nan,99.964,10276,10272335700.0,30633,100.0,9,99.99,8,nan,0,nan,0,nan,0,nan,0,nan,0,nan,0,nan,0,nan,0
1597988835565851904,1597988835500000000,2020-08-21 13:47:15.500000,99.995,100.03,99.885,99.935,nan,99.964,10276,10272335700.0,30633,99.995,10,99.99,8,nan,0,nan,0,nan,0,nan,0,nan,0,nan,0,nan,0,nan,0
1597988836057149952,1597988836000000000,2020-08-21 13:47:16.000000,99.995,100.03,99.885,99.935,nan,99.964,10276,10272335700.0,30633,99.995,10,99.99,6,nan,0,nan,0,nan,0,nan,0,nan,0,nan,0,nan,0,nan,0
1597988836560999936,1597988836500000000,2020-08-21 13:47:16.500000,99.995,100.03,99.885,99.935,nan,99.964,10276,10272335700.0,30633,99.995,10,99.99,6,nan,0,nan,0,nan,0,nan,0,nan,0,nan,0,nan,0,nan,0
1597988837050888960,1597988837000000000,2020-08-21 13:47:17.000000,99.995,100.03,99.885,99.935,nan,99.964,10276,10272335700.0,30633,99.995,11,99.99,6,nan,0,nan,0,nan,0,nan,0,nan,0,nan,0,nan,0,nan,0
1597988837554624000,1597988837500000000,2020-08-21 13:47:17.500000,99.995,100.03,99.885,99.935,nan,99.964,10276,10272335700.0,30633,99.995,11,99.99,6,nan,0,nan,0,nan,0,nan,0,nan,0,nan,0,nan,0,nan,0
1597988838074426880,1597988838000000000,2020-08-21 13:47:18.000000,99.995,100.03,99.885,99.935,nan,99.964,10276,10272335700.0,30633,99.995,11,99.99,6,nan,0,nan,0,nan,0,nan,0,nan,0,nan,0,nan,0,nan,0
1597988848566520064,1597988848500000000,2020-08-21 13:47:28.500000,99.995,100.03,99.885,99.935,nan,99.964,10276,10272335700.0,30633,99.995,11,99.99,4,nan,0,nan,0,nan,0,nan,0,nan,0,nan,0,nan,0,nan,0
1597988850560627968,1597988850500000000,2020-08-21 13:47:30.500000,99.995,100.03,99.885,99.935,nan,99.964,10276,10272335700.0,30633,99.995,11,99.99,4,nan,0,nan,0,nan,0,nan,0,nan,0,nan,0,nan,0,nan,0
1597988852088653056,1597988852000000000,2020-08-21 13:47:32.000000,99.99,100.03,99.885,99.935,nan,99.964,10280,10276335300.0,30635,99.995,12,99.985,19,nan,0,nan,0,nan,0,nan,0,nan,0,nan,0,nan,0,nan,0
1597988852566115072,1597988852500000000,2020-08-21 13:47:32.500000,99.99,100.03,99.885,99.935,nan,99.964,10280,10276335300.0,30635,99.995,13,99.99,1,nan,0,nan,0,nan,0,nan,0,nan,0,nan,0,nan,0,nan,0
1597988853078305024,1597988853000000000,2020-08-21 13:47:33.000000,99.99,100.03,99.885,99.935,nan,99.964,10281,10277335200.0,30635,99.995,13,99.99,1,nan,0,nan,0,nan,0,nan,0,nan,0,nan,0,nan,0,nan,0
1597988853583468032,1597988853500000000,2020-08-21 13:47:33.500000,99.99,100.03,99.885,99.935,nan,99.964,10282,10278335100.0,30635,99.995,13,99.985,19,nan,0,nan,0,nan,0,nan,0,nan,0,nan,0,nan,0,nan,0
1597988854085426944,1597988854000000000,2020-08-21 13:47:34.000000,99.99,100.03,99.885,99.935,nan,99.964,10282,10278335100.0,30635,99.995,13,99.985,19,nan,0,nan,0,nan,0,nan,0,nan,0,nan,0,nan,0,nan,0
1597988854581799936,1597988854500000000,2020-08-21 13:47:34.500000,99.99,100.03,99.885,99.935,nan,99.964,10282,10278335100.0,30635,99.995,13,99.985,19,nan,0,nan,0,nan,0,nan,0,nan,0,nan,0,nan,0,nan,0
1597988855081815040,1597988855000000000,2020-08-21 13:47:35.000000,99.99,100.03,99.885,99.935,nan,99.964,10282,10278335100.0,30635,99.99,4,99.985,18,nan,0,nan,0,nan,0,nan,0,nan,0,nan,0,nan,0,nan,0
1597988855575166976,1597988855500000000,2020-08-21 13:47:35.500000,99.99,100.03,99.885,99.935,nan,99.964,10282,10278335100.0,30635,99.99,4,99.985,15,nan,0,nan,0,nan,0,nan,0,nan,0,nan,0,nan,0,nan,0
1597988856078036992,1597988856000000000,2020-08-21 13:47:36.000000,99.99,100.03,99.885,99.935,nan,99.964,10282,10278335100.0,30635,99.99,5,99.985,15,nan,0,nan,0,nan,0,nan,0,nan,0,nan,0,nan,0,nan,0
1597988856584579072,1597988856500000000,2020-08-21 13:47:36.500000,99.99,100.03,99.885,99.935,nan,99.964,10282,10278335100.0,30635,99.99,10,99.985,14,nan,0,nan,0,nan,0,nan,0,nan,0,nan,0,nan,0,nan,0
1597988857073906944,1597988857000000000,2020-08-21 13:47:37.000000,99.99,100.03,99.885,99.935,nan,99.964,10282,10278335100.0,30635,99.99,14,99.985,14,nan,0,nan,0,nan,0,nan,0,nan,0,nan,0,nan,0,nan,0
1597988857565632000,1597988857500000000,2020-08-21 13:47:37.500000,99.99,100.03,99.885,99.935,nan,99.964,10282,10278335100.0,30635,99.99,14,99.985,14,nan,0,nan,0,nan,0,nan,0,nan,0,nan,0,nan,0,nan,0
1597988868585188096,1597988868500000000,2020-08-21 13:47:48.500000,99.99,100.03,99.885,99.935,nan,99.964,10282,10278335100.0,30635,99.99,13,99.985,14,nan,0,nan,0,nan,0,nan,0,nan,0,nan,0,nan,0,nan,0
1597988869089165056,1597988869000000000,2020-08-21 13:47:49.000000,99.99,100.03,99.885,99.935,nan,99.964,10282,10278335100.0,30635,99.99,7,99.985,13,nan,0,nan,0,nan,0,nan,0,nan,0,nan,0,nan,0,nan,0
1597988878571130112,1597988878500000000,2020-08-21 13:47:58.500000,99.99,100.03,99.885,99.935,nan,99.964,10282,10278335100.0,30635,99.99,47,99.985,13,nan,0,nan,0,nan,0,nan,0,nan,0,nan,0,nan,0,nan,0
1597988879081125120,1597988879000000000,2020-08-21 13:47:59.000000,99.985,100.03,99.885,99.935,nan,99.964,10295,10291333150.0,30629,99.99,52,99.985,1,nan,0,nan,0,nan,0,nan,0,nan,0,nan,0,nan,0,nan,0
1597988879567193088,1597988879500000000,2020-08-21 13:47:59.500000,99.985,100.03,99.885,99.935,nan,99.964,10296,10292333000.0,30629,99.985,5,99.98,20,nan,0,nan,0,nan,0,nan,0,nan,0,nan,0,nan,0,nan,0
1597988880094832128,1597988880000000000,2020-08-21 13:48:00.000000,99.985,100.03,99.885,99.935,nan,99.964,10296,10292333000.0,30629,99.985,7,99.98,18,nan,0,nan,0,nan,0,nan,0,nan,0,nan,0,nan,0,nan,0
1597988880570371072,1597988880500000000,2020-08-21 13:48:00.500000,99.985,100.03,99.885,99.935,nan,99.964,10298,10294332700.0,30630,99.985,5,99.98,20,nan,0,nan,0,nan,0,nan,0,nan,0,nan,0,nan,0,nan,0
1597988881070260992,1597988881000000000,2020-08-21 13:48:01.000000,99.985,100.03,99.885,99.935,nan,99.964,10298,10294332700.0,30630,99.985,6,99.98,17,nan,0,nan,0,nan,0,nan,0,nan,0,nan,0,nan,0,nan,0
1597988881616363008,1597988881500000000,2020-08-21 13:48:01.500000,99.985,100.03,99.885,99.935,nan,99.964,10298,10294332700.0,30630,99.985,6,99.98,17,nan,0,nan,0,nan,0,nan,0,nan,0,nan,0,nan,0,nan,0
1597988882268024064,1597988882000000000,2020-08-21 13:48:02.000000,99.985,100.03,99.885,99.935,nan,99.964,10298,10294332700.0,30630,99.985,6,99.98,17,nan,0,nan,0,nan,0,nan,0,nan,0,nan,0,nan,0,nan,0
1597988883130577920,1597988883000000000,2020-08-21 13:48:03.000000,99.98,100.03,99.885,99.935,nan,99.964,10300,10296332300.0,30632,99.985,6,99.98,15,nan,0,nan,0,nan,0,nan,0,nan,0,nan,0,nan,0,nan,0
1597988883577267968,1597988883500000000,2020-08-21 13:48:03.500000,99.98,100.03,99.885,99.935,nan,99.964,10302,10298331900.0,30633,99.985,6,99.98,14,nan,0,nan,0,nan,0,nan,0,nan,0,nan,0,nan,0,nan,0
1597988884084292096,1597988884000000000,2020-08-21 13:48:04.000000,99.98,100.03,99.885,99.935,nan,99.964,10302,10298331900.0,30633,99.985,6,99.98,15,nan,0,nan,0,nan,0,nan,0,nan,0,nan,0,nan,0,nan,0
1597988888581675008,1597988888500000000,2020-08-21 13:48:08.500000,99.98,100.03,99.885,99.935,nan,99.964,10302,10298331900.0,30633,99.985,6,99.98,15,nan,0,nan,0,nan,0,nan,0,nan,0,nan,0,nan,0,nan,0
1597988889087674112,1597988889000000000,2020-08-21 13:48:09.000000,99.98,100.03,99.885,99.935,nan,99.964,10302,10298331900.0,30633,99.985,6,99.98,15,nan,0,nan,0,nan,0,nan,0,nan,0,nan,0,nan,0,nan,0
1597988889578816000,1597988889500000000,2020-08-21 13:48:09.500000,99.98,100.03,99.885,99.935,nan,99.964,10302,10298331900.0,30633,99.985,4,99.98,15,nan,0,nan,0,nan,0,nan,0,nan,0,nan,0,nan,0,nan,0
1597988890073026048,1597988890000000000,2020-08-21 13:48:10.000000,99.98,100.03,99.885,99.935,nan,99.964,10302,10298331900.0,30633,99.985,4,99.98,15,nan,0,nan,0,nan,0,nan,0,nan,0,nan,0,nan,0,nan,0
1597988890598258944,1597988890500000000,2020-08-21 13:48:10.500000,99.98,100.03,99.885,99.935,nan,99.964,10302,10298331900.0,30633,99.985,4,99.98,16,nan,0,nan,0,nan,0,nan,0,nan,0,nan,0,nan,0,nan,0
1597988896576630016,1597988896500000000,2020-08-21 13:48:16.500000,99.98,100.03,99.885,99.935,nan,99.964,10302,10298331900.0,30633,99.985,4,99.98,16,nan,0,nan,0,nan,0,nan,0,nan,0,nan,0,nan,0,nan,0
1597988897107457024,1597988897000000000,2020-08-21 13:48:17.000000,99.98,100.03,99.885,99.935,nan,99.964,10302,10298331900.0,30633,99.985,4,99.98,16,nan,0,nan,0,nan,0,nan,0,nan,0,nan,0,nan,0,nan,0
1597988899580653056,1597988899500000000,2020-08-21 13:48:19.500000,99.985,100.03,99.885,99.935,nan,99.964,10306,10302331300.0,30636,99.99,56,99.985,2,nan,0,nan,0,nan,0,nan,0,nan,0,nan,0,nan,0,nan,0
1597988900105444096,1597988900000000000,2020-08-21 13:48:20.000000,99.985,100.03,99.885,99.935,nan,99.964,10311,10307330550.0,30636,99.99,49,99.985,1,nan,0,nan,0,nan,0,nan,0,nan,0,nan,0,nan,0,nan,0
1597988900587286016,1597988900500000000,2020-08-21 13:48:20.500000,99.985,100.03,99.885,99.935,nan,99.964,10312,10308330400.0,30635,99.99,49,99.985,1,nan,0,nan,0,nan,0,nan,0,nan,0,nan,0,nan,0,nan,0
