local_nano_time,quote_nano_time,datetime,last_price,highest,lowest,open,close,average,volume,amount,open_interest,ask_price1,ask_volume1,bid_price1,bid_volume1,ask_price2,ask_volume2,bid_price2,bid_volume2,ask_price3,ask_volume3,bid_price3,bid_volume3,ask_price4,ask_volume4,bid_price4,bid_volume4,ask_price5,ask_volume5,bid_price5,bid_volume5
1597988230154578944,1597988230432000000,2020-08-21 13:37:10.432000,3968.0,3980.0,3940.0,3940.0,nan,3963.135109,122967,4873348350.0,365973,3969.0,98,3968.0,36,3970.0,64,3967.0,72,3971.0,86,3966.0,105,3972.0,135,3965.0,83,3973.0,89,3964.0,44
1597988230623228928,1597988230935000064,2020-08-21 13:37:10.935000,3968.0,3980.0,3940.0,3940.0,nan,3963.135189,122969,4873427710.0,365974,3969.0,98,3968.0,34,3970.0,64,3967.0,72,3971.0,86,3966.0,105,3972.0,135,3965.0,83,3973.0,89,3964.0,44
1597988231630750976,1597988231910000128,2020-08-21 13:37:11.910000,3968.0,3980.0,3940.0,3940.0,nan,3963.135189,122969,4873427710.0,365974,3969.0,98,3968.0,39,3970.0,64,3967.0,72,3971.0,87,3966.0,105,3972.0,134,3965.0,83,3973.0,89,3964.0,44
1597988232139020032,1597988232423000064,2020-08-21 13:37:12.423000,3968.0,3980.0,3940.0,3940.0,nan,3963.135189,122969,4873427710.0,365974,3969.0,98,3968.0,39,3970.0,64,3967.0,72,3971.0,92,3966.0,105,3972.0,134,3965.0,83,3973.0,89,3964.0,44
1597988233119648000,1597988233405999872,2020-08-21 13:37:13.406000,3968.0,3980.0,3940.0,3940.0,nan,3963.135189,122969,4873427710.0,365974,3969.0,98,3968.0,39,3970.0,64,3967.0,72,3971.0,92,3966.0,105,3972.0,134,3965.0,85,3973.0,89,3964.0,44
1597988233631204096,1597988233912000000,2020-08-21 13:37:13.912000,3968.0,3980.0,3940.0,3940.0,nan,3963.135189,122969,4873427710.0,365974,3969.0,98,3968.0,39,3970.0,59,3967.0,72,3971.0,92,3966.0,105,3972.0,134,3965.0,85,3973.0,89,3964.0,44
1597988234132768000,1597988234427000064,2020-08-21 13:37:14.427000,3968.0,3980.0,3940.0,3940.0,nan,3963.135189,122969,4873427710.0,365974,3969.0,98,3968.0,41,3970.0,59,3967.0,72,3971.0,92,3966.0,105,3972.0,134,3965.0,84,3973.0,89,3964.0,44
1597988234619992064,1597988234937999872,2020-08-21 13:37:14.938000,3968.0,3980.0,3940.0,3940.0,nan,3963.135189,122969,4873427710.0,365974,3969.0,98,3968.0,42,3970.0,59,3967.0,72,3971.0,92,3966.0,105,3972.0,134,3965.0,84,3973.0,89,3964.0,44
1597988235133393920,1597988235413000192,2020-08-21 13:37:15.413000,3968.0,3980.0,3940.0,3940.0,nan,3963.135189,122969,4873427710.0,365974,3969.0,98,3968.0,42,3970.0,58,3967.0,72,3971.0,92,3966.0,105,3972.0,134,3965.0,84,3973.0,89,3964.0,44
1597988237624891904,1597988237934000128,2020-08-21 13:37:17.934000,3969.0,3980.0,3940.0,3940.0,nan,3963.135284,122971,4873507090.0,365975,3969.0,96,3968.0,42,3970.0,59,3967.0,72,3971.0,92,3966.0,105,3972.0,134,3965.0,84,3973.0,89,3964.0,44
1597988238147194880,1597988238430000128,2020-08-21 13:37:18.430000,3968.0,3980.0,3940.0,3940.0,nan,3963.135323,122972,4873546770.0,365975,3969.0,98,3968.0,41,3970.0,59,3967.0,72,3971.0,92,3966.0,105,3972.0,132,3965.0,84,3973.0,89,3964.0,44
1597988238623670016,1597988238932000000,2020-08-21 13:37:18.932000,3968.0,3980.0,3940.0,3940.0,nan,3963.135323,122972,4873546770.0,365975,3969.0,101,3968.0,42,3970.0,59,3967.0,72,3971.0,92,3966.0,105,3972.0,132,3965.0,84,3973.0,89,3964.0,45
1597988241151213056,1597988241423000064,2020-08-21 13:37:21.423000,3968.0,3980.0,3940.0,3940.0,nan,3963.135323,122972,4873546770.0,365975,3969.0,101,3968.0,43,3970.0,59,3967.0,72,3971.0,92,3966.0,105,3972.0,132,3965.0,84,3973.0,89,3964.0,45
1597988241632925952,1597988241936000000,2020-08-21 13:37:21.936000,3968.0,3980.0,3940.0,3940.0,nan,3963.135323,122972,4873546770.0,365975,3969.0,101,3968.0,43,3970.0,59,3967.0,72,3971.0,93,3966.0,105,3972.0,132,3965.0,84,3973.0,89,3964.0,45
1597988242128350976,1597988242423000064,2020-08-21 13:37:22.423000,3968.0,3980.0,3940.0,3940.0,nan,3963.135323,122972,4873546770.0,365975,3969.0,101,3968.0,43,3970.0,59,3967.0,72,3971.0,92,3966.0,105,3972.0,132,3965.0,84,3973.0,89,3964.0,45
1597988243121126912,1597988243432000000,2020-08-21 13:37:23.432000,3968.0,3980.0,3940.0,3940.0,nan,3963.135363,122973,4873586450.0,365975,3969.0,101,3968.0,42,3970.0,59,3967.0,72,3971.0,92,3966.0,105,3972.0,132,3965.0,84,3973.0,89,3964.0,45
1597988243630649088,1597988243917999872,2020-08-21 13:37:23.918000,3969.0,3980.0,3940.0,3940.0,nan,3963.135411,122974,4873626140.0,365975,3969.0,101,3968.0,42,3970.0,59,3967.0,72,3971.0,92,3966.0,105,3972.0,132,3965.0,84,3973.0,89,3964.0,45
1597988244118565120,1597988244433000192,2020-08-21 13:37:24.433000,3969.0,3980.0,3940.0,3940.0,nan,3963.135411,122974,4873626140.0,365975,3969.0,101,3968.0,45,3970.0,59,3967.0,72,3971.0,92,3966.0,105,3972.0,132,3965.0,84,3973.0,89,3964.0,45
1597988245625846016,1597988245882999808,2020-08-21 13:37:25.883000,3969.0,3980.0,3940.0,3940.0,nan,3963.135411,122974,4873626140.0,365975,3969.0,101,3968.0,45,3970.0,59,3967.0,72,3971.0,92,3966.0,106,3972.0,132,3965.0,84,3973.0,89,3964.0,45
1597988246649952000,1597988246932000000,2020-08-21 13:37:26.932000,3969.0,3980.0,3940.0,3940.0,nan,3963.135649,122979,4873824590.0,365975,3969.0,96,3968.0,46,3970.0,59,3967.0,72,3971.0,92,3966.0,106,3972.0,132,3965.0,84,3973.0,89,3964.0,45
1597988247134189056,1597988247436999936,2020-08-21 13:37:27.437000,3969.0,3980.0,3940.0,3940.0,nan,3963.135649,122979,4873824590.0,365975,3969.0,99,3968.0,46,3970.0,59,3967.0,72,3971.0,92,3966.0,106,3972.0,132,3965.0,84,3973.0,89,3964.0,45
1597988248150727936,1597988248420999936,2020-08-21 13:37:28.421000,3969.0,3980.0,3940.0,3940.0,nan,3963.135649,122979,4873824590.0,365975,3969.0,99,3968.0,46,3970.0,59,3967.0,72,3971.0,92,3966.0,106,3972.0,132,3965.0,84,3973.0,89,3964.0,44
1597988248631845888,1597988248938999808,2020-08-21 13:37:28.939000,3969.0,3980.0,3940.0,3940.0,nan,3963.135697,122980,4873864280.0,365976,3969.0,98,3968.0,46,3970.0,59,3967.0,72,3971.0,92,3966.0,103,3972.0,132,3965.0,84,3973.0,89,3964.0,44
1597988250161200896,1597988250435000064,2020-08-21 13:37:30.435000,3969.0,3980.0,3940.0,3940.0,nan,3963.135745,122981,4873903970.0,365976,3969.0,97,3968.0,46,3970.0,58,3967.0,72,3971.0,92,3966.0,103,3972.0,132,3965.0,84,3973.0,91,3964.0,44
1597988250627109120,1597988250933000192,2020-08-21 13:37:30.933000,3969.0,3980.0,3940.0,3940.0,nan,3963.135745,122981,4873903970.0,365976,3969.0,97,3968.0,46,3970.0,58,3967.0,72,3971.0,93,3966.0,103,3972.0,132,3965.0,84,3973.0,91,3964.0,44
1597988251642892032,1597988251914000128,2020-08-21 13:37:31.914000,3969.0,3980.0,3940.0,3940.0,nan,3963.135745,122981,4873903970.0,365976,3969.0,97,3968.0,46,3970.0,58,3967.0,72,3971.0,93,3966.0,103,3972.0,132,3965.0,84,3973.0,91,3964.0,43
1597988252149156096,1597988252421999872,2020-08-21 13:37:32.422000,3969.0,3980.0,3940.0,3940.0,nan,3963.135745,122981,4873903970.0,365976,3969.0,97,3968.0,46,3970.0,60,3967.0,72,3971.0,93,3966.0,103,3972.0,132,3965.0,84,3973.0,91,3964.0,43
1597988252640378880,1597988252933000192,2020-08-21 13:37:32.933000,3968.0,3980.0,3940.0,3940.0,nan,3963.135942,122986,4874102370.0,365976,3969.0,97,3968.0,44,3970.0,60,3967.0,72,3971.0,93,3966.0,103,3972.0,132,3965.0,84,3973.0,91,3964.0,43
1597988253163111936,1597988253424000000,2020-08-21 13:37:33.424000,3969.0,3980.0,3940.0,3940.0,nan,3963.13599,122987,4874142060.0,365975,3969.0,96,3968.0,45,3970.0,60,3967.0,72,3971.0,93,3966.0,103,3972.0,132,3965.0,84,3973.0,91,3964.0,43
1597988253613368064,1597988253898999808,2020-08-21 13:37:33.899000,3969.0,3980.0,3940.0,3940.0,nan,3963.13599,122987,4874142060.0,365975,3969.0,97,3968.0,45,3970.0,60,3967.0,72,3971.0,93,3966.0,103,3972.0,132,3965.0,84,3973.0,91,3964.0,43
1597988254122872064,1597988254438999808,2020-08-21 13:37:34.439000,3969.0,3980.0,3940.0,3940.0,nan,3963.136133,122990,4874261130.0,365975,3969.0,94,3968.0,45,3970.0,58,3967.0,72,3971.0,97,3966.0,103,3972.0,132,3965.0,84,3973.0,91,3964.0,43
1597988256146628096,1597988256426000128,2020-08-21 13:37:36.426000,3969.0,3980.0,3940.0,3940.0,nan,3963.136133,122990,4874261130.0,365975,3969.0,94,3968.0,47,3970.0,58,3967.0,72,3971.0,97,3966.0,103,3972.0,142,3965.0,84,3973.0,91,3964.0,43
1597988256642553088,1597988256924999936,2020-08-21 13:37:36.925000,3969.0,3980.0,3940.0,3940.0,nan,3963.136133,122990,4874261130.0,365975,3969.0,94,3968.0,48,3970.0,58,3967.0,72,3971.0,97,3966.0,103,3972.0,142,3965.0,84,3973.0,91,3964.0,43
1597988257117105920,1597988257427000064,2020-08-21 13:37:37.427000,3969.0,3980.0,3940.0,3940.0,nan,3963.136133,122990,4874261130.0,365975,3969.0,94,3968.0,49,3970.0,58,3967.0,72,3971.0,97,3966.0,103,3972.0,142,3965.0,85,3973.0,91,3964.0,43
1597988257616560128,1597988257933000192,2020-08-21 13:37:37.933000,3968.0,3980.0,3940.0,3940.0,nan,3963.136173,122991,4874300810.0,365976,3969.0,94,3968.0,48,3970.0,58,3967.0,72,3971.0,97,3966.0,103,3972.0,142,3965.0,85,3973.0,91,3964.0,43
1597988258604717056,1597988258935000064,2020-08-21 13:37:38.935000,3968.0,3980.0,3940.0,3940.0,nan,3963.136173,122991,4874300810.0,365976,3969.0,95,3968.0,48,3970.0,58,3967.0,72,3971.0,97,3966.0,103,3972.0,142,3965.0,85,3973.0,91,3964.0,43
1597988260121657088,1597988260427000064,2020-08-21 13:37:40.427000,3968.0,3980.0,3940.0,3940.0,nan,3963.136252,122993,4874380170.0,365978,3969.0,95,3968.0,46,3970.0,58,3967.0,72,3971.0,97,3966.0,103,3972.0,142,3965.0,85,3973.0,91,3964.0,43
1597988260624594944,1597988260932000000,2020-08-21 13:37:40.932000,3968.0,3980.0,3940.0,3940.0,nan,3963.136252,122993,4874380170.0,365978,3969.0,95,3968.0,46,3970.0,58,3967.0,72,3971.0,97,3966.0,103,3972.0,140,3965.0,85,3973.0,91,3964.0,43
1597988261150441984,1597988261723000064,2020-08-21 13:37:41.723000,3968.0,3980.0,3940.0,3940.0,nan,3963.136291,122994,4874419850.0,365979,3969.0,96,3968.0,45,3970.0,58,3967.0,72,3971.0,97,3966.0,103,3972.0,140,3965.0,85,3973.0,91,3964.0,43
1597988261606045952,1597988261931000064,2020-08-21 13:37:41.931000,3968.0,3980.0,3940.0,3940.0,nan,3963.136291,122994,4874419850.0,365979,3969.0,98,3968.0,45,3970.0,58,3967.0,72,3971.0,97,3966.0,103,3972.0,140,3965.0,85,3973.0,91,3964.0,43
1597988262125170944,1597988262435000064,2020-08-21 13:37:42.435000,3968.0,3980.0,3940.0,3940.0,nan,3963.136291,122994,4874419850.0,365979,3969.0,98,3968.0,45,3970.0,58,3967.0,72,3971.0,97,3966.0,103,3972.0,140,3965.0,85,3973.0,91,3964.0,42
1597988262635618048,1597988262910000128,2020-08-21 13:37:42.910000,3968.0,3980.0,3940.0,3940.0,nan,3963.136291,122994,4874419850.0,365979,3969.0,99,3968.0,45,3970.0,58,3967.0,72,3971.0,97,3966.0,103,3972.0,140,3965.0,85,3973.0,91,3964.0,42
1597988264125644032,1597988264433000192,2020-08-21 13:37:44.433000,3968.0,3980.0,3940.0,3940.0,nan,3963.136291,122994,4874419850.0,365979,3969.0,100,3968.0,45,3970.0,58,3967.0,72,3971.0,97,3966.0,103,3972.0,139,3965.0,85,3973.0,91,3964.0,42
1597988264620913920,1597988264935000064,2020-08-21 13:37:44.935000,3968.0,3980.0,3940.0,3940.0,nan,3963.136291,122994,4874419850.0,365979,3969.0,97,3968.0,45,3970.0,58,3967.0,72,3971.0,97,3966.0,103,3972.0,139,3965.0,85,3973.0,91,3964.0,42
1597988265141452032,1597988265413000192,2020-08-21 13:37:45.413000,3969.0,3980.0,3940.0,3940.0,nan,3963.13653,122999,4874618300.0,365980,3969.0,92,3968.0,53,3970.0,58,3967.0,72,3971.0,97,3966.0,103,3972.0,139,3965.0,85,3973.0,91,3964.0,42
1597988265616463872,1597988265935000064,2020-08-21 13:37:45.935000,3969.0,3980.0,3940.0,3940.0,nan,3963.13653,122999,4874618300.0,365980,3969.0,89,3968.0,65,3970.0,58,3967.0,79,3971.0,97,3966.0,104,3972.0,139,3965.0,85,3973.0,91,3964.0,42
1597988266146426880,1597988266424999936,2020-08-21 13:37:46.425000,3969.0,3980.0,3940.0,3940.0,nan,3963.13653,122999,4874618300.0,365980,3969.0,90,3968.0,62,3970.0,58,3967.0,79,3971.0,97,3966.0,104,3972.0,139,3965.0,85,3973.0,91,3964.0,42
1597988267147165952,1597988267416999936,2020-08-21 13:37:47.417000,3968.0,3980.0,3940.0,3940.0,nan,3963.136569,123000,4874657980.0,365980,3969.0,90,3968.0,61,3970.0,58,3967.0,79,3971.0,96,3966.0,104,3972.0,139,3965.0,80,3973.0,91,3964.0,42
1597988268622778112,1597988268924999936,2020-08-21 13:37:48.925000,3968.0,3980.0,3940.0,3940.0,nan,3963.136569,123000,4874657980.0,365980,3969.0,92,3968.0,61,3970.0,58,3967.0,79,3971.0,96,3966.0,104,3972.0,139,3965.0,80,3973.0,91,3964.0,42
1597988269633912064,1597988269923000064,2020-08-21 13:37:49.923000,3969.0,3980.0,3940.0,3940.0,nan,3963.136617,123001,4874697670.0,365981,3969.0,93,3968.0,52,3970.0,58,3967.0,79,3971.0,96,3966.0,104,3972.0,139,3965.0,80,3973.0,91,3964.0,42
1597988270150545920,1597988270424000000,2020-08-21 13:37:50.424000,3969.0,3980.0,3940.0,3940.0,nan,3963.136617,123001,4874697670.0,365981,3969.0,93,3968.0,54,3970.0,59,3967.0,79,3971.0,96,3966.0,104,3972.0,139,3965.0,80,3973.0,91,3964.0,42
1597988270612721920,1597988270935000064,2020-08-21 13:37:50.935000,3969.0,3980.0,3940.0,3940.0,nan,3963.136617,123001,4874697670.0,365981,3969.0,93,3968.0,54,3970.0,61,3967.0,79,3971.0,95,3966.0,104,3972.0,139,3965.0,80,3973.0,91,3964.0,42
1597988271148800000,1597988271434000128,2020-08-21 13:37:51.434000,3969.0,3980.0,3940.0,3940.0,nan,3963.136617,123001,4874697670.0,365981,3969.0,96,3968.0,54,3970.0,61,3967.0,79,3971.0,95,3966.0,104,3972.0,139,3965.0,80,3973.0,91,3964.0,42
1597988272621524992,1597988272932000000,2020-08-21 13:37:52.932000,3969.0,3980.0,3940.0,3940.0,nan,3963.136895,123007,4874935800.0,365986,3969.0,91,3968.0,53,3970.0,61,3967.0,84,3971.0,95,3966.0,104,3972.0,139,3965.0,80,3973.0,91,3964.0,42
1597988273616508928,1597988273932000000,2020-08-21 13:37:53.932000,3969.0,3980.0,3940.0,3940.0,nan,3963.136895,123007,4874935800.0,365986,3969.0,90,3968.0,53,3970.0,61,3967.0,83,3971.0,95,3966.0,104,3972.0,139,3965.0,80,3973.0,91,3964.0,42
1597988274149730048,1597988274432000000,2020-08-21 13:37:54.432000,3969.0,3980.0,3940.0,3940.0,nan,3963.136942,123008,4874975490.0,365987,3969.0,89,3968.0,53,3970.0,61,3967.0,83,3971.0,95,3966.0,104,3972.0,139,3965.0,80,3973.0,91,3964.0,42
1597988276146670080,1597988276423000064,2020-08-21 13:37:56.423000,3968.0,3980.0,3940.0,3940.0,nan,3963.139037,123061,4877078530.0,366009,3968.0,847,3967.0,83,3969.0,97,3966.0,104,3970.0,61,3965.0,80,3971.0,94,3964.0,42,3972.0,139,3963.0,38
1597988276815467008,1597988277226000128,2020-08-21 13:37:57.226000,3966.0,3980.0,3940.0,3940.0,nan,3963.141496,123141,4880252070.0,366024,3968.0,854,3967.0,6,3969.0,101,3966.0,93,3970.0,61,3965.0,80,3971.0,94,3964.0,42,3972.0,139,3963.0,42
1597988277234350080,1597988277428999936,2020-08-21 13:37:57.429000,3967.0,3980.0,3940.0,3940.0,nan,3963.141747,123149,4880569430.0,366025,3967.0,1,3966.0,93,3968.0,854,3965.0,80,3969.0,114,3964.0,42,3970.0,61,3963.0,42,3971.0,94,3962.0,172
1597988277627351040,1597988277920000000,2020-08-21 13:37:57.920000,3966.0,3980.0,3940.0,3940.0,nan,3963.141802,123151,4880648760.0,366027,3967.0,7,3966.0,86,3968.0,851,3965.0,74,3969.0,134,3964.0,42,3970.0,61,3963.0,48,3971.0,94,3962.0,172
1597988278134987008,1597988278436000000,2020-08-21 13:37:58.436000,3966.0,3980.0,3940.0,3940.0,nan,3963.141802,123151,4880648760.0,366027,3967.0,23,3966.0,86,3968.0,851,3965.0,74,3969.0,134,3964.0,42,3970.0,61,3963.0,50,3971.0,94,3962.0,172
1597988279156613888,1597988279436000000,2020-08-21 13:37:59.436000,3966.0,3980.0,3940.0,3940.0,nan,3963.141802,123151,4880648760.0,366027,3967.0,44,3966.0,80,3968.0,851,3965.0,74,3969.0,133,3964.0,42,3970.0,61,3963.0,50,3971.0,94,3962.0,172
1597988280620839936,1597988280933000192,2020-08-21 13:38:00.933000,3966.0,3980.0,3940.0,3940.0,nan,3963.141802,123151,4880648760.0,366027,3967.0,48,3966.0,80,3968.0,855,3965.0,74,3969.0,133,3964.0,42,3970.0,61,3963.0,50,3971.0,94,3962.0,172
1597988281135090944,1597988281405999872,2020-08-21 13:38:01.406000,3966.0,3980.0,3940.0,3940.0,nan,3963.141802,123151,4880648760.0,366027,3967.0,51,3966.0,80,3968.0,855,3965.0,78,3969.0,133,3964.0,42,3970.0,62,3963.0,50,3971.0,94,3962.0,172
1597988281619027968,1597988281924999936,2020-08-21 13:38:01.925000,3966.0,3980.0,3940.0,3940.0,nan,3963.141802,123151,4880648760.0,366027,3967.0,55,3966.0,74,3968.0,855,3965.0,78,3969.0,133,3964.0,42,3970.0,62,3963.0,50,3971.0,94,3962.0,172
1597988282153952000,1597988282423000064,2020-08-21 13:38:02.423000,3966.0,3980.0,3940.0,3940.0,nan,3963.141802,123151,4880648760.0,366027,3967.0,57,3966.0,74,3968.0,855,3965.0,79,3969.0,133,3964.0,42,3970.0,62,3963.0,50,3971.0,94,3962.0,172
1597988282627915008,1597988282935000064,2020-08-21 13:38:02.935000,3966.0,3980.0,3940.0,3940.0,nan,3963.141802,123151,4880648760.0,366027,3967.0,57,3966.0,77,3968.0,855,3965.0,79,3969.0,133,3964.0,42,3970.0,62,3963.0,50,3971.0,94,3962.0,172
1597988283125204992,1597988283430000128,2020-08-21 13:38:03.430000,3966.0,3980.0,3940.0,3940.0,nan,3963.141802,123151,4880648760.0,366027,3967.0,57,3966.0,77,3968.0,855,3965.0,79,3969.0,128,3964.0,42,3970.0,62,3963.0,50,3971.0,94,3962.0,172
1597988283634857984,1597988283913000192,2020-08-21 13:38:03.913000,3966.0,3980.0,3940.0,3940.0,nan,3963.141802,123151,4880648760.0,366027,3967.0,57,3966.0,80,3968.0,855,3965.0,79,3969.0,128,3964.0,42,3970.0,62,3963.0,50,3971.0,94,3962.0,172
1597988284620363008,1597988284932000000,2020-08-21 13:38:04.932000,3966.0,3980.0,3940.0,3940.0,nan,3963.141802,123151,4880648760.0,366027,3967.0,57,3966.0,98,3968.0,855,3965.0,79,3969.0,128,3964.0,42,3970.0,62,3963.0,50,3971.0,94,3962.0,172
1597988285127397120,1597988285413000192,2020-08-21 13:38:05.413000,3966.0,3980.0,3940.0,3940.0,nan,3963.141802,123151,4880648760.0,366027,3967.0,58,3966.0,100,3968.0,855,3965.0,79,3969.0,128,3964.0,42,3970.0,62,3963.0,50,3971.0,94,3962.0,172
1597988286149117952,1597988286428000000,2020-08-21 13:38:06.428000,3966.0,3980.0,3940.0,3940.0,nan,3963.141825,123152,4880688420.0,366026,3967.0,58,3966.0,99,3968.0,856,3965.0,79,3969.0,128,3964.0,42,3970.0,61,3963.0,50,3971.0,94,3962.0,172
1597988286633512960,1597988286936000000,2020-08-21 13:38:06.936000,3966.0,3980.0,3940.0,3940.0,nan,3963.141825,123152,4880688420.0,366026,3967.0,60,3966.0,99,3968.0,857,3965.0,79,3969.0,128,3964.0,42,3970.0,61,3963.0,50,3971.0,94,3962.0,172
1597988287130630912,1597988287435000064,2020-08-21 13:38:07.435000,3966.0,3980.0,3940.0,3940.0,nan,3963.141848,123153,4880728080.0,366025,3967.0,64,3966.0,98,3968.0,857,3965.0,79,3969.0,128,3964.0,42,3970.0,61,3963.0,50,3971.0,94,3962.0,172
1597988288609582080,1597988288913000192,2020-08-21 13:38:08.913000,3966.0,3980.0,3940.0,3940.0,nan,3963.141848,123153,4880728080.0,366025,3967.0,64,3966.0,98,3968.0,857,3965.0,81,3969.0,128,3964.0,42,3970.0,61,3963.0,50,3971.0,94,3962.0,172
1597988289636541952,1597988289911000064,2020-08-21 13:38:09.911000,3966.0,3980.0,3940.0,3940.0,nan,3963.141848,123153,4880728080.0,366025,3967.0,64,3966.0,98,3968.0,857,3965.0,81,3969.0,129,3964.0,42,3970.0,61,3963.0,50,3971.0,94,3962.0,172
1597988290120253952,1597988290417999872,2020-08-21 13:38:10.418000,3966.0,3980.0,3940.0,3940.0,nan,3963.141848,123153,4880728080.0,366025,3967.0,65,3966.0,98,3968.0,857,3965.0,81,3969.0,129,3964.0,42,3970.0,61,3963.0,50,3971.0,94,3962.0,172
1597988290616360960,1597988290931000064,2020-08-21 13:38:10.931000,3967.0,3980.0,3940.0,3940.0,nan,3963.141879,123154,4880767750.0,366024,3967.0,64,3966.0,98,3968.0,857,3965.0,81,3969.0,129,3964.0,42,3970.0,61,3963.0,50,3971.0,94,3962.0,172
1597988291123800064,1597988291432000000,2020-08-21 13:38:11.432000,3967.0,3980.0,3940.0,3940.0,nan,3963.141879,123154,4880767750.0,366024,3967.0,43,3966.0,98,3968.0,857,3965.0,81,3969.0,129,3964.0,42,3970.0,61,3963.0,50,3971.0,91,3962.0,172
1597988291625748992,1597988291936000000,2020-08-21 13:38:11.936000,3967.0,3980.0,3940.0,3940.0,nan,3963.141879,123154,4880767750.0,366024,3967.0,43,3966.0,98,3968.0,856,3965.0,81,3969.0,129,3964.0,42,3970.0,64,3963.0,50,3971.0,91,3962.0,172
1597988292159280128,1597988292436999936,2020-08-21 13:38:12.437000,3967.0,3980.0,3940.0,3940.0,nan,3963.141879,123154,4880767750.0,366024,3967.0,43,3966.0,98,3968.0,857,3965.0,81,3969.0,129,3964.0,42,3970.0,64,3963.0,50,3971.0,91,3962.0,172
1597988292626725888,1597988292936000000,2020-08-21 13:38:12.936000,3966.0,3980.0,3940.0,3940.0,nan,3963.141902,123155,4880807410.0,366024,3967.0,43,3966.0,97,3968.0,857,3965.0,81,3969.0,129,3964.0,42,3970.0,64,3963.0,50,3971.0,91,3962.0,172
1597988293127236096,1597988293428000000,2020-08-21 13:38:13.428000,3967.0,3980.0,3940.0,3940.0,nan,3963.141965,123157,4880886750.0,366023,3967.0,44,3966.0,97,3968.0,857,3965.0,81,3969.0,129,3964.0,42,3970.0,64,3963.0,50,3971.0,91,3962.0,172
1597988294146791936,1597988294430000128,2020-08-21 13:38:14.430000,3967.0,3980.0,3940.0,3940.0,nan,3963.141996,123158,4880926420.0,366023,3967.0,46,3966.0,99,3968.0,857,3965.0,81,3969.0,129,3964.0,42,3970.0,64,3963.0,50,3971.0,91,3962.0,172
1597988294613211904,1597988294933000192,2020-08-21 13:38:14.933000,3967.0,3980.0,3940.0,3940.0,nan,3963.141996,123158,4880926420.0,366023,3967.0,46,3966.0,99,3968.0,857,3965.0,81,3969.0,129,3964.0,43,3970.0,65,3963.0,50,3971.0,91,3962.0,172
1597988295622137088,1597988295937999872,2020-08-21 13:38:15.938000,3967.0,3980.0,3940.0,3940.0,nan,3963.141996,123158,4880926420.0,366023,3967.0,46,3966.0,99,3968.0,857,3965.0,80,3969.0,129,3964.0,43,3970.0,65,3963.0,50,3971.0,91,3962.0,172
1597988296130785024,1597988296431000064,2020-08-21 13:38:16.431000,3967.0,3980.0,3940.0,3940.0,nan,3963.141996,123158,4880926420.0,366023,3967.0,46,3966.0,102,3968.0,859,3965.0,80,3969.0,128,3964.0,43,3970.0,65,3963.0,50,3971.0,91,3962.0,172
1597988296629747968,1597988296903000064,2020-08-21 13:38:16.903000,3967.0,3980.0,3940.0,3940.0,nan,3963.141996,123158,4880926420.0,366023,3967.0,46,3966.0,105,3968.0,859,3965.0,80,3969.0,128,3964.0,43,3970.0,65,3963.0,50,3971.0,91,3962.0,172
1597988297161016064,1597988297424999936,2020-08-21 13:38:17.425000,3967.0,3980.0,3940.0,3940.0,nan,3963.141996,123158,4880926420.0,366023,3967.0,46,3966.0,105,3968.0,859,3965.0,90,3969.0,128,3964.0,43,3970.0,65,3963.0,50,3971.0,91,3962.0,172
1597988297628346112,1597988297937999872,2020-08-21 13:38:17.938000,3967.0,3980.0,3940.0,3940.0,nan,3963.141996,123158,4880926420.0,366023,3967.0,46,3966.0,108,3968.0,859,3965.0,90,3969.0,128,3964.0,43,3970.0,65,3963.0,50,3971.0,91,3962.0,172
1597988298139534080,1597988298433000192,2020-08-21 13:38:18.433000,3967.0,3980.0,3940.0,3940.0,nan,3963.141996,123158,4880926420.0,366023,3967.0,46,3966.0,108,3968.0,859,3965.0,90,3969.0,127,3964.0,43,3970.0,65,3963.0,50,3971.0,91,3962.0,172
1597988298628129024,1597988298876000000,2020-08-21 13:38:18.876000,3967.0,3980.0,3940.0,3940.0,nan,3963.141996,123158,4880926420.0,366023,3967.0,46,3966.0,111,3968.0,859,3965.0,90,3969.0,127,3964.0,43,3970.0,65,3963.0,50,3971.0,91,3962.0,172
1597988299136581888,1597988299417999872,2020-08-21 13:38:19.418000,3967.0,3980.0,3940.0,3940.0,nan,3963.141996,123158,4880926420.0,366023,3967.0,46,3966.0,112,3968.0,859,3965.0,90,3969.0,127,3964.0,43,3970.0,65,3963.0,50,3971.0,91,3962.0,172
1597988299628057088,1597988299933000192,2020-08-21 13:38:19.933000,3967.0,3980.0,3940.0,3940.0,nan,3963.142153,123163,4881124770.0,366028,3967.0,41,3966.0,112,3968.0,859,3965.0,90,3969.0,127,3964.0,43,3970.0,65,3963.0,50,3971.0,91,3962.0,172
1597988300161918976,1597988300418999808,2020-08-21 13:38:20.419000,3967.0,3980.0,3940.0,3940.0,nan,3963.142153,123163,4881124770.0,366028,3967.0,39,3966.0,111,3968.0,859,3965.0,90,3969.0,127,3964.0,43,3970.0,65,3963.0,50,3971.0,91,3962.0,172
1597988301699131904,1597988301433000192,2020-08-21 13:38:21.433000,3967.0,3980.0,3940.0,3940.0,nan,3963.142153,123163,4881124770.0,366028,3967.0,40,3966.0,111,3968.0,859,3965.0,90,3969.0,127,3964.0,43,3970.0,65,3963.0,50,3971.0,91,3962.0,172
1597988302146988032,1597988302412000000,2020-08-21 13:38:22.412000,3967.0,3980.0,3940.0,3940.0,nan,3963.142372,123170,4881402460.0,366028,3967.0,33,3966.0,111,3968.0,859,3965.0,90,3969.0,127,3964.0,43,3970.0,65,3963.0,50,3971.0,91,3962.0,172
1597988303623593984,1597988303917999872,2020-08-21 13:38:23.918000,3967.0,3980.0,3940.0,3940.0,nan,3963.14259,123178,4881719780.0,366032,3967.0,29,3966.0,107,3968.0,859,3965.0,90,3969.0,127,3964.0,43,3970.0,65,3963.0,50,3971.0,91,3962.0,172
1597988304167589888,1597988304435000064,2020-08-21 13:38:24.435000,3967.0,3980.0,3940.0,3940.0,nan,3963.142769,123185,4881997420.0,366032,3967.0,27,3966.0,102,3968.0,859,3965.0,90,3969.0,127,3964.0,43,3970.0,65,3963.0,50,3971.0,91,3962.0,172
1597988304638510080,1597988304928999936,2020-08-21 13:38:24.929000,3967.0,3980.0,3940.0,3940.0,nan,3963.142769,123185,4881997420.0,366032,3967.0,27,3966.0,103,3968.0,859,3965.0,89,3969.0,127,3964.0,43,3970.0,65,3963.0,50,3971.0,91,3962.0,172
1597988305116461056,1597988305433000192,2020-08-21 13:38:25.433000,3967.0,3980.0,3940.0,3940.0,nan,3963.142769,123185,4881997420.0,366032,3967.0,27,3966.0,103,3968.0,459,3965.0,89,3969.0,127,3964.0,43,3970.0,65,3963.0,50,3971.0,91,3962.0,172
1597988305623852032,1597988305936999936,2020-08-21 13:38:25.937000,3967.0,3980.0,3940.0,3940.0,nan,3963.145116,123260,4884972670.0,366008,3968.0,459,3966.0,103,3969.0,127,3965.0,89,3970.0,65,3964.0,43,3971.0,91,3963.0,50,3972.0,132,3962.0,172
1597988306151867904,1597988306417999872,2020-08-21 13:38:26.418000,3967.0,3980.0,3940.0,3940.0,nan,3963.145147,123261,4885012340.0,366008,3968.0,469,3967.0,8,3969.0,127,3966.0,123,3970.0,65,3965.0,89,3971.0,91,3964.0,43,3972.0,132,3963.0,50
1597988306618775040,1597988306932000000,2020-08-21 13:38:26.932000,3967.0,3980.0,3940.0,3940.0,nan,3963.145147,123261,4885012340.0,366008,3968.0,453,3967.0,18,3969.0,127,3966.0,119,3970.0,65,3965.0,89,3971.0,87,3964.0,43,3972.0,132,3963.0,50
1597988307116876032,1597988307413000192,2020-08-21 13:38:27.413000,3967.0,3980.0,3940.0,3940.0,nan,3963.145147,123261,4885012340.0,366008,3968.0,453,3967.0,47,3969.0,127,3966.0,122,3970.0,65,3965.0,89,3971.0,87,3964.0,43,3972.0,132,3963.0,50
1597988307626255872,1597988307923000064,2020-08-21 13:38:27.923000,3967.0,3980.0,3940.0,3940.0,nan,3963.145147,123261,4885012340.0,366008,3968.0,7,3967.0,77,3969.0,123,3966.0,122,3970.0,65,3965.0,89,3971.0,87,3964.0,43,3972.0,132,3963.0,50
1597988308126082048,1597988308432000000,2020-08-21 13:38:28.432000,3968.0,3980.0,3940.0,3940.0,nan,3963.145462,123269,4885329780.0,366004,3969.0,123,3968.0,121,3970.0,65,3967.0,85,3971.0,87,3966.0,127,3972.0,132,3965.0,89,3973.0,70,3964.0,43
1597988308636280064,1597988308936999936,2020-08-21 13:38:28.937000,3968.0,3980.0,3940.0,3940.0,nan,3963.145541,123271,4885409140.0,366004,3969.0,79,3968.0,124,3970.0,61,3967.0,89,3971.0,87,3966.0,124,3972.0,136,3965.0,89,3973.0,70,3964.0,43
1597988309162159104,1597988309437999872,2020-08-21 13:38:29.438000,3968.0,3980.0,3940.0,3940.0,nan,3963.14562,123273,4885488500.0,366003,3969.0,79,3968.0,137,3970.0,61,3967.0,92,3971.0,86,3966.0,112,3972.0,136,3965.0,89,3973.0,70,3964.0,43
1597988309711776000,1597988309937999872,2020-08-21 13:38:29.938000,3968.0,3980.0,3940.0,3940.0,nan,3963.14562,123273,4885488500.0,366003,3969.0,79,3968.0,137,3970.0,61,3967.0,92,3971.0,86,3966.0,106,3972.0,136,3965.0,89,3973.0,70,3964.0,43
1597988310214790912,1597988310433000192,2020-08-21 13:38:30.433000,3968.0,3980.0,3940.0,3940.0,nan,3963.145659,123274,4885528180.0,366003,3969.0,79,3968.0,136,3970.0,61,3967.0,92,3971.0,86,3966.0,106,3972.0,136,3965.0,89,3973.0,70,3964.0,43
1597988310623011072,1597988310916000000,2020-08-21 13:38:30.916000,3968.0,3980.0,3940.0,3940.0,nan,3963.145659,123274,4885528180.0,366003,3969.0,79,3968.0,139,3970.0,61,3967.0,92,3971.0,86,3966.0,106,3972.0,136,3965.0,89,3973.0,70,3964.0,43
1597988311115980032,1597988311407000064,2020-08-21 13:38:31.407000,3968.0,3980.0,3940.0,3940.0,nan,3963.145659,123274,4885528180.0,366003,3969.0,79,3968.0,142,3970.0,61,3967.0,92,3971.0,86,3966.0,106,3972.0,136,3965.0,89,3973.0,70,3964.0,43
1597988311610588928,1597988311936000000,2020-08-21 13:38:31.936000,3968.0,3980.0,3940.0,3940.0,nan,3963.145659,123274,4885528180.0,366003,3969.0,79,3968.0,148,3970.0,65,3967.0,92,3971.0,86,3966.0,106,3972.0,136,3965.0,89,3973.0,70,3964.0,43
1597988312149222912,1597988312436999936,2020-08-21 13:38:32.437000,3968.0,3980.0,3940.0,3940.0,nan,3963.145659,123274,4885528180.0,366003,3969.0,79,3968.0,166,3970.0,65,3967.0,92,3971.0,86,3966.0,106,3972.0,136,3965.0,89,3973.0,70,3964.0,43
1597988312630938112,1597988312916999936,2020-08-21 13:38:32.917000,3968.0,3980.0,3940.0,3940.0,nan,3963.145659,123274,4885528180.0,366003,3969.0,79,3968.0,169,3970.0,65,3967.0,92,3971.0,86,3966.0,106,3972.0,136,3965.0,89,3973.0,70,3964.0,43
1597988314140375040,1597988314420999936,2020-08-21 13:38:34.421000,3968.0,3980.0,3940.0,3940.0,nan,3963.145659,123274,4885528180.0,366003,3969.0,79,3968.0,172,3970.0,66,3967.0,92,3971.0,86,3966.0,106,3972.0,136,3965.0,89,3973.0,70,3964.0,43
1597988315163267072,1597988315403000064,2020-08-21 13:38:35.403000,3968.0,3980.0,3940.0,3940.0,nan,3963.145659,123274,4885528180.0,366003,3969.0,81,3968.0,173,3970.0,66,3967.0,92,3971.0,86,3966.0,106,3972.0,136,3965.0,89,3973.0,70,3964.0,43
1597988315709324032,1597988315878000128,2020-08-21 13:38:35.878000,3968.0,3980.0,3940.0,3940.0,nan,3963.145659,123274,4885528180.0,366003,3969.0,80,3968.0,173,3970.0,66,3967.0,92,3971.0,87,3966.0,106,3972.0,136,3965.0,89,3973.0,70,3964.0,43
1597988316145636096,1597988316420000000,2020-08-21 13:38:36.420000,3968.0,3980.0,3940.0,3940.0,nan,3963.145659,123274,4885528180.0,366003,3969.0,80,3968.0,173,3970.0,66,3967.0,92,3971.0,87,3966.0,100,3972.0,136,3965.0,89,3973.0,70,3964.0,43
1597988316622802944,1597988316920999936,2020-08-21 13:38:36.921000,3968.0,3980.0,3940.0,3940.0,nan,3963.145659,123274,4885528180.0,366003,3969.0,80,3968.0,173,3970.0,66,3967.0,86,3971.0,87,3966.0,100,3972.0,136,3965.0,89,3973.0,70,3964.0,43
1597988317146561024,1597988317431000064,2020-08-21 13:38:37.431000,3968.0,3980.0,3940.0,3940.0,nan,3963.145659,123274,4885528180.0,366003,3969.0,81,3968.0,191,3970.0,66,3967.0,86,3971.0,87,3966.0,100,3972.0,136,3965.0,89,3973.0,70,3964.0,43
1597988317645157888,1597988317900999936,2020-08-21 13:38:37.901000,3969.0,3980.0,3940.0,3940.0,nan,3963.145707,123275,4885567870.0,366003,3969.0,80,3968.0,191,3970.0,68,3967.0,82,3971.0,87,3966.0,100,3972.0,136,3965.0,89,3973.0,70,3964.0,43
1597988318186998016,1597988318716000000,2020-08-21 13:38:38.716000,3969.0,3980.0,3940.0,3940.0,nan,3963.147604,123323,4887472520.0,366017,3969.0,79,3968.0,150,3970.0,68,3967.0,82,3971.0,87,3966.0,100,3972.0,136,3965.0,89,3973.0,70,3964.0,43
1597988318615654912,1597988318931000064,2020-08-21 13:38:38.931000,3969.0,3980.0,3940.0,3940.0,nan,3963.147604,123323,4887472520.0,366017,3969.0,79,3968.0,150,3970.0,66,3967.0,82,3971.0,87,3966.0,100,3972.0,136,3965.0,89,3973.0,70,3964.0,43
1597988319628278016,1597988319927000064,2020-08-21 13:38:39.927000,3968.0,3980.0,3940.0,3940.0,nan,3963.147801,123328,4887670920.0,366012,3969.0,79,3968.0,145,3970.0,66,3967.0,82,3971.0,87,3966.0,100,3972.0,136,3965.0,89,3973.0,70,3964.0,43
1597988320140382976,1597988320428999936,2020-08-21 13:38:40.429000,3969.0,3980.0,3940.0,3940.0,nan,3963.147943,123331,4887789990.0,366015,3969.0,76,3968.0,145,3970.0,66,3967.0,82,3971.0,87,3966.0,100,3972.0,136,3965.0,89,3973.0,70,3964.0,43
1597988321138617088,1597988321436999936,2020-08-21 13:38:41.437000,3968.0,3980.0,3940.0,3940.0,nan,3963.148573,123347,4888424870.0,366001,3969.0,76,3968.0,129,3970.0,66,3967.0,82,3971.0,87,3966.0,100,3972.0,136,3965.0,89,3973.0,70,3964.0,43
1597988321625233920,1597988321938999808,2020-08-21 13:38:41.939000,3969.0,3980.0,3940.0,3940.0,nan,3963.148659,123349,4888504240.0,366002,3969.0,75,3968.0,128,3970.0,66,3967.0,82,3971.0,87,3966.0,100,3972.0,136,3965.0,89,3973.0,70,3964.0,43
1597988322610008064,1597988322928999936,2020-08-21 13:38:42.929000,3969.0,3980.0,3940.0,3940.0,nan,3963.148659,123349,4888504240.0,366002,3969.0,78,3968.0,128,3970.0,66,3967.0,82,3971.0,87,3966.0,100,3972.0,136,3965.0,89,3973.0,70,3964.0,43
1597988323140279040,1597988323428999936,2020-08-21 13:38:43.429000,3968.0,3980.0,3940.0,3940.0,nan,3963.148699,123350,4888543920.0,366002,3969.0,78,3968.0,127,3970.0,66,3967.0,82,3971.0,87,3966.0,99,3972.0,136,3965.0,89,3973.0,70,3964.0,43
1597988323627543040,1597988323924999936,2020-08-21 13:38:43.925000,3968.0,3980.0,3940.0,3940.0,nan,3963.148856,123354,4888702640.0,366002,3969.0,78,3968.0,123,3970.0,66,3967.0,83,3971.0,87,3966.0,99,3972.0,136,3965.0,89,3973.0,70,3964.0,43
1597988324140003072,1597988324424999936,2020-08-21 13:38:44.425000,3968.0,3980.0,3940.0,3940.0,nan,3963.148895,123355,4888742320.0,366002,3969.0,78,3968.0,122,3970.0,66,3967.0,83,3971.0,87,3966.0,99,3972.0,136,3965.0,89,3973.0,70,3964.0,43
1597988325143652096,1597988325424000000,2020-08-21 13:38:45.424000,3968.0,3980.0,3940.0,3940.0,nan,3963.148895,123355,4888742320.0,366002,3969.0,78,3968.0,125,3970.0,66,3967.0,83,3971.0,87,3966.0,99,3972.0,136,3965.0,89,3973.0,70,3964.0,43
1597988325682842112,1597988326224000000,2020-08-21 13:38:46.224000,3968.0,3980.0,3940.0,3940.0,nan,3963.148935,123356,4888782000.0,366002,3969.0,78,3968.0,124,3970.0,66,3967.0,83,3971.0,87,3966.0,99,3972.0,136,3965.0,89,3973.0,70,3964.0,43
1597988326742746880,1597988326921999872,2020-08-21 13:38:46.922000,3968.0,3980.0,3940.0,3940.0,nan,3963.148935,123356,4888782000.0,366002,3969.0,78,3968.0,124,3970.0,66,3967.0,83,3971.0,87,3966.0,99,3972.0,136,3965.0,90,3973.0,70,3964.0,43
1597988327306999040,1597988327434000128,2020-08-21 13:38:47.434000,3968.0,3980.0,3940.0,3940.0,nan,3963.148974,123357,4888821680.0,366002,3969.0,78,3968.0,123,3970.0,66,3967.0,83,3971.0,87,3966.0,101,3972.0,136,3965.0,90,3973.0,70,3964.0,43
1597988327638701056,1597988327936999936,2020-08-21 13:38:47.937000,3968.0,3980.0,3940.0,3940.0,nan,3963.148974,123357,4888821680.0,366002,3969.0,78,3968.0,123,3970.0,66,3967.0,84,3971.0,87,3966.0,101,3972.0,136,3965.0,90,3973.0,70,3964.0,43
1597988328685888000,1597988328881999872,2020-08-21 13:38:48.882000,3969.0,3980.0,3940.0,3940.0,nan,3963.14929,123364,4889099490.0,366004,3969.0,73,3968.0,121,3970.0,65,3967.0,84,3971.0,87,3966.0,101,3972.0,136,3965.0,90,3973.0,70,3964.0,43
1597988329171749888,1597988329400000000,2020-08-21 13:38:49.400000,3968.0,3980.0,3940.0,3940.0,nan,3963.149763,123375,4889536020.0,366005,3969.0,68,3968.0,115,3970.0,65,3967.0,84,3971.0,87,3966.0,101,3972.0,136,3965.0,90,3973.0,70,3964.0,43
1597988329642075904,1597988329930000128,2020-08-21 13:38:49.930000,3968.0,3980.0,3940.0,3940.0,nan,3963.149763,123375,4889536020.0,366005,3969.0,68,3968.0,116,3970.0,64,3967.0,84,3971.0,87,3966.0,101,3972.0,137,3965.0,90,3973.0,70,3964.0,43
1597988330653373952,1597988330931000064,2020-08-21 13:38:50.931000,3969.0,3980.0,3940.0,3940.0,nan,3963.15,123380,4889734470.0,366005,3969.0,69,3968.0,116,3970.0,64,3967.0,84,3971.0,87,3966.0,101,3972.0,137,3965.0,90,3973.0,70,3964.0,43
1597988331135588096,1597988331408000000,2020-08-21 13:38:51.408000,3968.0,3980.0,3940.0,3940.0,nan,3963.150236,123386,4889972550.0,366005,3969.0,69,3968.0,110,3970.0,64,3967.0,84,3971.0,87,3966.0,101,3972.0,137,3965.0,90,3973.0,70,3964.0,43
1597988331648197120,1597988331923000064,2020-08-21 13:38:51.923000,3968.0,3980.0,3940.0,3940.0,nan,3963.150432,123391,4890170950.0,366005,3969.0,71,3968.0,105,3970.0,64,3967.0,83,3971.0,87,3966.0,102,3972.0,137,3965.0,90,3973.0,70,3964.0,43
1597988332192058880,1597988332427000064,2020-08-21 13:38:52.427000,3968.0,3980.0,3940.0,3940.0,nan,3963.150432,123391,4890170950.0,366005,3969.0,71,3968.0,106,3970.0,64,3967.0,83,3971.0,87,3966.0,102,3972.0,137,3965.0,90,3973.0,70,3964.0,43
1597988332699641088,1597988332932000000,2020-08-21 13:38:52.932000,3969.0,3980.0,3940.0,3940.0,nan,3963.150709,123397,4890409080.0,366005,3969.0,68,3968.0,105,3970.0,64,3967.0,83,3971.0,87,3966.0,102,3972.0,137,3965.0,90,3973.0,70,3964.0,43
1597988333163565056,1597988333436000000,2020-08-21 13:38:53.436000,3969.0,3980.0,3940.0,3940.0,nan,3963.150946,123402,4890607530.0,366005,3969.0,63,3968.0,105,3970.0,64,3967.0,83,3971.0,87,3966.0,102,3972.0,137,3965.0,90,3973.0,70,3964.0,43
1597988334633649920,1597988334927000064,2020-08-21 13:38:54.927000,3968.0,3980.0,3940.0,3940.0,nan,3963.15115,123407,4890805940.0,366004,3969.0,62,3968.0,101,3970.0,64,3967.0,83,3971.0,87,3966.0,102,3972.0,137,3965.0,90,3973.0,70,3964.0,43
1597988335142872064,1597988335376000000,2020-08-21 13:38:55.376000,3968.0,3980.0,3940.0,3940.0,nan,3963.155076,123507,4894773940.0,366042,3969.0,95,3968.0,1,3970.0,64,3967.0,83,3971.0,87,3966.0,102,3972.0,137,3965.0,90,3973.0,70,3964.0,43
1597988335680914944,1597988335924999936,2020-08-21 13:38:55.925000,3968.0,3980.0,3940.0,3940.0,nan,3963.155194,123510,4894892980.0,366040,3968.0,5,3967.0,83,3969.0,96,3966.0,102,3970.0,64,3965.0,90,3971.0,87,3964.0,43,3972.0,137,3963.0,44
1597988336197292032,1597988336403000064,2020-08-21 13:38:56.403000,3968.0,3980.0,3940.0,3940.0,nan,3963.155194,123510,4894892980.0,366040,3968.0,1,3967.0,73,3969.0,95,3966.0,96,3970.0,64,3965.0,90,3971.0,87,3964.0,43,3972.0,137,3963.0,44
1597988336616523008,1597988336936999936,2020-08-21 13:38:56.937000,3968.0,3980.0,3940.0,3940.0,nan,3963.155194,123510,4894892980.0,366040,3968.0,5,3967.0,73,3969.0,95,3966.0,102,3970.0,66,3965.0,90,3971.0,87,3964.0,43,3972.0,137,3963.0,44
1597988337172528128,1597988337416999936,2020-08-21 13:38:57.417000,3968.0,3980.0,3940.0,3940.0,nan,3963.15539,123515,4895091380.0,366040,3969.0,95,3967.0,73,3970.0,66,3966.0,102,3971.0,87,3965.0,90,3972.0,137,3964.0,43,3973.0,70,3963.0,44
1597988337653996032,1597988338216999936,2020-08-21 13:38:58.217000,3968.0,3980.0,3940.0,3940.0,nan,3963.15539,123515,4895091380.0,366040,3968.0,1,3967.0,83,3969.0,104,3966.0,102,3970.0,66,3965.0,90,3971.0,87,3964.0,43,3972.0,137,3963.0,44
1597988338140908032,1597988338428000000,2020-08-21 13:38:58.428000,3968.0,3980.0,3940.0,3940.0,nan,3963.15539,123515,4895091380.0,366040,3968.0,1,3967.0,73,3969.0,105,3966.0,102,3970.0,66,3965.0,90,3971.0,87,3964.0,43,3972.0,137,3963.0,44
1597988338624860928,1597988338928999936,2020-08-21 13:38:58.929000,3968.0,3980.0,3940.0,3940.0,nan,3963.15539,123515,4895091380.0,366040,3968.0,1,3967.0,73,3969.0,106,3966.0,102,3970.0,66,3965.0,90,3971.0,87,3964.0,43,3972.0,137,3963.0,44
1597988339631864064,1597988339934000128,2020-08-21 13:38:59.934000,3968.0,3980.0,3940.0,3940.0,nan,3963.15539,123515,4895091380.0,366040,3968.0,4,3967.0,73,3969.0,106,3966.0,102,3970.0,66,3965.0,90,3971.0,87,3964.0,43,3972.0,137,3963.0,44
1597988340152748032,1597988340432000000,2020-08-21 13:39:00.432000,3968.0,3980.0,3940.0,3940.0,nan,3963.15539,123515,4895091380.0,366040,3968.0,4,3967.0,73,3969.0,110,3966.0,102,3970.0,66,3965.0,90,3971.0,87,3964.0,43,3972.0,137,3963.0,44
1597988340666424064,1597988340924000000,2020-08-21 13:39:00.924000,3968.0,3980.0,3940.0,3940.0,nan,3963.15539,123515,4895091380.0,366040,3968.0,8,3967.0,73,3969.0,110,3966.0,102,3970.0,66,3965.0,90,3971.0,87,3964.0,43,3972.0,137,3963.0,44
1597988341128493056,1597988341415000064,2020-08-21 13:39:01.415000,3968.0,3980.0,3940.0,3940.0,nan,3963.15539,123515,4895091380.0,366040,3968.0,8,3967.0,73,3969.0,109,3966.0,102,3970.0,66,3965.0,90,3971.0,87,3964.0,43,3972.0,137,3963.0,44
1597988341651515904,1597988341936999936,2020-08-21 13:39:01.937000,3968.0,3980.0,3940.0,3940.0,nan,3963.15539,123515,4895091380.0,366040,3968.0,8,3967.0,73,3969.0,108,3966.0,102,3970.0,65,3965.0,90,3971.0,88,3964.0,43,3972.0,137,3963.0,44
1597988342165735936,1597988342688000000,2020-08-21 13:39:02.688000,3968.0,3980.0,3940.0,3940.0,nan,3963.15539,123515,4895091380.0,366040,3968.0,9,3967.0,73,3969.0,108,3966.0,102,3970.0,65,3965.0,90,3971.0,88,3964.0,43,3972.0,137,3963.0,44
1597988343165172992,1597988343668999936,2020-08-21 13:39:03.669000,3968.0,3980.0,3940.0,3940.0,nan,3963.15539,123515,4895091380.0,366040,3968.0,14,3967.0,73,3969.0,108,3966.0,102,3970.0,65,3965.0,90,3971.0,88,3964.0,43,3972.0,137,3963.0,44
1597988345634468096,1597988345923000064,2020-08-21 13:39:05.923000,3968.0,3980.0,3940.0,3940.0,nan,3963.15539,123515,4895091380.0,366040,3968.0,14,3967.0,83,3969.0,108,3966.0,102,3970.0,65,3965.0,90,3971.0,88,3964.0,43,3972.0,137,3963.0,44
1597988346642669056,1597988346920000000,2020-08-21 13:39:06.920000,3967.0,3980.0,3940.0,3940.0,nan,3963.155421,123516,4895131050.0,366039,3968.0,14,3967.0,82,3969.0,108,3966.0,102,3970.0,64,3965.0,90,3971.0,88,3964.0,41,3972.0,137,3963.0,44
1597988347198137088,1597988347420999936,2020-08-21 13:39:07.421000,3968.0,3980.0,3940.0,3940.0,nan,3963.155696,123523,4895408810.0,366037,3968.0,7,3967.0,82,3969.0,108,3966.0,102,3970.0,64,3965.0,90,3971.0,88,3964.0,41,3972.0,137,3963.0,44
1597988347634619904,1597988347923000064,2020-08-21 13:39:07.923000,3967.0,3980.0,3940.0,3940.0,nan,3963.155851,123528,4895607160.0,366032,3968.0,7,3967.0,77,3969.0,108,3966.0,102,3970.0,59,3965.0,90,3971.0,88,3964.0,41,3972.0,137,3963.0,44
1597988348167844096,1597988348430000128,2020-08-21 13:39:08.430000,3967.0,3980.0,3940.0,3940.0,nan,3963.156007,123533,4895805510.0,366027,3968.0,14,3967.0,72,3969.0,108,3966.0,102,3970.0,59,3965.0,90,3971.0,88,3964.0,41,3972.0,137,3963.0,44
1597988348633520128,1597988348932000000,2020-08-21 13:39:08.932000,3967.0,3980.0,3940.0,3940.0,nan,3963.156007,123533,4895805510.0,366027,3968.0,19,3967.0,72,3969.0,108,3966.0,102,3970.0,59,3965.0,90,3971.0,88,3964.0,41,3972.0,137,3963.0,44
1597988349182010880,1597988349437999872,2020-08-21 13:39:09.438000,3967.0,3980.0,3940.0,3940.0,nan,3963.156007,123533,4895805510.0,366027,3968.0,17,3967.0,72,3969.0,108,3966.0,102,3970.0,59,3965.0,90,3971.0,88,3964.0,41,3972.0,137,3963.0,44
1597988349603268096,1597988349898000128,2020-08-21 13:39:09.898000,3967.0,3980.0,3940.0,3940.0,nan,3963.156007,123533,4895805510.0,366027,3968.0,17,3967.0,80,3969.0,108,3966.0,102,3970.0,59,3965.0,90,3971.0,88,3964.0,41,3972.0,137,3963.0,44
1597988350667269120,1597988350888000000,2020-08-21 13:39:10.888000,3967.0,3980.0,3940.0,3940.0,nan,3963.156007,123533,4895805510.0,366027,3968.0,17,3967.0,80,3969.0,107,3966.0,102,3970.0,59,3965.0,90,3971.0,88,3964.0,41,3972.0,137,3963.0,44
1597988351169602048,1597988351423000064,2020-08-21 13:39:11.423000,3967.0,3980.0,3940.0,3940.0,nan,3963.156007,123533,4895805510.0,366027,3968.0,17,3967.0,70,3969.0,107,3966.0,102,3970.0,59,3965.0,90,3971.0,88,3964.0,41,3972.0,137,3963.0,44
1597988351736965120,1597988351935000064,2020-08-21 13:39:11.935000,3967.0,3980.0,3940.0,3940.0,nan,3963.156007,123533,4895805510.0,366027,3968.0,17,3967.0,72,3969.0,107,3966.0,102,3970.0,59,3965.0,88,3971.0,88,3964.0,41,3972.0,137,3963.0,44
1597988352159160064,1597988352436999936,2020-08-21 13:39:12.437000,3967.0,3980.0,3940.0,3940.0,nan,3963.156007,123533,4895805510.0,366027,3968.0,18,3967.0,72,3969.0,107,3966.0,102,3970.0,59,3965.0,88,3971.0,88,3964.0,41,3972.0,137,3963.0,44
1597988352690341888,1597988352927000064,2020-08-21 13:39:12.927000,3967.0,3980.0,3940.0,3940.0,nan,3963.156007,123533,4895805510.0,366027,3968.0,18,3967.0,72,3969.0,82,3966.0,102,3970.0,59,3965.0,88,3971.0,88,3964.0,41,3972.0,137,3963.0,44
1597988353160493056,1597988353404999936,2020-08-21 13:39:13.405000,3967.0,3980.0,3940.0,3940.0,nan,3963.156194,123539,4896043530.0,366025,3968.0,18,3967.0,66,3969.0,82,3966.0,102,3970.0,59,3965.0,88,3971.0,88,3964.0,41,3972.0,137,3963.0,44
1597988353620190976,1597988353924999936,2020-08-21 13:39:13.925000,3967.0,3980.0,3940.0,3940.0,nan,3963.156349,123544,4896241880.0,366021,3968.0,26,3967.0,55,3969.0,75,3966.0,96,3970.0,59,3965.0,88,3971.0,88,3964.0,41,3972.0,137,3963.0,44
1597988354146452992,1597988354382999808,2020-08-21 13:39:14.383000,3967.0,3980.0,3940.0,3940.0,nan,3963.156349,123544,4896241880.0,366021,3968.0,32,3967.0,34,3969.0,75,3966.0,96,3970.0,59,3965.0,90,3971.0,88,3964.0,41,3972.0,137,3963.0,44
1597988354628809984,1597988354903000064,2020-08-21 13:39:14.903000,3967.0,3980.0,3940.0,3940.0,nan,3963.15638,123545,4896281550.0,366021,3968.0,42,3967.0,25,3969.0,75,3966.0,96,3970.0,59,3965.0,90,3971.0,88,3964.0,41,3972.0,137,3963.0,44
1597988355136094976,1597988355434000128,2020-08-21 13:39:15.434000,3967.0,3980.0,3940.0,3940.0,nan,3963.15638,123545,4896281550.0,366021,3968.0,42,3967.0,17,3969.0,75,3966.0,96,3970.0,59,3965.0,90,3971.0,88,3964.0,41,3972.0,137,3963.0,44
1597988355618330880,1597988355934000128,2020-08-21 13:39:15.934000,3967.0,3980.0,3940.0,3940.0,nan,3963.15638,123545,4896281550.0,366021,3968.0,63,3967.0,17,3969.0,75,3966.0,96,3970.0,59,3965.0,90,3971.0,88,3964.0,41,3972.0,137,3963.0,44
1597988356126544896,1597988356436000000,2020-08-21 13:39:16.436000,3967.0,3980.0,3940.0,3940.0,nan,3963.156536,123550,4896479900.0,366021,3968.0,63,3967.0,11,3969.0,75,3966.0,96,3970.0,59,3965.0,90,3971.0,88,3964.0,41,3972.0,137,3963.0,44
1597988356613593088,1597988356924999936,2020-08-21 13:39:16.925000,3967.0,3980.0,3940.0,3940.0,nan,3963.156691,123555,4896678250.0,366026,3968.0,63,3967.0,8,3969.0,75,3966.0,100,3970.0,59,3965.0,90,3971.0,88,3964.0,41,3972.0,137,3963.0,44
1597988358147191040,1597988358344000000,2020-08-21 13:39:18.344000,3967.0,3980.0,3940.0,3940.0,nan,3963.156691,123555,4896678250.0,366026,3968.0,66,3967.0,8,3969.0,75,3966.0,100,3970.0,59,3965.0,90,3971.0,88,3964.0,41,3972.0,137,3963.0,44
1597988358620301056,1597988358920000000,2020-08-21 13:39:18.920000,3968.0,3980.0,3940.0,3940.0,nan,3963.156887,123560,4896876650.0,366022,3968.0,61,3967.0,8,3969.0,75,3966.0,100,3970.0,59,3965.0,90,3971.0,88,3964.0,41,3972.0,137,3963.0,44
1597988359126182912,1597988359424999936,2020-08-21 13:39:19.425000,3968.0,3980.0,3940.0,3940.0,nan,3963.157083,123565,4897075050.0,366017,3968.0,56,3967.0,8,3969.0,75,3966.0,101,3970.0,59,3965.0,90,3971.0,88,3964.0,41,3972.0,137,3963.0,44
1597988359622691072,1597988359923000064,2020-08-21 13:39:19.923000,3968.0,3980.0,3940.0,3940.0,nan,3963.157083,123565,4897075050.0,366017,3968.0,69,3967.0,14,3969.0,75,3966.0,101,3970.0,59,3965.0,90,3971.0,88,3964.0,41,3972.0,137,3963.0,44
1597988360620124928,1597988360845999872,2020-08-21 13:39:20.846000,3968.0,3980.0,3940.0,3940.0,nan,3963.157083,123565,4897075050.0,366017,3968.0,94,3967.0,14,3969.0,75,3966.0,101,3970.0,59,3965.0,90,3971.0,88,3964.0,41,3972.0,137,3963.0,44
1597988361133112064,1597988361430000128,2020-08-21 13:39:21.430000,3968.0,3980.0,3940.0,3940.0,nan,3963.157083,123565,4897075050.0,366017,3968.0,94,3967.0,14,3969.0,78,3966.0,101,3970.0,59,3965.0,100,3971.0,88,3964.0,41,3972.0,137,3963.0,44
1597988361616826112,1597988361904000000,2020-08-21 13:39:21.904000,3968.0,3980.0,3940.0,3940.0,nan,3963.157083,123565,4897075050.0,366017,3968.0,92,3967.0,14,3969.0,78,3966.0,101,3970.0,59,3965.0,100,3971.0,89,3964.0,41,3972.0,137,3963.0,44
1597988363630012928,1597988363923000064,2020-08-21 13:39:23.923000,3968.0,3980.0,3940.0,3940.0,nan,3963.157083,123565,4897075050.0,366017,3968.0,93,3967.0,14,3969.0,78,3966.0,101,3970.0,59,3965.0,100,3971.0,89,3964.0,41,3972.0,137,3963.0,44
1597988364143596032,1597988364416000000,2020-08-21 13:39:24.416000,3968.0,3980.0,3940.0,3940.0,nan,3963.157123,123566,4897114730.0,366017,3968.0,92,3967.0,14,3969.0,78,3966.0,101,3970.0,59,3965.0,100,3971.0,89,3964.0,41,3972.0,137,3963.0,44
1597988364618776064,1597988364924999936,2020-08-21 13:39:24.925000,3967.0,3980.0,3940.0,3940.0,nan,3963.157558,123580,4897670110.0,366016,3967.0,86,3966.0,101,3968.0,96,3965.0,100,3969.0,78,3964.0,41,3970.0,59,3963.0,44,3971.0,89,3962.0,172
1597988365118812928,1597988365427000064,2020-08-21 13:39:25.427000,3967.0,3980.0,3940.0,3940.0,nan,3963.157558,123580,4897670110.0,366016,3967.0,87,3966.0,89,3968.0,97,3965.0,94,3969.0,78,3964.0,41,3970.0,59,3963.0,44,3971.0,89,3962.0,172
1597988365617769984,1597988365927000064,2020-08-21 13:39:25.927000,3967.0,3980.0,3940.0,3940.0,nan,3963.157558,123580,4897670110.0,366016,3967.0,91,3966.0,89,3968.0,97,3965.0,98,3969.0,78,3964.0,41,3970.0,59,3963.0,50,3971.0,89,3962.0,172
1597988367633971968,1597988367901999872,2020-08-21 13:39:27.902000,3967.0,3980.0,3940.0,3940.0,nan,3963.157558,123580,4897670110.0,366016,3967.0,92,3966.0,89,3968.0,97,3965.0,98,3969.0,78,3964.0,41,3970.0,59,3963.0,50,3971.0,89,3962.0,172
1597988368126158080,1597988368420999936,2020-08-21 13:39:28.421000,3967.0,3980.0,3940.0,3940.0,nan,3963.157558,123580,4897670110.0,366016,3967.0,92,3966.0,89,3968.0,97,3965.0,97,3969.0,78,3964.0,41,3970.0,59,3963.0,50,3971.0,89,3962.0,172
1597988369143036928,1597988369394000128,2020-08-21 13:39:29.394000,3967.0,3980.0,3940.0,3940.0,nan,3963.157558,123580,4897670110.0,366016,3967.0,93,3966.0,89,3968.0,97,3965.0,97,3969.0,78,3964.0,41,3970.0,59,3963.0,50,3971.0,89,3962.0,172
1597988369609486080,1597988369829999872,2020-08-21 13:39:29.830000,3967.0,3980.0,3940.0,3940.0,nan,3963.157558,123580,4897670110.0,366016,3967.0,93,3966.0,89,3968.0,101,3965.0,97,3969.0,78,3964.0,41,3970.0,59,3963.0,50,3971.0,89,3962.0,172
1597988370164882944,1597988370428999936,2020-08-21 13:39:30.429000,3967.0,3980.0,3940.0,3940.0,nan,3963.157558,123580,4897670110.0,366016,3967.0,93,3966.0,89,3968.0,102,3965.0,97,3969.0,78,3964.0,41,3970.0,59,3963.0,50,3971.0,89,3962.0,172
1597988370643040000,1597988370926000128,2020-08-21 13:39:30.926000,3967.0,3980.0,3940.0,3940.0,nan,3963.157558,123580,4897670110.0,366016,3967.0,93,3966.0,89,3968.0,107,3965.0,97,3969.0,78,3964.0,41,3970.0,59,3963.0,50,3971.0,89,3962.0,172
1597988371135586048,1597988371364000000,2020-08-21 13:39:31.364000,3967.0,3980.0,3940.0,3940.0,nan,3963.157558,123580,4897670110.0,366016,3967.0,93,3966.0,89,3968.0,107,3965.0,97,3969.0,80,3964.0,41,3970.0,59,3963.0,50,3971.0,89,3962.0,172
1597988371666864896,1597988371914000128,2020-08-21 13:39:31.914000,3967.0,3980.0,3940.0,3940.0,nan,3963.157869,123590,4898066810.0,366016,3967.0,83,3966.0,95,3968.0,107,3965.0,97,3969.0,80,3964.0,41,3970.0,59,3963.0,50,3971.0,89,3962.0,172
1597988372618539008,1597988372927000064,2020-08-21 13:39:32.927000,3967.0,3980.0,3940.0,3940.0,nan,3963.157869,123590,4898066810.0,366016,3967.0,83,3966.0,95,3968.0,107,3965.0,97,3969.0,80,3964.0,41,3970.0,59,3963.0,50,3971.0,88,3962.0,172
1597988373166011904,1597988373426000128,2020-08-21 13:39:33.426000,3967.0,3980.0,3940.0,3940.0,nan,3963.157869,123590,4898066810.0,366016,3967.0,93,3966.0,95,3968.0,107,3965.0,97,3969.0,86,3964.0,41,3970.0,59,3963.0,50,3971.0,88,3962.0,172
1597988373613818112,1597988373934000128,2020-08-21 13:39:33.934000,3967.0,3980.0,3940.0,3940.0,nan,3963.157869,123590,4898066810.0,366016,3967.0,93,3966.0,92,3968.0,107,3965.0,97,3969.0,86,3964.0,41,3970.0,59,3963.0,50,3971.0,88,3962.0,172
1597988374113975040,1597988374433000192,2020-08-21 13:39:34.433000,3967.0,3980.0,3940.0,3940.0,nan,3963.157869,123590,4898066810.0,366016,3967.0,93,3966.0,90,3968.0,107,3965.0,97,3969.0,86,3964.0,41,3970.0,59,3963.0,50,3971.0,88,3962.0,172
1597988374680274944,1597988374936999936,2020-08-21 13:39:34.937000,3967.0,3980.0,3940.0,3940.0,nan,3963.157869,123590,4898066810.0,366016,3967.0,93,3966.0,90,3968.0,107,3965.0,97,3969.0,89,3964.0,41,3970.0,59,3963.0,50,3971.0,88,3962.0,172
1597988375130979072,1597988375430000128,2020-08-21 13:39:35.430000,3966.0,3980.0,3940.0,3940.0,nan,3963.15996,123681,4901675870.0,365998,3967.0,95,3966.0,2,3968.0,107,3965.0,97,3969.0,92,3964.0,41,3970.0,59,3963.0,50,3971.0,88,3962.0,172
1597988375623832064,1597988375897000192,2020-08-21 13:39:35.897000,3966.0,3980.0,3940.0,3940.0,nan,3963.160052,123685,4901834510.0,365998,3966.0,7,3965.0,93,3967.0,95,3964.0,41,3968.0,110,3963.0,50,3969.0,89,3962.0,172,3970.0,59,3961.0,273
1597988376131105024,1597988376411000064,2020-08-21 13:39:36.411000,3966.0,3980.0,3940.0,3940.0,nan,3963.160327,123697,4902310430.0,365987,3966.0,2,3965.0,83,3967.0,95,3964.0,35,3968.0,113,3963.0,50,3969.0,89,3962.0,178,3970.0,59,3961.0,36
1597988376649543936,1597988377236999936,2020-08-21 13:39:37.237000,3966.0,3980.0,3940.0,3940.0,nan,3963.160327,123697,4902310430.0,365987,3966.0,3,3965.0,83,3967.0,95,3964.0,35,3968.0,113,3963.0,50,3969.0,89,3962.0,180,3970.0,59,3961.0,36
1597988377107410944,1597988377420999936,2020-08-21 13:39:37.421000,3966.0,3980.0,3940.0,3940.0,nan,3963.160327,123697,4902310430.0,365987,3966.0,3,3965.0,84,3967.0,95,3964.0,35,3968.0,118,3963.0,50,3969.0,89,3962.0,180,3970.0,59,3961.0,36
1597988377639593984,1597988377936000000,2020-08-21 13:39:37.936000,3966.0,3980.0,3940.0,3940.0,nan,3963.160327,123697,4902310430.0,365987,3966.0,3,3965.0,85,3967.0,95,3964.0,35,3968.0,118,3963.0,50,3969.0,86,3962.0,180,3970.0,59,3961.0,36
1597988378160488960,1597988378437999872,2020-08-21 13:39:38.438000,3966.0,3980.0,3940.0,3940.0,nan,3963.160327,123697,4902310430.0,365987,3966.0,3,3965.0,85,3967.0,95,3964.0,39,3968.0,118,3963.0,50,3969.0,88,3962.0,180,3970.0,59,3961.0,36
1597988378615671040,1597988378920999936,2020-08-21 13:39:38.921000,3966.0,3980.0,3940.0,3940.0,nan,3963.160327,123697,4902310430.0,365987,3966.0,3,3965.0,85,3967.0,99,3964.0,39,3968.0,118,3963.0,50,3969.0,88,3962.0,180,3970.0,59,3961.0,36
1597988379138967040,1597988379394000128,2020-08-21 13:39:39.394000,3966.0,3980.0,3940.0,3940.0,nan,3963.160327,123697,4902310430.0,365987,3966.0,3,3965.0,86,3967.0,99,3964.0,39,3968.0,118,3963.0,50,3969.0,88,3962.0,180,3970.0,59,3961.0,36
1597988379619700992,1597988379928000000,2020-08-21 13:39:39.928000,3966.0,3980.0,3940.0,3940.0,nan,3963.160327,123697,4902310430.0,365987,3966.0,3,3965.0,86,3967.0,95,3964.0,39,3968.0,118,3963.0,50,3969.0,88,3962.0,180,3970.0,59,3961.0,36
1597988380146811904,1597988380382999808,2020-08-21 13:39:40.383000,3966.0,3980.0,3940.0,3940.0,nan,3963.160373,123699,4902389750.0,365987,3966.0,1,3965.0,86,3967.0,95,3964.0,39,3968.0,118,3963.0,50,3969.0,88,3962.0,180,3970.0,59,3961.0,36
1597988380631994880,1597988380934000128,2020-08-21 13:39:40.934000,3966.0,3980.0,3940.0,3940.0,nan,3963.160373,123699,4902389750.0,365987,3966.0,1,3965.0,86,3967.0,99,3964.0,39,3968.0,118,3963.0,50,3969.0,88,3962.0,180,3970.0,59,3961.0,36
1597988381619463936,1597988381904999936,2020-08-21 13:39:41.905000,3965.0,3980.0,3940.0,3940.0,nan,3963.160388,123700,4902429400.0,365987,3966.0,1,3965.0,85,3967.0,99,3964.0,39,3968.0,118,3963.0,50,3969.0,88,3962.0,180,3970.0,60,3961.0,36
1597988382152254976,1597988382435000064,2020-08-21 13:39:42.435000,3965.0,3980.0,3940.0,3940.0,nan,3963.160403,123701,4902469050.0,365987,3966.0,1,3965.0,84,3967.0,102,3964.0,39,3968.0,115,3963.0,50,3969.0,88,3962.0,180,3970.0,60,3961.0,36
1597988382626234112,1597988382921999872,2020-08-21 13:39:42.922000,3965.0,3980.0,3940.0,3940.0,nan,3963.160403,123701,4902469050.0,365987,3966.0,1,3965.0,84,3967.0,103,3964.0,39,3968.0,115,3963.0,50,3969.0,81,3962.0,180,3970.0,60,3961.0,36
1597988384143549952,1597988384434000128,2020-08-21 13:39:44.434000,3965.0,3980.0,3940.0,3940.0,nan,3963.160403,123701,4902469050.0,365987,3966.0,2,3965.0,84,3967.0,103,3964.0,39,3968.0,115,3963.0,50,3969.0,81,3962.0,180,3970.0,60,3961.0,36
1597988384617250048,1597988384924000000,2020-08-21 13:39:44.924000,3965.0,3980.0,3940.0,3940.0,nan,3963.160403,123701,4902469050.0,365987,3966.0,2,3965.0,84,3967.0,103,3964.0,39,3968.0,115,3963.0,51,3969.0,81,3962.0,180,3970.0,60,3961.0,36
1597988385140026880,1597988385400999936,2020-08-21 13:39:45.401000,3965.0,3980.0,3940.0,3940.0,nan,3963.160403,123701,4902469050.0,365987,3966.0,2,3965.0,86,3967.0,103,3964.0,39,3968.0,115,3963.0,51,3969.0,81,3962.0,180,3970.0,60,3961.0,36
1597988386132667904,1597988386428999936,2020-08-21 13:39:46.429000,3966.0,3980.0,3940.0,3940.0,nan,3963.160449,123703,4902548370.0,365989,3967.0,103,3966.0,3,3968.0,115,3965.0,86,3969.0,81,3964.0,39,3970.0,60,3963.0,51,3971.0,84,3962.0,180
1597988386615907072,1597988386927000064,2020-08-21 13:39:46.927000,3966.0,3980.0,3940.0,3940.0,nan,3963.160449,123703,4902548370.0,365989,3967.0,96,3966.0,10,3968.0,115,3965.0,86,3969.0,78,3964.0,39,3970.0,60,3963.0,51,3971.0,83,3962.0,180
1597988387155069952,1597988387426000128,2020-08-21 13:39:47.426000,3966.0,3980.0,3940.0,3940.0,nan,3963.160449,123703,4902548370.0,365989,3967.0,96,3966.0,15,3968.0,115,3965.0,86,3969.0,78,3964.0,39,3970.0,60,3963.0,51,3971.0,83,3962.0,180
1597988388154819072,1597988388436999936,2020-08-21 13:39:48.437000,3967.0,3980.0,3940.0,3940.0,nan,3963.160604,123708,4902746720.0,365989,3967.0,91,3966.0,15,3968.0,115,3965.0,86,3969.0,78,3964.0,39,3970.0,60,3963.0,51,3971.0,83,3962.0,180
1597988388629256960,1597988388936000000,2020-08-21 13:39:48.936000,3967.0,3980.0,3940.0,3940.0,nan,3963.160604,123708,4902746720.0,365989,3967.0,94,3966.0,15,3968.0,115,3965.0,86,3969.0,77,3964.0,39,3970.0,60,3963.0,51,3971.0,83,3962.0,180
1597988389120558080,1597988389374000128,2020-08-21 13:39:49.374000,3966.0,3980.0,3940.0,3940.0,nan,3963.160627,123709,4902786380.0,365990,3967.0,94,3966.0,39,3968.0,115,3965.0,86,3969.0,77,3964.0,39,3970.0,60,3963.0,51,3971.0,83,3962.0,180
1597988389615380992,1597988389934000128,2020-08-21 13:39:49.934000,3966.0,3980.0,3940.0,3940.0,nan,3963.160627,123709,4902786380.0,365990,3967.0,95,3966.0,44,3968.0,115,3965.0,86,3969.0,77,3964.0,39,3970.0,60,3963.0,51,3971.0,83,3962.0,180
1597988390177555968,1597988390432000000,2020-08-21 13:39:50.432000,3967.0,3980.0,3940.0,3940.0,nan,3963.160782,123714,4902984730.0,365990,3967.0,90,3966.0,44,3968.0,115,3965.0,90,3969.0,77,3964.0,39,3970.0,60,3963.0,51,3971.0,83,3962.0,180
1597988390635004928,1597988390937999872,2020-08-21 13:39:50.938000,3967.0,3980.0,3940.0,3940.0,nan,3963.160782,123714,4902984730.0,365990,3967.0,90,3966.0,68,3968.0,115,3965.0,90,3969.0,77,3964.0,39,3970.0,60,3963.0,51,3971.0,83,3962.0,180
1597988392114330880,1597988392435000064,2020-08-21 13:39:52.435000,3967.0,3980.0,3940.0,3940.0,nan,3963.160937,123719,4903183080.0,365990,3967.0,85,3966.0,68,3968.0,115,3965.0,90,3969.0,77,3964.0,39,3970.0,60,3963.0,51,3971.0,82,3962.0,180
1597988392610850048,1597988392937999872,2020-08-21 13:39:52.938000,3966.0,3980.0,3940.0,3940.0,nan,3963.16096,123720,4903222740.0,365990,3967.0,85,3966.0,67,3968.0,115,3965.0,90,3969.0,74,3964.0,39,3970.0,60,3963.0,51,3971.0,82,3962.0,180
1597988393161722880,1597988393668999936,2020-08-21 13:39:53.669000,3966.0,3980.0,3940.0,3940.0,nan,3963.161006,123722,4903302060.0,365989,3967.0,88,3966.0,41,3968.0,115,3965.0,90,3969.0,74,3964.0,40,3970.0,60,3963.0,51,3971.0,82,3962.0,180
1597988393611915008,1597988393904999936,2020-08-21 13:39:53.905000,3966.0,3980.0,3940.0,3940.0,nan,3963.161006,123722,4903302060.0,365989,3967.0,88,3966.0,23,3968.0,115,3965.0,90,3969.0,74,3964.0,40,3970.0,60,3963.0,51,3971.0,82,3962.0,180
1597988394115400960,1597988394424999936,2020-08-21 13:39:54.425000,3966.0,3980.0,3940.0,3940.0,nan,3963.161006,123722,4903302060.0,365989,3967.0,89,3966.0,12,3968.0,115,3965.0,90,3969.0,74,3964.0,40,3970.0,60,3963.0,51,3971.0,82,3962.0,180
1597988394625700096,1597988394903000064,2020-08-21 13:39:54.903000,3967.0,3980.0,3940.0,3940.0,nan,3963.161161,123727,4903500410.0,365989,3967.0,84,3966.0,12,3968.0,115,3965.0,90,3969.0,74,3964.0,40,3970.0,60,3963.0,51,3971.0,82,3962.0,180
1597988395629767936,1597988395937999872,2020-08-21 13:39:55.938000,3967.0,3980.0,3940.0,3940.0,nan,3963.161161,123727,4903500410.0,365989,3967.0,85,3966.0,19,3968.0,108,3965.0,90,3969.0,74,3964.0,40,3970.0,60,3963.0,51,3971.0,82,3962.0,180
1597988396164248064,1597988396436000000,2020-08-21 13:39:56.436000,3967.0,3980.0,3940.0,3940.0,nan,3963.161161,123727,4903500410.0,365989,3967.0,85,3966.0,19,3968.0,108,3965.0,83,3969.0,74,3964.0,40,3970.0,60,3963.0,51,3971.0,82,3962.0,180
1597988397177856000,1597988397437999872,2020-08-21 13:39:57.438000,3967.0,3980.0,3940.0,3940.0,nan,3963.161161,123727,4903500410.0,365989,3967.0,84,3966.0,19,3968.0,108,3965.0,83,3969.0,74,3964.0,40,3970.0,60,3963.0,51,3971.0,82,3962.0,180
1597988397656622080,1597988397901999872,2020-08-21 13:39:57.902000,3967.0,3980.0,3940.0,3940.0,nan,3963.161161,123727,4903500410.0,365989,3967.0,84,3966.0,19,3968.0,108,3965.0,81,3969.0,74,3964.0,40,3970.0,60,3963.0,51,3971.0,82,3962.0,180
1597988400152218880,1597988400420999936,2020-08-21 13:40:00.421000,3967.0,3980.0,3940.0,3940.0,nan,3963.161192,123728,4903540080.0,365989,3967.0,83,3966.0,19,3968.0,108,3965.0,81,3969.0,74,3964.0,40,3970.0,60,3963.0,51,3971.0,82,3962.0,180
1597988400638742016,1597988400937999872,2020-08-21 13:40:00.938000,3967.0,3980.0,3940.0,3940.0,nan,3963.161285,123731,4903659090.0,365989,3967.0,86,3966.0,19,3968.0,108,3965.0,81,3969.0,74,3964.0,40,3970.0,60,3963.0,51,3971.0,82,3962.0,180
1597988401110952960,1597988401428999936,2020-08-21 13:40:01.429000,3967.0,3980.0,3940.0,3940.0,nan,3963.161285,123731,4903659090.0,365989,3967.0,86,3966.0,32,3968.0,108,3965.0,81,3969.0,74,3964.0,40,3970.0,60,3963.0,51,3971.0,83,3962.0,180
1597988401613492992,1597988401930000128,2020-08-21 13:40:01.930000,3967.0,3980.0,3940.0,3940.0,nan,3963.161285,123731,4903659090.0,365989,3967.0,82,3966.0,60,3968.0,108,3965.0,81,3969.0,74,3964.0,40,3970.0,61,3963.0,51,3971.0,82,3962.0,180
1597988402161756928,1597988402413000192,2020-08-21 13:40:02.413000,3967.0,3980.0,3940.0,3940.0,nan,3963.161285,123731,4903659090.0,365989,3967.0,82,3966.0,70,3968.0,108,3965.0,81,3969.0,74,3964.0,40,3970.0,61,3963.0,51,3971.0,82,3962.0,180
1597988402617176064,1597988402918999808,2020-08-21 13:40:02.919000,3967.0,3980.0,3940.0,3940.0,nan,3963.161285,123731,4903659090.0,365989,3967.0,82,3966.0,76,3968.0,109,3965.0,81,3969.0,74,3964.0,40,3970.0,61,3963.0,51,3971.0,82,3962.0,180
1597988403650959872,1597988403924000000,2020-08-21 13:40:03.924000,3966.0,3980.0,3940.0,3940.0,nan,3963.161859,123756,4904650590.0,365972,3967.0,82,3966.0,51,3968.0,109,3965.0,81,3969.0,74,3964.0,40,3970.0,61,3963.0,51,3971.0,82,3962.0,180
1597988404169938944,1597988404694999808,2020-08-21 13:40:04.695000,3966.0,3980.0,3940.0,3940.0,nan,3963.161996,123762,4904888550.0,365966,3967.0,82,3966.0,24,3968.0,109,3965.0,81,3969.0,74,3964.0,40,3970.0,61,3963.0,51,3971.0,82,3962.0,180
1597988404653754880,1597988404903000064,2020-08-21 13:40:04.903000,3966.0,3980.0,3940.0,3940.0,nan,3963.161996,123762,4904888550.0,365966,3967.0,83,3966.0,9,3968.0,109,3965.0,81,3969.0,74,3964.0,40,3970.0,61,3963.0,51,3971.0,82,3962.0,180
1597988405166873088,1597988405420000000,2020-08-21 13:40:05.420000,3966.0,3980.0,3940.0,3940.0,nan,3963.161996,123762,4904888550.0,365966,3967.0,83,3966.0,15,3968.0,109,3965.0,81,3969.0,74,3964.0,40,3970.0,61,3963.0,51,3971.0,82,3962.0,180
1597988405634574080,1597988405897000192,2020-08-21 13:40:05.897000,3966.0,3980.0,3940.0,3940.0,nan,3963.161996,123762,4904888550.0,365966,3967.0,83,3966.0,21,3968.0,109,3965.0,81,3969.0,74,3964.0,40,3970.0,60,3963.0,51,3971.0,82,3962.0,180
1597988406158451968,1597988406427000064,2020-08-21 13:40:06.427000,3966.0,3980.0,3940.0,3940.0,nan,3963.161996,123762,4904888550.0,365966,3967.0,104,3966.0,21,3968.0,109,3965.0,81,3969.0,74,3964.0,40,3970.0,60,3963.0,51,3971.0,82,3962.0,180
1597988406623852032,1597988406927000064,2020-08-21 13:40:06.927000,3966.0,3980.0,3940.0,3940.0,nan,3963.161996,123762,4904888550.0,365966,3967.0,104,3966.0,16,3968.0,109,3965.0,81,3969.0,74,3964.0,40,3970.0,60,3963.0,51,3971.0,82,3962.0,180
1597988407634556928,1597988407897000192,2020-08-21 13:40:07.897000,3966.0,3980.0,3940.0,3940.0,nan,3963.162065,123765,4905007530.0,365965,3967.0,104,3966.0,13,3968.0,109,3965.0,81,3969.0,74,3964.0,40,3970.0,60,3963.0,51,3971.0,82,3962.0,180
1597988408189146880,1597988408431000064,2020-08-21 13:40:08.431000,3966.0,3980.0,3940.0,3940.0,nan,3963.162065,123765,4905007530.0,365965,3967.0,104,3966.0,13,3968.0,109,3965.0,81,3969.0,72,3964.0,40,3970.0,59,3963.0,51,3971.0,82,3962.0,180
1597988408633895936,1597988408918999808,2020-08-21 13:40:08.919000,3966.0,3980.0,3940.0,3940.0,nan,3963.162065,123765,4905007530.0,365965,3967.0,104,3966.0,13,3968.0,109,3965.0,81,3969.0,72,3964.0,40,3970.0,59,3963.0,51,3971.0,77,3962.0,180
1597988409143780096,1597988409415000064,2020-08-21 13:40:09.415000,3966.0,3980.0,3940.0,3940.0,nan,3963.162088,123766,4905047190.0,365964,3967.0,104,3966.0,12,3968.0,109,3965.0,81,3969.0,72,3964.0,40,3970.0,59,3963.0,51,3971.0,77,3962.0,180
1597988409636284928,1597988409904999936,2020-08-21 13:40:09.905000,3966.0,3980.0,3940.0,3940.0,nan,3963.162088,123766,4905047190.0,365964,3967.0,106,3966.0,12,3968.0,109,3965.0,81,3969.0,72,3964.0,40,3970.0,59,3963.0,51,3971.0,77,3962.0,180
1597988410655136000,1597988410931000064,2020-08-21 13:40:10.931000,3966.0,3980.0,3940.0,3940.0,nan,3963.162203,123771,4905245490.0,365960,3967.0,113,3966.0,7,3968.0,110,3965.0,81,3969.0,72,3964.0,40,3970.0,59,3963.0,51,3971.0,77,3962.0,180
1597988411147987968,1597988411436000000,2020-08-21 13:40:11.436000,3966.0,3980.0,3940.0,3940.0,nan,3963.162409,123780,4905602430.0,365960,3966.0,3,3965.0,81,3967.0,113,3964.0,40,3968.0,113,3963.0,51,3969.0,72,3962.0,180,3970.0,59,3961.0,36
1597988411635315968,1597988411924999936,2020-08-21 13:40:11.925000,3965.0,3980.0,3940.0,3940.0,nan,3963.162424,123781,4905642080.0,365960,3966.0,21,3965.0,83,3967.0,92,3964.0,36,3968.0,113,3963.0,51,3969.0,72,3962.0,180,3970.0,59,3961.0,36
1597988412139513088,1597988412411000064,2020-08-21 13:40:12.411000,3965.0,3980.0,3940.0,3940.0,nan,3963.162439,123782,4905681730.0,365960,3966.0,21,3965.0,82,3967.0,97,3964.0,41,3968.0,116,3963.0,51,3969.0,72,3962.0,180,3970.0,59,3961.0,36
1597988413147617024,1597988413426000128,2020-08-21 13:40:13.426000,3965.0,3980.0,3940.0,3940.0,nan,3963.162439,123782,4905681730.0,365960,3966.0,37,3965.0,63,3967.0,101,3964.0,41,3968.0,116,3963.0,50,3969.0,72,3962.0,180,3970.0,59,3961.0,36
1597988413658816000,1597988413916000000,2020-08-21 13:40:13.916000,3965.0,3980.0,3940.0,3940.0,nan,3963.162439,123782,4905681730.0,365960,3966.0,58,3965.0,64,3967.0,101,3964.0,45,3968.0,116,3963.0,50,3969.0,72,3962.0,180,3970.0,59,3961.0,36
1597988414160048896,1597988414356000000,2020-08-21 13:40:14.356000,3965.0,3980.0,3940.0,3940.0,nan,3963.162513,123787,4905879980.0,365957,3966.0,58,3965.0,61,3967.0,101,3964.0,45,3968.0,116,3963.0,50,3969.0,72,3962.0,180,3970.0,59,3961.0,36
1597988414652100096,1597988414920999936,2020-08-21 13:40:14.921000,3965.0,3980.0,3940.0,3940.0,nan,3963.162513,123787,4905879980.0,365957,3966.0,61,3965.0,61,3967.0,101,3964.0,45,3968.0,116,3963.0,50,3969.0,72,3962.0,180,3970.0,59,3961.0,36
1597988415705862912,1597988415935000064,2020-08-21 13:40:15.935000,3965.0,3980.0,3940.0,3940.0,nan,3963.162513,123787,4905879980.0,365957,3966.0,61,3965.0,61,3967.0,101,3964.0,55,3968.0,116,3963.0,50,3969.0,72,3962.0,180,3970.0,59,3961.0,36
1597988416134304000,1597988416325999872,2020-08-21 13:40:16.326000,3966.0,3980.0,3940.0,3940.0,nan,3963.162582,123790,4905998960.0,365954,3966.0,58,3965.0,61,3967.0,101,3964.0,55,3968.0,116,3963.0,50,3969.0,73,3962.0,180,3970.0,59,3961.0,36
1597988416628679936,1597988416935000064,2020-08-21 13:40:16.935000,3966.0,3980.0,3940.0,3940.0,nan,3963.162582,123790,4905998960.0,365954,3966.0,53,3965.0,61,3967.0,101,3964.0,55,3968.0,116,3963.0,51,3969.0,73,3962.0,180,3970.0,59,3961.0,36
1597988419122265088,1597988419430000128,2020-08-21 13:40:19.430000,3966.0,3980.0,3940.0,3940.0,nan,3963.162582,123790,4905998960.0,365954,3966.0,54,3965.0,61,3967.0,101,3964.0,55,3968.0,116,3963.0,51,3969.0,73,3962.0,180,3970.0,59,3961.0,36
1597988420137253888,1597988420433000192,2020-08-21 13:40:20.433000,3966.0,3980.0,3940.0,3940.0,nan,3963.162582,123790,4905998960.0,365954,3966.0,55,3965.0,61,3967.0,101,3964.0,55,3968.0,115,3963.0,51,3969.0,73,3962.0,180,3970.0,59,3961.0,36
1597988421124129024,1597988421390000128,2020-08-21 13:40:21.390000,3966.0,3980.0,3940.0,3940.0,nan,3963.162582,123790,4905998960.0,365954,3966.0,53,3965.0,61,3967.0,101,3964.0,55,3968.0,115,3963.0,51,3969.0,73,3962.0,180,3970.0,59,3961.0,36
1597988421617200128,1597988421928000000,2020-08-21 13:40:21.928000,3966.0,3980.0,3940.0,3940.0,nan,3963.162582,123790,4905998960.0,365954,3966.0,44,3965.0,61,3967.0,101,3964.0,45,3968.0,115,3963.0,51,3969.0,73,3962.0,180,3970.0,59,3961.0,36
1597988422119813888,1597988422401999872,2020-08-21 13:40:22.402000,3966.0,3980.0,3940.0,3940.0,nan,3963.162582,123790,4905998960.0,365954,3966.0,39,3965.0,61,3967.0,101,3964.0,45,3968.0,115,3963.0,51,3969.0,73,3962.0,180,3970.0,59,3961.0,36
1597988422675173888,1597988422921999872,2020-08-21 13:40:22.922000,3965.0,3980.0,3940.0,3940.0,nan,3963.162597,123791,4906038610.0,365953,3966.0,39,3965.0,61,3967.0,101,3964.0,45,3968.0,115,3963.0,51,3969.0,73,3962.0,180,3970.0,59,3961.0,36
1597988423146747904,1597988423430000128,2020-08-21 13:40:23.430000,3965.0,3980.0,3940.0,3940.0,nan,3963.162597,123791,4906038610.0,365953,3966.0,39,3965.0,67,3967.0,101,3964.0,45,3968.0,115,3963.0,51,3969.0,73,3962.0,180,3970.0,59,3961.0,36
1597988423629750016,1597988423857000192,2020-08-21 13:40:23.857000,3965.0,3980.0,3940.0,3940.0,nan,3963.162597,123791,4906038610.0,365953,3966.0,27,3965.0,67,3967.0,98,3964.0,45,3968.0,115,3963.0,51,3969.0,73,3962.0,180,3970.0,59,3961.0,36
1597988424220911104,1597988424434000128,2020-08-21 13:40:24.434000,3965.0,3980.0,3940.0,3940.0,nan,3963.162671,123796,4906236860.0,365953,3966.0,30,3965.0,62,3967.0,98,3964.0,45,3968.0,115,3963.0,51,3969.0,73,3962.0,180,3970.0,59,3961.0,36
1597988425623248896,1597988425930000128,2020-08-21 13:40:25.930000,3966.0,3980.0,3940.0,3940.0,nan,3963.162785,123801,4906435160.0,365953,3966.0,25,3965.0,62,3967.0,98,3964.0,45,3968.0,115,3963.0,51,3969.0,73,3962.0,180,3970.0,59,3961.0,36
1597988426268115968,1597988426431000064,2020-08-21 13:40:26.431000,3966.0,3980.0,3940.0,3940.0,nan,3963.162808,123802,4906474820.0,365953,3966.0,24,3965.0,63,3967.0,98,3964.0,45,3968.0,115,3963.0,51,3969.0,73,3962.0,180,3970.0,59,3961.0,36
1597988426760253952,1597988426934000128,2020-08-21 13:40:26.934000,3966.0,3980.0,3940.0,3940.0,nan,3963.162808,123802,4906474820.0,365953,3966.0,24,3965.0,65,3967.0,98,3964.0,45,3968.0,115,3963.0,51,3969.0,73,3962.0,180,3970.0,59,3961.0,36
1597988427623033088,1597988427918999808,2020-08-21 13:40:27.919000,3966.0,3980.0,3940.0,3940.0,nan,3963.162923,123807,4906673120.0,365953,3966.0,19,3965.0,65,3967.0,98,3964.0,45,3968.0,115,3963.0,51,3969.0,73,3962.0,180,3970.0,59,3961.0,36
1597988428123470080,1597988428412000000,2020-08-21 13:40:28.412000,3966.0,3980.0,3940.0,3940.0,nan,3963.162923,123807,4906673120.0,365953,3966.0,13,3965.0,66,3967.0,98,3964.0,45,3968.0,115,3963.0,51,3969.0,73,3962.0,180,3970.0,59,3961.0,36
1597988429132656896,1597988429424999936,2020-08-21 13:40:29.425000,3966.0,3980.0,3940.0,3940.0,nan,3963.162923,123807,4906673120.0,365953,3966.0,16,3965.0,66,3967.0,98,3964.0,45,3968.0,114,3963.0,51,3969.0,73,3962.0,180,3970.0,59,3961.0,36
1597988429608643072,1597988429936999936,2020-08-21 13:40:29.937000,3966.0,3980.0,3940.0,3940.0,nan,3963.162923,123807,4906673120.0,365953,3966.0,16,3965.0,67,3967.0,98,3964.0,45,3968.0,114,3963.0,51,3969.0,73,3962.0,180,3970.0,59,3961.0,36
1597988430133783040,1597988430434000128,2020-08-21 13:40:30.434000,3966.0,3980.0,3940.0,3940.0,nan,3963.162923,123807,4906673120.0,365953,3966.0,16,3965.0,67,3967.0,98,3964.0,45,3968.0,114,3963.0,51,3969.0,73,3962.0,181,3970.0,89,3961.0,36
1597988430645347072,1597988430927000064,2020-08-21 13:40:30.927000,3966.0,3980.0,3940.0,3940.0,nan,3963.162923,123807,4906673120.0,365953,3966.0,17,3965.0,73,3967.0,98,3964.0,45,3968.0,114,3963.0,51,3969.0,73,3962.0,181,3970.0,89,3961.0,36
1597988431637831936,1597988431912000000,2020-08-21 13:40:31.912000,3966.0,3980.0,3940.0,3940.0,nan,3963.162961,123809,4906752430.0,365952,3966.0,16,3965.0,72,3967.0,98,3964.0,45,3968.0,114,3963.0,51,3969.0,73,3962.0,181,3970.0,89,3961.0,36
1597988433619042048,1597988433934000128,2020-08-21 13:40:33.934000,3966.0,3980.0,3940.0,3940.0,nan,3963.163075,123814,4906950730.0,365952,3966.0,11,3965.0,72,3967.0,98,3964.0,45,3968.0,114,3963.0,51,3969.0,73,3962.0,181,3970.0,89,3961.0,36
1597988434125623040,1597988434405999872,2020-08-21 13:40:34.406000,3965.0,3980.0,3940.0,3940.0,nan,3963.163149,123819,4907148980.0,365949,3966.0,11,3965.0,67,3967.0,98,3964.0,45,3968.0,114,3963.0,51,3969.0,73,3962.0,181,3970.0,89,3961.0,36
1597988434626376960,1597988434923000064,2020-08-21 13:40:34.923000,3965.0,3980.0,3940.0,3940.0,nan,3963.163149,123819,4907148980.0,365949,3966.0,11,3965.0,67,3967.0,94,3964.0,45,3968.0,114,3963.0,51,3969.0,73,3962.0,181,3970.0,89,3961.0,36
1597988435619014912,1597988435910000128,2020-08-21 13:40:35.910000,3965.0,3980.0,3940.0,3940.0,nan,3963.163298,123829,4907545480.0,365956,3966.0,11,3965.0,57,3967.0,94,3964.0,45,3968.0,114,3963.0,51,3969.0,73,3962.0,181,3970.0,89,3961.0,36
1597988436171610880,1597988436435000064,2020-08-21 13:40:36.435000,3965.0,3980.0,3940.0,3940.0,nan,3963.163298,123829,4907545480.0,365956,3966.0,11,3965.0,91,3967.0,94,3964.0,45,3968.0,114,3963.0,51,3969.0,73,3962.0,181,3970.0,89,3961.0,36
1597988437113755904,1597988437357000192,2020-08-21 13:40:37.357000,3965.0,3980.0,3940.0,3940.0,nan,3963.163632,123845,4908180000.0,365945,3967.0,94,3965.0,97,3968.0,114,3964.0,45,3969.0,73,3963.0,51,3970.0,89,3962.0,181,3971.0,77,3961.0,36
1597988437620689920,1597988437937999872,2020-08-21 13:40:37.938000,3966.0,3980.0,3940.0,3940.0,nan,3963.163746,123850,4908378300.0,365940,3967.0,99,3966.0,16,3968.0,119,3965.0,100,3969.0,73,3964.0,45,3970.0,89,3963.0,52,3971.0,77,3962.0,181
1597988438154284032,1597988438430000128,2020-08-21 13:40:38.430000,3966.0,3980.0,3940.0,3940.0,nan,3963.163861,123855,4908576600.0,365935,3967.0,89,3966.0,31,3968.0,115,3965.0,110,3969.0,73,3964.0,45,3970.0,89,3963.0,52,3971.0,77,3962.0,181
1597988438616472064,1597988438938999808,2020-08-21 13:40:38.939000,3966.0,3980.0,3940.0,3940.0,nan,3963.163861,123855,4908576600.0,365935,3967.0,89,3966.0,33,3968.0,115,3965.0,110,3969.0,73,3964.0,45,3970.0,89,3963.0,52,3971.0,77,3962.0,181
1597988439141645056,1597988439433000192,2020-08-21 13:40:39.433000,3967.0,3980.0,3940.0,3940.0,nan,3963.163892,123856,4908616270.0,365935,3967.0,88,3966.0,37,3968.0,115,3965.0,110,3969.0,73,3964.0,45,3970.0,89,3963.0,52,3971.0,77,3962.0,181
1597988439626608128,1597988439926000128,2020-08-21 13:40:39.926000,3967.0,3980.0,3940.0,3940.0,nan,3963.163923,123857,4908655940.0,365934,3967.0,87,3966.0,45,3968.0,119,3965.0,104,3969.0,73,3964.0,45,3970.0,89,3963.0,52,3971.0,77,3962.0,181
1597988440128706048,1597988440408000000,2020-08-21 13:40:40.408000,3967.0,3980.0,3940.0,3940.0,nan,3963.163923,123857,4908655940.0,365934,3967.0,87,3966.0,45,3968.0,124,3965.0,104,3969.0,73,3964.0,45,3970.0,89,3963.0,52,3971.0,77,3962.0,181
1597988440639977984,1597988440938999808,2020-08-21 13:40:40.939000,3967.0,3980.0,3940.0,3940.0,nan,3963.163954,123858,4908695610.0,365934,3967.0,86,3966.0,45,3968.0,124,3965.0,104,3969.0,73,3964.0,45,3970.0,89,3963.0,52,3971.0,77,3962.0,181
1597988442633724928,1597988442924000000,2020-08-21 13:40:42.924000,3967.0,3980.0,3940.0,3940.0,nan,3963.163954,123858,4908695610.0,365934,3967.0,86,3966.0,51,3968.0,124,3965.0,104,3969.0,74,3964.0,45,3970.0,89,3963.0,52,3971.0,77,3962.0,181
1597988443117950976,1597988443434000128,2020-08-21 13:40:43.434000,3967.0,3980.0,3940.0,3940.0,nan,3963.163954,123858,4908695610.0,365934,3967.0,85,3966.0,42,3968.0,124,3965.0,104,3969.0,74,3964.0,45,3970.0,89,3963.0,52,3971.0,77,3962.0,181
1597988443644544000,1597988443938999808,2020-08-21 13:40:43.939000,3967.0,3980.0,3940.0,3940.0,nan,3963.163954,123858,4908695610.0,365934,3967.0,85,3966.0,39,3968.0,124,3965.0,104,3969.0,74,3964.0,45,3970.0,89,3963.0,52,3971.0,77,3962.0,181
1597988444161487872,1597988444435000064,2020-08-21 13:40:44.435000,3966.0,3980.0,3940.0,3940.0,nan,3963.164068,123863,4908893910.0,365929,3967.0,85,3966.0,34,3968.0,124,3965.0,104,3969.0,74,3964.0,45,3970.0,89,3963.0,52,3971.0,77,3962.0,181
1597988444655465984,1597988444905999872,2020-08-21 13:40:44.906000,3966.0,3980.0,3940.0,3940.0,nan,3963.164068,123863,4908893910.0,365929,3967.0,85,3966.0,21,3968.0,124,3965.0,104,3969.0,74,3964.0,45,3970.0,89,3963.0,52,3971.0,77,3962.0,181
1597988449120474880,1597988449431000064,2020-08-21 13:40:49.431000,3966.0,3980.0,3940.0,3940.0,nan,3963.164091,123864,4908933570.0,365929,3967.0,85,3966.0,20,3968.0,124,3965.0,104,3969.0,74,3964.0,45,3970.0,89,3963.0,52,3971.0,77,3962.0,181
1597988449619120896,1597988449894000128,2020-08-21 13:40:49.894000,3966.0,3980.0,3940.0,3940.0,nan,3963.164091,123864,4908933570.0,365929,3967.0,85,3966.0,21,3968.0,124,3965.0,104,3969.0,74,3964.0,45,3970.0,89,3963.0,52,3971.0,77,3962.0,181
1597988451615822080,1597988451933000192,2020-08-21 13:40:51.933000,3966.0,3980.0,3940.0,3940.0,nan,3963.164091,123864,4908933570.0,365929,3967.0,84,3966.0,21,3968.0,124,3965.0,104,3969.0,74,3964.0,45,3970.0,89,3963.0,52,3971.0,77,3962.0,181
1597988452127252992,1597988452424999936,2020-08-21 13:40:52.425000,3966.0,3980.0,3940.0,3940.0,nan,3963.164091,123864,4908933570.0,365929,3967.0,84,3966.0,18,3968.0,124,3965.0,104,3969.0,74,3964.0,45,3970.0,89,3963.0,52,3971.0,77,3962.0,181
1597988453621648896,1597988453932000000,2020-08-21 13:40:53.932000,3967.0,3980.0,3940.0,3940.0,nan,3963.164292,123871,4909211240.0,365928,3967.0,79,3966.0,16,3968.0,124,3965.0,104,3969.0,74,3964.0,45,3970.0,89,3963.0,52,3971.0,77,3962.0,181
1597988454127398912,1597988454428000000,2020-08-21 13:40:54.428000,3966.0,3980.0,3940.0,3940.0,nan,3963.164406,123876,4909409540.0,365928,3967.0,79,3966.0,14,3968.0,124,3965.0,104,3969.0,74,3964.0,45,3970.0,89,3963.0,52,3971.0,77,3962.0,181
1597988455616195072,1597988455936999936,2020-08-21 13:40:55.937000,3966.0,3980.0,3940.0,3940.0,nan,3963.164406,123876,4909409540.0,365928,3967.0,72,3966.0,14,3968.0,124,3965.0,104,3969.0,74,3964.0,45,3970.0,89,3963.0,52,3971.0,77,3962.0,181
1597988456158774016,1597988456432000000,2020-08-21 13:40:56.432000,3967.0,3980.0,3940.0,3940.0,nan,3963.164676,123886,4909806190.0,365923,3967.0,67,3966.0,9,3968.0,124,3965.0,104,3969.0,74,3964.0,45,3970.0,89,3963.0,52,3971.0,77,3962.0,181
1597988456620805888,1597988456905999872,2020-08-21 13:40:56.906000,3966.0,3980.0,3940.0,3940.0,nan,3963.16479,123891,4910004490.0,365921,3967.0,67,3966.0,4,3968.0,124,3965.0,104,3969.0,74,3964.0,45,3970.0,89,3963.0,52,3971.0,77,3962.0,181
1597988457125609984,1597988457434000128,2020-08-21 13:40:57.434000,3966.0,3980.0,3940.0,3940.0,nan,3963.164882,123895,4910163130.0,365920,3966.0,1,3965.0,104,3967.0,67,3964.0,45,3968.0,124,3963.0,52,3969.0,74,3962.0,181,3970.0,89,3961.0,36
1597988457605736960,1597988457931000064,2020-08-21 13:40:57.931000,3966.0,3980.0,3940.0,3940.0,nan,3963.164882,123895,4910163130.0,365920,3967.0,67,3965.0,94,3968.0,124,3964.0,41,3969.0,74,3963.0,52,3970.0,89,3962.0,181,3971.0,77,3961.0,36
1597988458115290112,1597988458434000128,2020-08-21 13:40:58.434000,3967.0,3980.0,3940.0,3940.0,nan,3963.165036,123900,4910361480.0,365920,3967.0,72,3965.0,108,3968.0,124,3964.0,41,3969.0,74,3963.0,52,3970.0,89,3962.0,181,3971.0,77,3961.0,36
1597988459621285120,1597988459904000000,2020-08-21 13:40:59.904000,3967.0,3980.0,3940.0,3940.0,nan,3963.165036,123900,4910361480.0,365920,3967.0,72,3965.0,104,3968.0,124,3964.0,41,3969.0,74,3963.0,52,3970.0,89,3962.0,181,3971.0,77,3961.0,36
1597988460146202112,1597988460424999936,2020-08-21 13:41:00.425000,3967.0,3980.0,3940.0,3940.0,nan,3963.165036,123900,4910361480.0,365920,3967.0,77,3966.0,1,3968.0,126,3965.0,104,3969.0,74,3964.0,45,3970.0,89,3963.0,52,3971.0,77,3962.0,181
1597988460612555008,1597988460937999872,2020-08-21 13:41:00.938000,3966.0,3980.0,3940.0,3940.0,nan,3963.165336,123911,4910797800.0,365915,3966.0,2,3965.0,104,3967.0,61,3964.0,45,3968.0,126,3963.0,52,3969.0,74,3962.0,181,3970.0,89,3961.0,36
1597988461114989056,1597988461427000064,2020-08-21 13:41:01.427000,3966.0,3980.0,3940.0,3940.0,nan,3963.165336,123911,4910797800.0,365915,3966.0,2,3965.0,94,3967.0,61,3964.0,45,3968.0,126,3963.0,52,3969.0,74,3962.0,181,3970.0,89,3961.0,36
1597988461626889984,1597988461891000064,2020-08-21 13:41:01.891000,3966.0,3980.0,3940.0,3940.0,nan,3963.165336,123911,4910797800.0,365915,3966.0,2,3965.0,94,3967.0,61,3964.0,45,3968.0,126,3963.0,52,3969.0,74,3962.0,181,3970.0,88,3961.0,36
1597988462172555008,1597988462420999936,2020-08-21 13:41:02.421000,3966.0,3980.0,3940.0,3940.0,nan,3963.165336,123911,4910797800.0,365915,3966.0,2,3965.0,94,3967.0,61,3964.0,45,3968.0,126,3963.0,52,3969.0,75,3962.0,181,3970.0,88,3961.0,36
1597988462631713024,1597988462911000064,2020-08-21 13:41:02.911000,3966.0,3980.0,3940.0,3940.0,nan,3963.165336,123911,4910797800.0,365915,3966.0,2,3965.0,97,3967.0,61,3964.0,45,3968.0,126,3963.0,52,3969.0,75,3962.0,181,3970.0,88,3961.0,36
1597988463130695936,1597988463430000128,2020-08-21 13:41:03.430000,3966.0,3980.0,3940.0,3940.0,nan,3963.165359,123912,4910837460.0,365914,3966.0,1,3965.0,97,3967.0,61,3964.0,45,3968.0,126,3963.0,52,3969.0,75,3962.0,181,3970.0,88,3961.0,36
1597988463613161984,1597988463935000064,2020-08-21 13:41:03.935000,3966.0,3980.0,3940.0,3940.0,nan,3963.165359,123912,4910837460.0,365914,3966.0,1,3965.0,97,3967.0,67,3964.0,45,3968.0,126,3963.0,52,3969.0,75,3962.0,181,3970.0,88,3961.0,36
1597988464142742016,1597988464432000000,2020-08-21 13:41:04.432000,3965.0,3980.0,3940.0,3940.0,nan,3963.165433,123917,4911035710.0,365913,3966.0,1,3965.0,99,3967.0,67,3964.0,45,3968.0,126,3963.0,52,3969.0,74,3962.0,181,3970.0,88,3961.0,36
1597988464624701952,1597988464926000128,2020-08-21 13:41:04.926000,3965.0,3980.0,3940.0,3940.0,nan,3963.165433,123917,4911035710.0,365913,3966.0,1,3965.0,95,3967.0,67,3964.0,45,3968.0,126,3963.0,52,3969.0,75,3962.0,181,3970.0,88,3961.0,36
1597988465152572928,1597988465426000128,2020-08-21 13:41:05.426000,3965.0,3980.0,3940.0,3940.0,nan,3963.165433,123917,4911035710.0,365913,3966.0,3,3965.0,95,3967.0,67,3964.0,45,3968.0,126,3963.0,52,3969.0,75,3962.0,181,3970.0,88,3961.0,36
1597988465612549120,1597988465921999872,2020-08-21 13:41:05.922000,3965.0,3980.0,3940.0,3940.0,nan,3963.165433,123917,4911035710.0,365913,3966.0,3,3965.0,96,3967.0,67,3964.0,45,3968.0,126,3963.0,52,3969.0,75,3962.0,181,3970.0,88,3961.0,36
1597988466621520896,1597988466938999808,2020-08-21 13:41:06.939000,3965.0,3980.0,3940.0,3940.0,nan,3963.165433,123917,4911035710.0,365913,3966.0,3,3965.0,96,3967.0,68,3964.0,45,3968.0,126,3963.0,52,3969.0,75,3962.0,181,3970.0,88,3961.0,36
1597988467145078016,1597988467667000064,2020-08-21 13:41:07.667000,3965.0,3980.0,3940.0,3940.0,nan,3963.165433,123917,4911035710.0,365913,3966.0,3,3965.0,96,3967.0,68,3964.0,45,3968.0,126,3963.0,56,3969.0,75,3962.0,181,3970.0,88,3961.0,36
1597988468155568128,1597988468428000000,2020-08-21 13:41:08.428000,3965.0,3980.0,3940.0,3940.0,nan,3963.165433,123917,4911035710.0,365913,3966.0,3,3965.0,96,3967.0,68,3964.0,45,3968.0,121,3963.0,56,3969.0,75,3962.0,181,3970.0,88,3961.0,36
1597988468626103040,1597988468913000192,2020-08-21 13:41:08.913000,3965.0,3980.0,3940.0,3940.0,nan,3963.165448,123918,4911075360.0,365914,3966.0,3,3965.0,95,3967.0,68,3964.0,45,3968.0,121,3963.0,56,3969.0,75,3962.0,181,3970.0,88,3961.0,36
1597988469152429056,1597988469435000064,2020-08-21 13:41:09.435000,3965.0,3980.0,3940.0,3940.0,nan,3963.165448,123918,4911075360.0,365914,3966.0,8,3965.0,95,3967.0,68,3964.0,45,3968.0,121,3963.0,56,3969.0,75,3962.0,181,3970.0,88,3961.0,36
1597988469620588032,1597988469934000128,2020-08-21 13:41:09.934000,3965.0,3980.0,3940.0,3940.0,nan,3963.165448,123918,4911075360.0,365914,3966.0,7,3965.0,95,3967.0,73,3964.0,45,3968.0,121,3963.0,56,3969.0,75,3962.0,181,3970.0,88,3961.0,36
1597988470633739008,1597988470926000128,2020-08-21 13:41:10.926000,3965.0,3980.0,3940.0,3940.0,nan,3963.165448,123918,4911075360.0,365914,3966.0,13,3965.0,105,3967.0,73,3964.0,45,3968.0,121,3963.0,57,3969.0,75,3962.0,181,3970.0,88,3961.0,36
1597988471621925120,1597988471927000064,2020-08-21 13:41:11.927000,3965.0,3980.0,3940.0,3940.0,nan,3963.165478,123920,4911154660.0,365914,3966.0,13,3965.0,103,3967.0,73,3964.0,45,3968.0,121,3963.0,57,3969.0,75,3962.0,181,3970.0,88,3961.0,36
1597988472124719104,1597988472436999936,2020-08-21 13:41:12.437000,3965.0,3980.0,3940.0,3940.0,nan,3963.165478,123920,4911154660.0,365914,3966.0,18,3965.0,100,3967.0,73,3964.0,41,3968.0,121,3963.0,57,3969.0,75,3962.0,181,3970.0,88,3961.0,36
1597988472617459968,1597988472932000000,2020-08-21 13:41:12.932000,3965.0,3980.0,3940.0,3940.0,nan,3963.165478,123920,4911154660.0,365914,3966.0,18,3965.0,66,3967.0,73,3964.0,41,3968.0,121,3963.0,57,3969.0,75,3962.0,181,3970.0,88,3961.0,36
1597988473122686976,1597988473436000000,2020-08-21 13:41:13.436000,3965.0,3980.0,3940.0,3940.0,nan,3963.165478,123920,4911154660.0,365914,3966.0,24,3965.0,65,3967.0,73,3964.0,41,3968.0,121,3963.0,57,3969.0,75,3962.0,181,3970.0,88,3961.0,36
1597988473621765888,1597988473928999936,2020-08-21 13:41:13.929000,3965.0,3980.0,3940.0,3940.0,nan,3963.165478,123920,4911154660.0,365914,3966.0,24,3965.0,63,3967.0,73,3964.0,45,3968.0,121,3963.0,57,3969.0,75,3962.0,181,3970.0,88,3961.0,36
1597988474151614976,1597988474404000000,2020-08-21 13:41:14.404000,3965.0,3980.0,3940.0,3940.0,nan,3963.165581,123927,4911432210.0,365915,3966.0,45,3965.0,56,3967.0,73,3964.0,45,3968.0,121,3963.0,57,3969.0,75,3962.0,181,3970.0,88,3961.0,36
1597988474618913024,1597988474933000192,2020-08-21 13:41:14.933000,3965.0,3980.0,3940.0,3940.0,nan,3963.165581,123927,4911432210.0,365915,3966.0,58,3965.0,42,3967.0,73,3964.0,45,3968.0,121,3963.0,57,3969.0,75,3962.0,181,3970.0,88,3961.0,36
1597988475135726080,1597988475437999872,2020-08-21 13:41:15.438000,3966.0,3980.0,3940.0,3940.0,nan,3963.165604,123928,4911471870.0,365915,3966.0,57,3965.0,42,3967.0,73,3964.0,45,3968.0,121,3963.0,57,3969.0,75,3962.0,181,3970.0,88,3961.0,36
1597988478162231040,1597988478432000000,2020-08-21 13:41:18.432000,3966.0,3980.0,3940.0,3940.0,nan,3963.165604,123928,4911471870.0,365915,3966.0,44,3965.0,42,3967.0,73,3964.0,45,3968.0,121,3963.0,57,3969.0,75,3962.0,181,3970.0,88,3961.0,36
1597988478672840960,1597988479240999936,2020-08-21 13:41:19.241000,3966.0,3980.0,3940.0,3940.0,nan,3963.165604,123928,4911471870.0,365915,3966.0,35,3965.0,55,3967.0,73,3964.0,45,3968.0,121,3963.0,57,3969.0,75,3962.0,181,3970.0,88,3961.0,36
1597988479630735104,1597988479936000000,2020-08-21 13:41:19.936000,3966.0,3980.0,3940.0,3940.0,nan,3963.165604,123928,4911471870.0,365915,3966.0,37,3965.0,55,3967.0,71,3964.0,45,3968.0,121,3963.0,57,3969.0,75,3962.0,182,3970.0,88,3961.0,36
1597988480132494080,1597988480416999936,2020-08-21 13:41:20.417000,3966.0,3980.0,3940.0,3940.0,nan,3963.165627,123929,4911511530.0,365915,3966.0,36,3965.0,55,3967.0,71,3964.0,45,3968.0,121,3963.0,57,3969.0,75,3962.0,182,3970.0,88,3961.0,36
1597988480646345984,1597988480903000064,2020-08-21 13:41:20.903000,3966.0,3980.0,3940.0,3940.0,nan,3963.165627,123929,4911511530.0,365915,3966.0,39,3965.0,55,3967.0,71,3964.0,45,3968.0,121,3963.0,57,3969.0,75,3962.0,182,3970.0,88,3961.0,36
1597988481632414976,1597988481937999872,2020-08-21 13:41:21.938000,3966.0,3980.0,3940.0,3940.0,nan,3963.165627,123929,4911511530.0,365915,3966.0,39,3965.0,56,3967.0,71,3964.0,45,3968.0,121,3963.0,57,3969.0,75,3962.0,182,3970.0,88,3961.0,36
1597988482629356032,1597988482936000000,2020-08-21 13:41:22.936000,3966.0,3980.0,3940.0,3940.0,nan,3963.165627,123929,4911511530.0,365915,3966.0,39,3965.0,56,3967.0,72,3964.0,45,3968.0,121,3963.0,57,3969.0,75,3962.0,182,3970.0,88,3961.0,36
1597988483168060928,1597988483434000128,2020-08-21 13:41:23.434000,3966.0,3980.0,3940.0,3940.0,nan,3963.16565,123930,4911551190.0,365914,3966.0,38,3965.0,56,3967.0,72,3964.0,45,3968.0,121,3963.0,57,3969.0,75,3962.0,182,3970.0,88,3961.0,36
1597988484162842880,1597988484434000128,2020-08-21 13:41:24.434000,3965.0,3980.0,3940.0,3940.0,nan,3963.165739,123936,4911789090.0,365915,3966.0,38,3965.0,51,3967.0,72,3964.0,45,3968.0,121,3963.0,57,3969.0,75,3962.0,182,3970.0,88,3961.0,36
1597988484624915968,1597988484915000064,2020-08-21 13:41:24.915000,3965.0,3980.0,3940.0,3940.0,nan,3963.165739,123936,4911789090.0,365915,3966.0,47,3965.0,51,3967.0,72,3964.0,45,3968.0,121,3963.0,57,3969.0,75,3962.0,182,3970.0,88,3961.0,36
1597988485150072064,1597988485575000064,2020-08-21 13:41:25.575000,3965.0,3980.0,3940.0,3940.0,nan,3963.165739,123936,4911789090.0,365915,3966.0,47,3965.0,38,3967.0,72,3964.0,41,3968.0,121,3963.0,57,3969.0,75,3962.0,182,3970.0,88,3961.0,42
1597988485660542976,1597988486210000128,2020-08-21 13:41:26.210000,3965.0,3980.0,3940.0,3940.0,nan,3963.165739,123936,4911789090.0,365915,3966.0,47,3965.0,38,3967.0,72,3964.0,41,3968.0,121,3963.0,57,3969.0,75,3962.0,182,3970.0,88,3961.0,45
1597988487120288000,1597988487435000064,2020-08-21 13:41:27.435000,3966.0,3980.0,3940.0,3940.0,nan,3963.165853,123941,4911987390.0,365919,3966.0,42,3965.0,38,3967.0,72,3964.0,41,3968.0,121,3963.0,57,3969.0,75,3962.0,182,3970.0,88,3961.0,45
1597988488123853056,1597988488431000064,2020-08-21 13:41:28.431000,3966.0,3980.0,3940.0,3940.0,nan,3963.165853,123941,4911987390.0,365919,3966.0,42,3965.0,51,3967.0,72,3964.0,41,3968.0,121,3963.0,57,3969.0,75,3962.0,182,3970.0,88,3961.0,45
1597988488653434112,1597988488936999936,2020-08-21 13:41:28.937000,3966.0,3980.0,3940.0,3940.0,nan,3963.165853,123941,4911987390.0,365919,3966.0,33,3965.0,51,3967.0,72,3964.0,41,3968.0,121,3963.0,57,3969.0,75,3962.0,182,3970.0,88,3961.0,45
1597988489165895936,1597988489436000000,2020-08-21 13:41:29.436000,3966.0,3980.0,3940.0,3940.0,nan,3963.165853,123941,4911987390.0,365919,3966.0,21,3965.0,51,3967.0,72,3964.0,41,3968.0,121,3963.0,57,3969.0,75,3962.0,182,3970.0,88,3961.0,45
1597988489622632960,1597988489936999936,2020-08-21 13:41:29.937000,3966.0,3980.0,3940.0,3940.0,nan,3963.165853,123941,4911987390.0,365919,3966.0,21,3965.0,51,3967.0,72,3964.0,45,3968.0,121,3963.0,57,3969.0,75,3962.0,182,3970.0,88,3961.0,45
1597988490155653888,1597988490401999872,2020-08-21 13:41:30.402000,3966.0,3980.0,3940.0,3940.0,nan,3963.165876,123942,4912027050.0,365919,3966.0,20,3965.0,51,3967.0,72,3964.0,45,3968.0,121,3963.0,57,3969.0,75,3962.0,182,3970.0,88,3961.0,45
1597988491137291008,1597988491427000064,2020-08-21 13:41:31.427000,3965.0,3980.0,3940.0,3940.0,nan,3963.165891,123943,4912066700.0,365920,3966.0,20,3965.0,50,3967.0,72,3964.0,45,3968.0,121,3963.0,57,3969.0,75,3962.0,182,3970.0,88,3961.0,45
1597988491623353088,1597988491914000128,2020-08-21 13:41:31.914000,3965.0,3980.0,3940.0,3940.0,nan,3963.165891,123943,4912066700.0,365920,3966.0,20,3965.0,50,3967.0,72,3964.0,45,3968.0,118,3963.0,57,3969.0,75,3962.0,182,3970.0,88,3961.0,45
1597988492159728128,1597988492431000064,2020-08-21 13:41:32.431000,3966.0,3980.0,3940.0,3940.0,nan,3963.166005,123948,4912265000.0,365920,3966.0,15,3965.0,50,3967.0,72,3964.0,45,3968.0,118,3963.0,57,3969.0,75,3962.0,182,3970.0,88,3961.0,45
1597988492638635008,1597988492917999872,2020-08-21 13:41:32.918000,3966.0,3980.0,3940.0,3940.0,nan,3963.166005,123948,4912265000.0,365920,3966.0,12,3965.0,73,3967.0,72,3964.0,45,3968.0,118,3963.0,57,3969.0,75,3962.0,182,3970.0,88,3961.0,45
1597988493650098944,1597988493933000192,2020-08-21 13:41:33.933000,3966.0,3980.0,3940.0,3940.0,nan,3963.166028,123949,4912304660.0,365920,3966.0,11,3965.0,75,3967.0,72,3964.0,45,3968.0,118,3963.0,57,3969.0,75,3962.0,182,3970.0,88,3961.0,45
1597988494115544064,1597988494396000000,2020-08-21 13:41:34.396000,3965.0,3980.0,3940.0,3940.0,nan,3963.166102,123954,4912502910.0,365918,3966.0,11,3965.0,70,3967.0,72,3964.0,45,3968.0,118,3963.0,57,3969.0,75,3962.0,182,3970.0,88,3961.0,45
1597988496149872896,1597988496431000064,2020-08-21 13:41:36.431000,3965.0,3980.0,3940.0,3940.0,nan,3963.166102,123954,4912502910.0,365918,3966.0,11,3965.0,70,3967.0,72,3964.0,45,3968.0,118,3963.0,57,3969.0,75,3962.0,182,3970.0,98,3961.0,45
1597988497616525056,1597988497903000064,2020-08-21 13:41:37.903000,3965.0,3980.0,3940.0,3940.0,nan,3963.166102,123954,4912502910.0,365918,3966.0,11,3965.0,70,3967.0,72,3964.0,45,3968.0,117,3963.0,57,3969.0,75,3962.0,182,3970.0,98,3961.0,45
1597988499151606016,1597988499424000000,2020-08-21 13:41:39.424000,3965.0,3980.0,3940.0,3940.0,nan,3963.166102,123954,4912502910.0,365918,3966.0,11,3965.0,70,3967.0,68,3964.0,46,3968.0,117,3963.0,57,3969.0,75,3962.0,182,3970.0,98,3961.0,45
1597988500169807104,1597988500435000064,2020-08-21 13:41:40.435000,3965.0,3980.0,3940.0,3940.0,nan,3963.166117,123955,4912542560.0,365918,3966.0,11,3965.0,69,3967.0,68,3964.0,46,3968.0,117,3963.0,57,3969.0,75,3962.0,182,3970.0,98,3961.0,45
1597988500604698112,1597988500921999872,2020-08-21 13:41:40.922000,3965.0,3980.0,3940.0,3940.0,nan,3963.166117,123955,4912542560.0,365918,3966.0,11,3965.0,69,3967.0,68,3964.0,46,3968.0,110,3963.0,57,3969.0,75,3962.0,182,3970.0,98,3961.0,45
1597988501621478912,1597988501934000128,2020-08-21 13:41:41.934000,3966.0,3980.0,3940.0,3940.0,nan,3963.16614,123956,4912582220.0,365918,3966.0,10,3965.0,69,3967.0,68,3964.0,46,3968.0,110,3963.0,60,3969.0,75,3962.0,182,3970.0,98,3961.0,45
1597988502158727936,1597988502404999936,2020-08-21 13:41:42.405000,3966.0,3980.0,3940.0,3940.0,nan,3963.16614,123956,4912582220.0,365918,3966.0,17,3965.0,69,3967.0,68,3964.0,46,3968.0,110,3963.0,60,3969.0,75,3962.0,182,3970.0,98,3961.0,45
1597988502612171008,1597988502908999936,2020-08-21 13:41:42.909000,3966.0,3980.0,3940.0,3940.0,nan,3963.16614,123956,4912582220.0,365918,3966.0,17,3965.0,69,3967.0,72,3964.0,46,3968.0,110,3963.0,60,3969.0,75,3962.0,182,3970.0,98,3961.0,45
1597988504125035008,1597988504430000128,2020-08-21 13:41:44.430000,3965.0,3980.0,3940.0,3940.0,nan,3963.166214,123961,4912780470.0,365916,3966.0,17,3965.0,64,3967.0,72,3964.0,46,3968.0,110,3963.0,60,3969.0,75,3962.0,182,3970.0,98,3961.0,45
1597988504633765888,1597988504926000128,2020-08-21 13:41:44.926000,3965.0,3980.0,3940.0,3940.0,nan,3963.166214,123961,4912780470.0,365916,3966.0,17,3965.0,65,3967.0,72,3964.0,46,3968.0,110,3963.0,60,3969.0,75,3962.0,182,3970.0,98,3961.0,45
1597988505139616000,1597988505408999936,2020-08-21 13:41:45.409000,3965.0,3980.0,3940.0,3940.0,nan,3963.166228,123962,4912820120.0,365916,3966.0,18,3965.0,67,3967.0,72,3964.0,46,3968.0,110,3963.0,60,3969.0,75,3962.0,182,3970.0,98,3961.0,45
1597988505619654912,1597988505936999936,2020-08-21 13:41:45.937000,3965.0,3980.0,3940.0,3940.0,nan,3963.166228,123962,4912820120.0,365916,3966.0,23,3965.0,67,3967.0,72,3964.0,46,3968.0,110,3963.0,60,3969.0,75,3962.0,182,3970.0,98,3961.0,45
1597988506620677888,1597988506926000128,2020-08-21 13:41:46.926000,3965.0,3980.0,3940.0,3940.0,nan,3963.166228,123962,4912820120.0,365916,3966.0,23,3965.0,67,3967.0,77,3964.0,46,3968.0,110,3963.0,60,3969.0,75,3962.0,182,3970.0,98,3961.0,45
1597988507123815936,1597988507423000064,2020-08-21 13:41:47.423000,3965.0,3980.0,3940.0,3940.0,nan,3963.166228,123962,4912820120.0,365916,3966.0,28,3965.0,64,3967.0,77,3964.0,46,3968.0,110,3963.0,60,3969.0,75,3962.0,182,3970.0,98,3961.0,45
1597988507610959872,1597988507912000000,2020-08-21 13:41:47.912000,3965.0,3980.0,3940.0,3940.0,nan,3963.166228,123962,4912820120.0,365916,3966.0,33,3965.0,43,3967.0,77,3964.0,46,3968.0,110,3963.0,60,3969.0,75,3962.0,182,3970.0,98,3961.0,45
1597988508153039104,1597988508430000128,2020-08-21 13:41:48.430000,3965.0,3980.0,3940.0,3940.0,nan,3963.166243,123963,4912859770.0,365916,3966.0,33,3965.0,41,3967.0,77,3964.0,46,3968.0,110,3963.0,60,3969.0,75,3962.0,182,3970.0,98,3961.0,45
1597988508627004928,1597988508938999808,2020-08-21 13:41:48.939000,3965.0,3980.0,3940.0,3940.0,nan,3963.166243,123963,4912859770.0,365916,3966.0,54,3965.0,28,3967.0,77,3964.0,46,3968.0,110,3963.0,60,3969.0,75,3962.0,182,3970.0,98,3961.0,45
1597988509116292096,1597988509432000000,2020-08-21 13:41:49.432000,3965.0,3980.0,3940.0,3940.0,nan,3963.166243,123963,4912859770.0,365916,3966.0,54,3965.0,27,3967.0,77,3964.0,46,3968.0,110,3963.0,60,3969.0,75,3962.0,182,3970.0,98,3961.0,45
1597988509608080896,1597988509934000128,2020-08-21 13:41:49.934000,3966.0,3980.0,3940.0,3940.0,nan,3963.166266,123964,4912899430.0,365915,3966.0,53,3965.0,27,3967.0,77,3964.0,46,3968.0,110,3963.0,60,3969.0,75,3962.0,182,3970.0,98,3961.0,45
1597988510123793920,1597988510437999872,2020-08-21 13:41:50.438000,3966.0,3980.0,3940.0,3940.0,nan,3963.166266,123964,4912899430.0,365915,3966.0,53,3965.0,27,3967.0,77,3964.0,46,3968.0,106,3963.0,60,3969.0,75,3962.0,182,3970.0,98,3961.0,45
1597988511153870080,1597988511416999936,2020-08-21 13:41:51.417000,3966.0,3980.0,3940.0,3940.0,nan,3963.166289,123965,4912939090.0,365915,3966.0,52,3965.0,40,3967.0,77,3964.0,46,3968.0,106,3963.0,60,3969.0,75,3962.0,182,3970.0,98,3961.0,45
1597988511626416896,1597988511924999936,2020-08-21 13:41:51.925000,3966.0,3980.0,3940.0,3940.0,nan,3963.166289,123965,4912939090.0,365915,3966.0,47,3965.0,40,3967.0,77,3964.0,46,3968.0,106,3963.0,60,3969.0,75,3962.0,182,3970.0,98,3961.0,45
1597988512131901952,1597988512430000128,2020-08-21 13:41:52.430000,3966.0,3980.0,3940.0,3940.0,nan,3963.166312,123966,4912978750.0,365914,3966.0,46,3965.0,40,3967.0,77,3964.0,46,3968.0,106,3963.0,60,3969.0,75,3962.0,182,3970.0,98,3961.0,45
1597988512655910912,1597988513244999936,2020-08-21 13:41:53.245000,3966.0,3980.0,3940.0,3940.0,nan,3963.166312,123966,4912978750.0,365914,3966.0,34,3965.0,40,3967.0,77,3964.0,46,3968.0,106,3963.0,60,3969.0,75,3962.0,182,3970.0,98,3961.0,45
1597988513151241984,1597988513436999936,2020-08-21 13:41:53.437000,3966.0,3980.0,3940.0,3940.0,nan,3963.166312,123966,4912978750.0,365914,3966.0,34,3965.0,40,3967.0,72,3964.0,46,3968.0,106,3963.0,60,3969.0,75,3962.0,182,3970.0,98,3961.0,45
1597988514154341120,1597988514434000128,2020-08-21 13:41:54.434000,3965.0,3980.0,3940.0,3940.0,nan,3963.166386,123971,4913177000.0,365909,3966.0,34,3965.0,35,3967.0,72,3964.0,46,3968.0,106,3963.0,60,3969.0,75,3962.0,182,3970.0,98,3961.0,45
1597988514633277952,1597988514895000064,2020-08-21 13:41:54.895000,3965.0,3980.0,3940.0,3940.0,nan,3963.1664,123972,4913216650.0,365910,3966.0,29,3965.0,37,3967.0,72,3964.0,46,3968.0,106,3963.0,60,3969.0,75,3962.0,182,3970.0,98,3961.0,45
1597988515114396928,1597988515438999808,2020-08-21 13:41:55.439000,3965.0,3980.0,3940.0,3940.0,nan,3963.1664,123972,4913216650.0,365910,3966.0,30,3965.0,37,3967.0,72,3964.0,46,3968.0,106,3963.0,60,3969.0,75,3962.0,182,3970.0,98,3961.0,45
1597988515625611008,1597988515927000064,2020-08-21 13:41:55.927000,3965.0,3980.0,3940.0,3940.0,nan,3963.1664,123972,4913216650.0,365910,3966.0,34,3965.0,37,3967.0,72,3964.0,46,3968.0,106,3963.0,60,3969.0,75,3962.0,182,3970.0,98,3961.0,45
1597988518733005056,1597988519193000192,2020-08-21 13:41:59.193000,3965.0,3980.0,3940.0,3940.0,nan,3963.1664,123972,4913216650.0,365910,3966.0,34,3965.0,37,3967.0,72,3964.0,46,3968.0,106,3963.0,60,3969.0,75,3962.0,181,3970.0,98,3961.0,45
1597988519140126976,1597988519436000000,2020-08-21 13:41:59.436000,3965.0,3980.0,3940.0,3940.0,nan,3963.1664,123972,4913216650.0,365910,3966.0,34,3965.0,34,3967.0,72,3964.0,46,3968.0,106,3963.0,60,3969.0,75,3962.0,181,3970.0,98,3961.0,45
1597988519642370048,1597988519936999936,2020-08-21 13:41:59.937000,3965.0,3980.0,3940.0,3940.0,nan,3963.1664,123972,4913216650.0,365910,3966.0,34,3965.0,37,3967.0,72,3964.0,46,3968.0,106,3963.0,60,3969.0,75,3962.0,181,3970.0,98,3961.0,45
1597988520138007040,1597988520426000128,2020-08-21 13:42:00.426000,3965.0,3980.0,3940.0,3940.0,nan,3963.1664,123972,4913216650.0,365910,3966.0,34,3965.0,38,3967.0,72,3964.0,46,3968.0,106,3963.0,60,3969.0,75,3962.0,181,3970.0,98,3961.0,45
1597988520643394048,1597988520937999872,2020-08-21 13:42:00.938000,3965.0,3980.0,3940.0,3940.0,nan,3963.1664,123972,4913216650.0,365910,3966.0,34,3965.0,38,3967.0,72,3964.0,46,3968.0,106,3963.0,61,3969.0,75,3962.0,181,3970.0,98,3961.0,45
1597988522186807040,1597988522437999872,2020-08-21 13:42:02.438000,3965.0,3980.0,3940.0,3940.0,nan,3963.166415,123973,4913256300.0,365910,3966.0,34,3965.0,37,3967.0,72,3964.0,46,3968.0,106,3963.0,61,3969.0,74,3962.0,181,3970.0,98,3961.0,45
1597988522683318016,1597988522936000000,2020-08-21 13:42:02.936000,3965.0,3980.0,3940.0,3940.0,nan,3963.166415,123973,4913256300.0,365910,3966.0,36,3965.0,37,3967.0,72,3964.0,46,3968.0,106,3963.0,61,3969.0,74,3962.0,181,3970.0,98,3961.0,45
1597988523619302912,1597988523927000064,2020-08-21 13:42:03.927000,3965.0,3980.0,3940.0,3940.0,nan,3963.166415,123973,4913256300.0,365910,3966.0,36,3965.0,37,3967.0,73,3964.0,46,3968.0,106,3963.0,61,3969.0,74,3962.0,181,3970.0,98,3961.0,45
