local_nano_time,quote_nano_time,datetime,last_price,highest,lowest,open,close,average,volume,amount,open_interest,ask_price1,ask_volume1,bid_price1,bid_volume1,ask_price2,ask_volume2,bid_price2,bid_volume2,ask_price3,ask_volume3,bid_price3,bid_volume3,ask_price4,ask_volume4,bid_price4,bid_volume4,ask_price5,ask_volume5,bid_price5,bid_volume5
1597988226607909120,1597988226500000000,2020-08-21 13:37:06.500000,6150.0,6188.0,6052.0,6138.0,nan,6118.125,2241851,205738864335.0,590892,6150.0,28,6149.0,57,6151.0,161,6148.0,131,6152.0,230,6147.0,214,6153.0,132,6146.0,187,6154.0,86,6145.0,315
1597988227101165056,1597988227000000000,2020-08-21 13:37:07.000000,6150.0,6188.0,6052.0,6138.0,nan,6118.125,2241857,205739417760.0,590893,6150.0,30,6149.0,52,6151.0,161,6148.0,131,6152.0,230,6147.0,212,6153.0,132,6146.0,187,6154.0,86,6145.0,310
1597988227608563968,1597988227500000000,2020-08-21 13:37:07.500000,6149.0,6188.0,6052.0,6138.0,nan,6118.125,2241865,205740155745.0,590892,6150.0,26,6149.0,55,6151.0,162,6148.0,130,6152.0,230,6147.0,212,6153.0,132,6146.0,187,6154.0,86,6145.0,310
1597988228103333888,1597988228000000000,2020-08-21 13:37:08.000000,6150.0,6188.0,6052.0,6138.0,nan,6118.125,2241882,205741723995.0,590909,6150.0,13,6149.0,55,6151.0,162,6148.0,130,6152.0,230,6147.0,212,6153.0,132,6146.0,187,6154.0,86,6145.0,310
1597988228614571008,1597988228500000000,2020-08-21 13:37:08.500000,6149.0,6188.0,6052.0,6138.0,nan,6118.125,2241889,205742369685.0,590911,6150.0,27,6149.0,60,6151.0,161,6148.0,131,6152.0,230,6147.0,212,6153.0,132,6146.0,187,6154.0,86,6145.0,309
1597988229113742080,1597988229000000000,2020-08-21 13:37:09.000000,6149.0,6188.0,6052.0,6138.0,nan,6118.125,2241889,205742369685.0,590911,6150.0,30,6149.0,68,6151.0,161,6148.0,131,6152.0,231,6147.0,209,6153.0,132,6146.0,187,6154.0,86,6145.0,309
1597988229614653952,1597988229500000000,2020-08-21 13:37:09.500000,6150.0,6188.0,6052.0,6138.0,nan,6118.126,2241903,205743661170.0,590914,6150.0,18,6149.0,69,6151.0,162,6148.0,131,6152.0,231,6147.0,209,6153.0,132,6146.0,187,6154.0,86,6145.0,311
1597988230126088960,1597988230000000000,2020-08-21 13:37:10.000000,6150.0,6188.0,6052.0,6138.0,nan,6118.126,2241912,205744491420.0,590914,6150.0,17,6149.0,74,6151.0,162,6148.0,131,6152.0,231,6147.0,208,6153.0,132,6146.0,186,6154.0,86,6145.0,312
1597988230611448064,1597988230500000000,2020-08-21 13:37:10.500000,6150.0,6188.0,6052.0,6138.0,nan,6118.126,2241932,205746336420.0,590927,6150.0,1,6149.0,76,6151.0,162,6148.0,131,6152.0,231,6147.0,208,6153.0,132,6146.0,185,6154.0,86,6145.0,312
1597988231120579072,1597988231000000000,2020-08-21 13:37:11.000000,6150.0,6188.0,6052.0,6138.0,nan,6118.126,2241938,205746889920.0,590926,6151.0,162,6150.0,22,6152.0,231,6149.0,76,6153.0,132,6148.0,131,6154.0,86,6147.0,208,6155.0,260,6146.0,185
1597988231612069888,1597988231500000000,2020-08-21 13:37:11.500000,6151.0,6188.0,6052.0,6138.0,nan,6118.126,2241940,205747074435.0,590925,6151.0,161,6150.0,22,6152.0,231,6149.0,76,6153.0,132,6148.0,133,6154.0,86,6147.0,208,6155.0,260,6146.0,185
1597988232110629120,1597988232000000000,2020-08-21 13:37:12.000000,6151.0,6188.0,6052.0,6138.0,nan,6118.126,2241947,205747720215.0,590927,6151.0,162,6150.0,25,6152.0,231,6149.0,76,6153.0,132,6148.0,133,6154.0,86,6147.0,208,6155.0,261,6146.0,185
1597988232616086016,1597988232500000000,2020-08-21 13:37:12.500000,6150.0,6188.0,6052.0,6138.0,nan,6118.126,2241950,205747996965.0,590925,6151.0,161,6150.0,33,6152.0,231,6149.0,75,6153.0,134,6148.0,136,6154.0,86,6147.0,208,6155.0,261,6146.0,185
1597988233114433024,1597988233000000000,2020-08-21 13:37:13.000000,6151.0,6188.0,6052.0,6138.0,nan,6118.127,2241984,205751133540.0,590929,6151.0,156,6150.0,19,6152.0,231,6149.0,75,6153.0,134,6148.0,137,6154.0,86,6147.0,208,6155.0,261,6146.0,185
1597988233613427968,1597988233500000000,2020-08-21 13:37:13.500000,6151.0,6188.0,6052.0,6138.0,nan,6118.127,2241998,205752425175.0,590927,6151.0,151,6150.0,20,6152.0,231,6149.0,75,6153.0,134,6148.0,138,6154.0,86,6147.0,208,6155.0,261,6146.0,185
1597988234124418048,1597988234000000000,2020-08-21 13:37:14.000000,6150.0,6188.0,6052.0,6138.0,nan,6118.127,2242001,205752701925.0,590928,6151.0,150,6150.0,26,6152.0,231,6149.0,80,6153.0,134,6148.0,138,6154.0,86,6147.0,208,6155.0,261,6146.0,185
1597988234617651968,1597988234500000000,2020-08-21 13:37:14.500000,6151.0,6188.0,6052.0,6138.0,nan,6118.127,2242004,205752978690.0,590929,6151.0,149,6150.0,24,6152.0,231,6149.0,79,6153.0,134,6148.0,188,6154.0,86,6147.0,208,6155.0,261,6146.0,185
1597988235124815872,1597988235000000000,2020-08-21 13:37:15.000000,6151.0,6188.0,6052.0,6138.0,nan,6118.127,2242011,205753624500.0,590928,6151.0,145,6150.0,23,6152.0,229,6149.0,78,6153.0,135,6148.0,188,6154.0,86,6147.0,209,6155.0,263,6146.0,185
1597988235619610880,1597988235500000000,2020-08-21 13:37:15.500000,6151.0,6188.0,6052.0,6138.0,nan,6118.127,2242025,205754916150.0,590930,6151.0,138,6150.0,20,6152.0,230,6149.0,77,6153.0,135,6148.0,188,6154.0,86,6147.0,208,6155.0,264,6146.0,188
1597988236109295104,1597988236000000000,2020-08-21 13:37:16.000000,6150.0,6188.0,6052.0,6138.0,nan,6118.127,2242030,205755377400.0,590927,6151.0,140,6150.0,15,6152.0,231,6149.0,77,6153.0,135,6148.0,188,6154.0,86,6147.0,208,6155.0,264,6146.0,188
1597988236614010880,1597988236500000000,2020-08-21 13:37:16.500000,6150.0,6188.0,6052.0,6138.0,nan,6118.127,2242030,205755377400.0,590927,6151.0,140,6150.0,16,6152.0,235,6149.0,77,6153.0,135,6148.0,188,6154.0,86,6147.0,208,6155.0,264,6146.0,188
1597988237106642944,1597988237000000000,2020-08-21 13:37:17.000000,6150.0,6188.0,6052.0,6138.0,nan,6118.127,2242030,205755377400.0,590927,6151.0,140,6150.0,17,6152.0,234,6149.0,77,6153.0,135,6148.0,189,6154.0,86,6147.0,207,6155.0,264,6146.0,189
1597988237622011904,1597988237500000000,2020-08-21 13:37:17.500000,6150.0,6188.0,6052.0,6138.0,nan,6118.128,2242056,205757775930.0,590912,6150.0,5,6149.0,78,6151.0,151,6148.0,189,6152.0,234,6147.0,204,6153.0,135,6146.0,189,6154.0,86,6145.0,315
1597988238108582912,1597988238000000000,2020-08-21 13:37:18.000000,6150.0,6188.0,6052.0,6138.0,nan,6118.128,2242086,205760543430.0,590934,6150.0,3,6149.0,77,6151.0,146,6148.0,189,6152.0,235,6147.0,204,6153.0,135,6146.0,189,6154.0,86,6145.0,315
1597988238617862912,1597988238500000000,2020-08-21 13:37:18.500000,6150.0,6188.0,6052.0,6138.0,nan,6118.128,2242093,205761189165.0,590928,6150.0,10,6149.0,76,6151.0,147,6148.0,190,6152.0,235,6147.0,204,6153.0,135,6146.0,189,6154.0,86,6145.0,315
1597988239112253952,1597988239000000000,2020-08-21 13:37:19.000000,6150.0,6188.0,6052.0,6138.0,nan,6118.128,2242098,205761650415.0,590931,6150.0,17,6149.0,77,6151.0,148,6148.0,191,6152.0,237,6147.0,204,6153.0,135,6146.0,189,6154.0,86,6145.0,316
1597988239609837056,1597988239500000000,2020-08-21 13:37:19.500000,6149.0,6188.0,6052.0,6138.0,nan,6118.129,2242180,205769213715.0,590968,6149.0,20,6148.0,190,6150.0,37,6147.0,203,6151.0,149,6146.0,189,6152.0,237,6145.0,316,6153.0,135,6144.0,267
1597988240119778048,1597988240000000000,2020-08-21 13:37:20.000000,6149.0,6188.0,6052.0,6138.0,nan,6118.13,2242210,205771980690.0,590971,6149.0,5,6148.0,318,6150.0,47,6147.0,209,6151.0,149,6146.0,189,6152.0,239,6145.0,316,6153.0,135,6144.0,267
1597988240606512896,1597988240500000000,2020-08-21 13:37:20.500000,6150.0,6188.0,6052.0,6138.0,nan,6118.13,2242218,205772718585.0,590971,6150.0,49,6149.0,28,6151.0,149,6148.0,320,6152.0,239,6147.0,210,6153.0,135,6146.0,189,6154.0,86,6145.0,316
1597988241122127872,1597988241000000000,2020-08-21 13:37:21.000000,6150.0,6188.0,6052.0,6138.0,nan,6118.131,2242262,205776776955.0,590944,6150.0,108,6148.0,185,6151.0,150,6147.0,210,6152.0,239,6146.0,189,6153.0,135,6145.0,316,6154.0,86,6144.0,268
1597988241615753984,1597988241500000000,2020-08-21 13:37:21.500000,6149.0,6188.0,6052.0,6138.0,nan,6118.131,2242263,205776869190.0,590945,6149.0,7,6148.0,181,6150.0,128,6147.0,207,6151.0,150,6146.0,189,6152.0,239,6145.0,314,6153.0,135,6144.0,268
1597988242121666048,1597988242000000000,2020-08-21 13:37:22.000000,6149.0,6188.0,6052.0,6138.0,nan,6118.131,2242274,205777883685.0,590938,6149.0,56,6148.0,171,6150.0,129,6147.0,206,6151.0,150,6146.0,189,6152.0,239,6145.0,314,6153.0,136,6144.0,269
1597988242615974912,1597988242500000000,2020-08-21 13:37:22.500000,6149.0,6188.0,6052.0,6138.0,nan,6118.131,2242278,205778252625.0,590939,6149.0,73,6148.0,170,6150.0,131,6147.0,206,6151.0,150,6146.0,189,6152.0,239,6145.0,314,6153.0,135,6144.0,269
1597988243107021056,1597988243000000000,2020-08-21 13:37:23.000000,6148.0,6188.0,6052.0,6138.0,nan,6118.131,2242280,205778437080.0,590940,6149.0,79,6148.0,174,6150.0,133,6147.0,206,6151.0,150,6146.0,189,6152.0,238,6145.0,314,6153.0,135,6144.0,269
1597988243603983872,1597988243500000000,2020-08-21 13:37:23.500000,6149.0,6188.0,6052.0,6138.0,nan,6118.131,2242287,205779082725.0,590934,6149.0,72,6148.0,180,6150.0,148,6147.0,206,6151.0,150,6146.0,189,6152.0,238,6145.0,314,6153.0,135,6144.0,269
1597988244105841920,1597988244000000000,2020-08-21 13:37:24.000000,6149.0,6188.0,6052.0,6138.0,nan,6118.131,2242312,205781388600.0,590950,6149.0,48,6148.0,181,6150.0,148,6147.0,206,6151.0,150,6146.0,189,6152.0,239,6145.0,314,6153.0,135,6144.0,269
1597988244623013888,1597988244500000000,2020-08-21 13:37:24.500000,6148.0,6188.0,6052.0,6138.0,nan,6118.132,2242332,205783233180.0,590942,6149.0,46,6148.0,173,6150.0,148,6147.0,206,6151.0,151,6146.0,189,6152.0,239,6145.0,314,6153.0,134,6144.0,269
1597988245117903872,1597988245000000000,2020-08-21 13:37:25.000000,6148.0,6188.0,6052.0,6138.0,nan,6118.132,2242337,205783694340.0,590939,6149.0,42,6148.0,172,6150.0,149,6147.0,207,6151.0,151,6146.0,189,6152.0,239,6145.0,314,6153.0,134,6144.0,269
1597988245620477952,1597988245500000000,2020-08-21 13:37:25.500000,6149.0,6188.0,6052.0,6138.0,nan,6118.132,2242343,205784247750.0,590940,6149.0,36,6148.0,174,6150.0,149,6147.0,207,6151.0,151,6146.0,189,6152.0,239,6145.0,314,6153.0,124,6144.0,269
1597988246134231040,1597988246000000000,2020-08-21 13:37:26.000000,6148.0,6188.0,6052.0,6138.0,nan,6118.132,2242360,205785815655.0,590937,6149.0,25,6148.0,168,6150.0,150,6147.0,207,6151.0,150,6146.0,189,6152.0,239,6145.0,314,6153.0,124,6144.0,269
1597988246627147008,1597988246500000000,2020-08-21 13:37:26.500000,6149.0,6188.0,6052.0,6138.0,nan,6118.132,2242373,205787014620.0,590935,6149.0,18,6148.0,162,6150.0,150,6147.0,207,6151.0,150,6146.0,190,6152.0,240,6145.0,314,6153.0,124,6144.0,269
1597988247119918080,1597988247000000000,2020-08-21 13:37:27.000000,6149.0,6188.0,6052.0,6138.0,nan,6118.132,2242378,205787475780.0,590938,6149.0,15,6148.0,157,6150.0,150,6147.0,207,6151.0,151,6146.0,190,6152.0,240,6145.0,313,6153.0,124,6144.0,269
1597988247605626880,1597988247500000000,2020-08-21 13:37:27.500000,6148.0,6188.0,6052.0,6138.0,nan,6118.132,2242383,205787936895.0,590938,6149.0,15,6148.0,155,6150.0,151,6147.0,207,6151.0,151,6146.0,191,6152.0,240,6145.0,313,6153.0,123,6144.0,269
1597988248126629888,1597988248000000000,2020-08-21 13:37:28.000000,6149.0,6188.0,6052.0,6138.0,nan,6118.132,2242396,205789135935.0,590940,6149.0,21,6148.0,154,6150.0,151,6147.0,204,6151.0,161,6146.0,192,6152.0,240,6145.0,313,6153.0,123,6144.0,269
1597988248627663872,1597988248500000000,2020-08-21 13:37:28.500000,6149.0,6188.0,6052.0,6138.0,nan,6118.133,2242443,205793470440.0,590961,6149.0,10,6148.0,121,6150.0,152,6147.0,204,6151.0,161,6146.0,192,6152.0,240,6145.0,312,6153.0,123,6144.0,269
1597988249108839936,1597988249000000000,2020-08-21 13:37:29.000000,6148.0,6188.0,6052.0,6138.0,nan,6118.133,2242447,205793839365.0,590960,6149.0,46,6148.0,72,6150.0,152,6147.0,202,6151.0,160,6146.0,195,6152.0,229,6145.0,312,6153.0,123,6144.0,269
1597988249606455040,1597988249500000000,2020-08-21 13:37:29.500000,6149.0,6188.0,6052.0,6138.0,nan,6118.133,2242464,205795407195.0,590954,6149.0,100,6148.0,78,6150.0,163,6147.0,253,6151.0,160,6146.0,195,6152.0,229,6145.0,332,6153.0,123,6144.0,269
1597988250123982080,1597988250000000000,2020-08-21 13:37:30.000000,6148.0,6188.0,6052.0,6138.0,nan,6118.133,2242468,205795776090.0,590956,6149.0,111,6148.0,77,6150.0,163,6147.0,253,6151.0,160,6146.0,195,6152.0,229,6145.0,332,6153.0,124,6144.0,269
1597988250619572992,1597988250500000000,2020-08-21 13:37:30.500000,6148.0,6188.0,6052.0,6138.0,nan,6118.133,2242474,205796329410.0,590958,6149.0,111,6148.0,71,6150.0,163,6147.0,253,6151.0,160,6146.0,195,6152.0,228,6145.0,332,6153.0,122,6144.0,269
1597988251119924992,1597988251000000000,2020-08-21 13:37:31.000000,6148.0,6188.0,6052.0,6138.0,nan,6118.134,2242486,205797436200.0,590958,6149.0,101,6148.0,69,6150.0,163,6147.0,253,6151.0,160,6146.0,195,6152.0,227,6145.0,332,6153.0,122,6144.0,269
1597988251610333952,1597988251500000000,2020-08-21 13:37:31.500000,6148.0,6188.0,6052.0,6138.0,nan,6118.134,2242491,205797897300.0,590962,6149.0,102,6148.0,64,6150.0,163,6147.0,253,6151.0,150,6146.0,195,6152.0,227,6145.0,331,6153.0,122,6144.0,269
1597988252114976000,1597988252000000000,2020-08-21 13:37:32.000000,6148.0,6188.0,6052.0,6138.0,nan,6118.134,2242518,205800387240.0,590961,6149.0,55,6148.0,40,6150.0,175,6147.0,253,6151.0,150,6146.0,198,6152.0,227,6145.0,331,6153.0,123,6144.0,269
1597988252606790912,1597988252500000000,2020-08-21 13:37:32.500000,6148.0,6188.0,6052.0,6138.0,nan,6118.134,2242533,205801770540.0,590971,6149.0,59,6148.0,37,6150.0,185,6147.0,252,6151.0,150,6146.0,197,6152.0,227,6145.0,321,6153.0,113,6144.0,269
1597988253108273920,1597988253000000000,2020-08-21 13:37:33.000000,6149.0,6188.0,6052.0,6138.0,nan,6118.134,2242536,205802047230.0,590970,6149.0,60,6148.0,39,6150.0,185,6147.0,252,6151.0,150,6146.0,197,6152.0,227,6145.0,321,6153.0,113,6144.0,269
1597988253608342016,1597988253500000000,2020-08-21 13:37:33.500000,6149.0,6188.0,6052.0,6138.0,nan,6118.134,2242542,205802600625.0,590970,6149.0,55,6148.0,39,6150.0,185,6147.0,253,6151.0,150,6146.0,197,6152.0,227,6145.0,321,6153.0,113,6144.0,269
1597988254111502080,1597988254000000000,2020-08-21 13:37:34.000000,6149.0,6188.0,6052.0,6138.0,nan,6118.134,2242547,205803061800.0,590969,6149.0,52,6148.0,44,6150.0,185,6147.0,253,6151.0,150,6146.0,197,6152.0,227,6145.0,321,6153.0,113,6144.0,269
1597988254615549952,1597988254500000000,2020-08-21 13:37:34.500000,6149.0,6188.0,6052.0,6138.0,nan,6118.134,2242548,205803154035.0,590969,6149.0,54,6148.0,49,6150.0,186,6147.0,253,6151.0,147,6146.0,204,6152.0,227,6145.0,321,6153.0,108,6144.0,269
1597988255099245056,1597988255000000000,2020-08-21 13:37:35.000000,6149.0,6188.0,6052.0,6138.0,nan,6118.135,2242549,205803246270.0,590968,6149.0,55,6148.0,49,6150.0,186,6147.0,261,6151.0,147,6146.0,204,6152.0,228,6145.0,321,6153.0,108,6144.0,269
1597988255611931904,1597988255500000000,2020-08-21 13:37:35.500000,6149.0,6188.0,6052.0,6138.0,nan,6118.135,2242554,205803707445.0,590963,6149.0,51,6148.0,62,6150.0,191,6147.0,261,6151.0,147,6146.0,203,6152.0,228,6145.0,321,6153.0,108,6144.0,269
1597988256105233920,1597988256000000000,2020-08-21 13:37:36.000000,6149.0,6188.0,6052.0,6138.0,nan,6118.135,2242557,205803984150.0,590960,6149.0,55,6148.0,64,6150.0,191,6147.0,259,6151.0,146,6146.0,201,6152.0,228,6145.0,321,6153.0,108,6144.0,269
1597988256616796928,1597988256500000000,2020-08-21 13:37:36.500000,6149.0,6188.0,6052.0,6138.0,nan,6118.135,2242557,205803984150.0,590960,6149.0,56,6148.0,70,6150.0,192,6147.0,259,6151.0,146,6146.0,201,6152.0,228,6145.0,322,6153.0,108,6144.0,269
1597988257112627968,1597988257000000000,2020-08-21 13:37:37.000000,6148.0,6188.0,6052.0,6138.0,nan,6118.135,2242559,205804168590.0,590960,6149.0,57,6148.0,70,6150.0,186,6147.0,259,6151.0,146,6146.0,201,6152.0,228,6145.0,323,6153.0,108,6144.0,269
1597988257608014080,1597988257500000000,2020-08-21 13:37:37.500000,6149.0,6188.0,6052.0,6138.0,nan,6118.135,2242565,205804721970.0,590960,6149.0,54,6148.0,73,6150.0,192,6147.0,259,6151.0,147,6146.0,201,6152.0,228,6145.0,323,6153.0,108,6144.0,269
1597988258106650112,1597988258000000000,2020-08-21 13:37:38.000000,6148.0,6188.0,6052.0,6138.0,nan,6118.135,2242572,205805367540.0,590962,6149.0,52,6148.0,70,6150.0,192,6147.0,262,6151.0,147,6146.0,201,6152.0,229,6145.0,323,6153.0,108,6144.0,269
1597988258601366016,1597988258500000000,2020-08-21 13:37:38.500000,6149.0,6188.0,6052.0,6138.0,nan,6118.135,2242585,205806566595.0,590955,6149.0,39,6148.0,71,6150.0,192,6147.0,262,6151.0,147,6146.0,200,6152.0,229,6145.0,322,6153.0,108,6144.0,269
1597988259118351104,1597988259000000000,2020-08-21 13:37:39.000000,6149.0,6188.0,6052.0,6138.0,nan,6118.135,2242594,205807396710.0,590956,6149.0,29,6148.0,73,6150.0,192,6147.0,272,6151.0,147,6146.0,200,6152.0,229,6145.0,326,6153.0,108,6144.0,269
1597988259612659968,1597988259500000000,2020-08-21 13:37:39.500000,6148.0,6188.0,6052.0,6138.0,nan,6118.135,2242595,205807488930.0,590956,6149.0,29,6148.0,74,6150.0,191,6147.0,272,6151.0,147,6146.0,199,6152.0,229,6145.0,326,6153.0,108,6144.0,266
1597988260115973120,1597988260000000000,2020-08-21 13:37:40.000000,6148.0,6188.0,6052.0,6138.0,nan,6118.135,2242601,205808042250.0,590952,6149.0,30,6148.0,72,6150.0,191,6147.0,272,6151.0,146,6146.0,199,6152.0,229,6145.0,326,6153.0,108,6144.0,266
1597988260601197056,1597988260500000000,2020-08-21 13:37:40.500000,6149.0,6188.0,6052.0,6138.0,nan,6118.135,2242608,205808687895.0,590948,6149.0,28,6148.0,76,6150.0,191,6147.0,272,6151.0,148,6146.0,199,6152.0,229,6145.0,326,6153.0,108,6144.0,266
1597988261125795072,1597988261000000000,2020-08-21 13:37:41.000000,6149.0,6188.0,6052.0,6138.0,nan,6118.135,2242608,205808687895.0,590948,6149.0,29,6148.0,77,6150.0,204,6147.0,272,6151.0,148,6146.0,199,6152.0,229,6145.0,326,6153.0,108,6144.0,266
1597988261600912896,1597988261500000000,2020-08-21 13:37:41.500000,6149.0,6188.0,6052.0,6138.0,nan,6118.135,2242608,205808687895.0,590948,6149.0,39,6148.0,78,6150.0,200,6147.0,273,6151.0,149,6146.0,199,6152.0,229,6145.0,326,6153.0,107,6144.0,266
1597988262107213056,1597988262000000000,2020-08-21 13:37:42.000000,6148.0,6188.0,6052.0,6138.0,nan,6118.135,2242611,205808964555.0,590948,6149.0,39,6148.0,75,6150.0,200,6147.0,276,6151.0,149,6146.0,199,6152.0,229,6145.0,326,6153.0,107,6144.0,266
1597988262622472960,1597988262500000000,2020-08-21 13:37:42.500000,6148.0,6188.0,6052.0,6138.0,nan,6118.135,2242612,205809056775.0,590948,6149.0,41,6148.0,74,6150.0,200,6147.0,279,6151.0,151,6146.0,196,6152.0,230,6145.0,327,6153.0,107,6144.0,266
1597988263101971968,1597988263000000000,2020-08-21 13:37:43.000000,6149.0,6188.0,6052.0,6138.0,nan,6118.135,2242614,205809241230.0,590949,6149.0,50,6148.0,74,6150.0,200,6147.0,279,6151.0,151,6146.0,197,6152.0,230,6145.0,327,6153.0,107,6144.0,266
1597988263604242944,1597988263500000000,2020-08-21 13:37:43.500000,6148.0,6188.0,6052.0,6138.0,nan,6118.135,2242615,205809333450.0,590950,6149.0,51,6148.0,74,6150.0,201,6147.0,279,6151.0,151,6146.0,197,6152.0,230,6145.0,327,6153.0,107,6144.0,266
1597988264116850944,1597988264000000000,2020-08-21 13:37:44.000000,6149.0,6188.0,6052.0,6138.0,nan,6118.136,2242626,205810347945.0,590942,6149.0,50,6148.0,68,6150.0,201,6147.0,279,6151.0,152,6146.0,197,6152.0,230,6145.0,327,6153.0,106,6144.0,266
1597988264605233920,1597988264500000000,2020-08-21 13:37:44.500000,6149.0,6188.0,6052.0,6138.0,nan,6118.136,2242629,205810624620.0,590942,6149.0,51,6148.0,67,6150.0,201,6147.0,279,6151.0,152,6146.0,197,6152.0,230,6145.0,327,6153.0,105,6144.0,266
1597988265116420096,1597988265000000000,2020-08-21 13:37:45.000000,6148.0,6188.0,6052.0,6138.0,nan,6118.136,2242631,205810809060.0,590943,6149.0,51,6148.0,65,6150.0,202,6147.0,293,6151.0,153,6146.0,197,6152.0,230,6145.0,323,6153.0,105,6144.0,266
1597988265607994880,1597988265500000000,2020-08-21 13:37:45.500000,6148.0,6188.0,6052.0,6138.0,nan,6118.136,2242635,205811177940.0,590947,6149.0,55,6148.0,61,6150.0,202,6147.0,293,6151.0,153,6146.0,197,6152.0,230,6145.0,323,6153.0,105,6144.0,266
1597988266137637120,1597988266000000000,2020-08-21 13:37:46.000000,6149.0,6188.0,6052.0,6138.0,nan,6118.136,2242641,205811731350.0,590943,6149.0,52,6148.0,67,6150.0,204,6147.0,292,6151.0,153,6146.0,198,6152.0,230,6145.0,323,6153.0,105,6144.0,266
1597988266606867968,1597988266500000000,2020-08-21 13:37:46.500000,6148.0,6188.0,6052.0,6138.0,nan,6118.136,2242652,205812745920.0,590944,6149.0,42,6148.0,67,6150.0,204,6147.0,292,6151.0,153,6146.0,198,6152.0,230,6145.0,322,6153.0,105,6144.0,266
1597988267131920896,1597988267000000000,2020-08-21 13:37:47.000000,6147.0,6188.0,6052.0,6138.0,nan,6118.137,2242729,205819846650.0,590906,6149.0,50,6147.0,278,6150.0,204,6146.0,198,6151.0,153,6145.0,322,6152.0,230,6144.0,266,6153.0,105,6143.0,132
1597988267604528896,1597988267500000000,2020-08-21 13:37:47.500000,6149.0,6188.0,6052.0,6138.0,nan,6118.137,2242737,205820584395.0,590907,6149.0,68,6148.0,27,6150.0,216,6147.0,247,6151.0,152,6146.0,199,6152.0,230,6145.0,322,6153.0,95,6144.0,266
1597988268129105920,1597988268000000000,2020-08-21 13:37:48.000000,6148.0,6188.0,6052.0,6138.0,nan,6118.137,2242766,205823258775.0,590934,6149.0,79,6147.0,247,6150.0,217,6146.0,199,6151.0,152,6145.0,322,6152.0,230,6144.0,266,6153.0,95,6143.0,132
1597988268600025088,1597988268500000000,2020-08-21 13:37:48.500000,6149.0,6188.0,6052.0,6138.0,nan,6118.138,2242799,205826302470.0,590960,6149.0,54,6147.0,247,6150.0,217,6146.0,198,6151.0,152,6145.0,322,6152.0,230,6144.0,266,6153.0,95,6143.0,132
1597988269105387008,1597988269000000000,2020-08-21 13:37:49.000000,6148.0,6188.0,6052.0,6138.0,nan,6118.138,2242804,205826763585.0,590956,6148.0,1,6147.0,248,6149.0,53,6146.0,198,6150.0,217,6145.0,322,6151.0,152,6144.0,266,6152.0,230,6143.0,132
1597988269618114048,1597988269500000000,2020-08-21 13:37:49.500000,6148.0,6188.0,6052.0,6138.0,nan,6118.138,2242805,205826855805.0,590956,6148.0,4,6147.0,248,6149.0,53,6146.0,199,6150.0,215,6145.0,322,6151.0,151,6144.0,266,6152.0,230,6143.0,132
1597988270116385024,1597988270000000000,2020-08-21 13:37:50.000000,6148.0,6188.0,6052.0,6138.0,nan,6118.138,2242805,205826855805.0,590956,6148.0,14,6147.0,248,6149.0,64,6146.0,200,6150.0,215,6145.0,322,6151.0,151,6144.0,266,6152.0,230,6143.0,132
1597988270605204992,1597988270500000000,2020-08-21 13:37:50.500000,6147.0,6188.0,6052.0,6138.0,nan,6118.138,2242825,205828699905.0,590955,6148.0,24,6147.0,228,6149.0,65,6146.0,200,6150.0,213,6145.0,318,6151.0,151,6144.0,266,6152.0,230,6143.0,132
1597988271119749888,1597988271000000000,2020-08-21 13:37:51.000000,6148.0,6188.0,6052.0,6138.0,nan,6118.138,2242833,205829437650.0,590958,6148.0,32,6147.0,227,6149.0,66,6146.0,200,6150.0,217,6145.0,318,6151.0,151,6144.0,266,6152.0,227,6143.0,132
1597988271601873920,1597988271500000000,2020-08-21 13:37:51.500000,6148.0,6188.0,6052.0,6138.0,nan,6118.138,2242833,205829437650.0,590958,6148.0,38,6147.0,228,6149.0,66,6146.0,200,6150.0,218,6145.0,318,6151.0,151,6144.0,266,6152.0,227,6143.0,125
1597988272113835008,1597988272000000000,2020-08-21 13:37:52.000000,6148.0,6188.0,6052.0,6138.0,nan,6118.138,2242835,205829622090.0,590956,6148.0,37,6147.0,227,6149.0,66,6146.0,200,6150.0,218,6145.0,318,6151.0,151,6144.0,266,6152.0,227,6143.0,128
1597988272614945024,1597988272500000000,2020-08-21 13:37:52.500000,6147.0,6188.0,6052.0,6138.0,nan,6118.138,2242841,205830175350.0,590957,6148.0,36,6147.0,224,6149.0,66,6146.0,201,6150.0,218,6145.0,318,6151.0,150,6144.0,266,6152.0,227,6143.0,128
1597988273100047104,1597988273000000000,2020-08-21 13:37:53.000000,6148.0,6188.0,6052.0,6138.0,nan,6118.138,2242842,205830267570.0,590957,6148.0,35,6147.0,224,6149.0,67,6146.0,201,6150.0,222,6145.0,318,6151.0,150,6144.0,267,6152.0,226,6143.0,128
1597988273601115904,1597988273500000000,2020-08-21 13:37:53.500000,6147.0,6188.0,6052.0,6138.0,nan,6118.138,2242844,205830451980.0,590957,6148.0,40,6147.0,223,6149.0,67,6146.0,200,6150.0,212,6145.0,318,6151.0,150,6144.0,267,6152.0,221,6143.0,128
1597988274103520000,1597988274000000000,2020-08-21 13:37:54.000000,6148.0,6188.0,6052.0,6138.0,nan,6118.139,2242853,205831281915.0,590953,6148.0,37,6147.0,220,6149.0,67,6146.0,201,6150.0,212,6145.0,318,6151.0,150,6144.0,267,6152.0,221,6143.0,128
1597988274615100928,1597988274500000000,2020-08-21 13:37:54.500000,6146.0,6188.0,6052.0,6138.0,nan,6118.141,2243072,205851474795.0,590893,6147.0,25,6146.0,198,6148.0,52,6145.0,318,6149.0,67,6144.0,267,6150.0,214,6143.0,128,6151.0,148,6142.0,139
1597988275113868032,1597988275000000000,2020-08-21 13:37:55.000000,6145.0,6188.0,6052.0,6138.0,nan,6118.144,2243273,205870004955.0,590935,6146.0,9,6145.0,317,6147.0,58,6144.0,265,6148.0,73,6143.0,129,6149.0,67,6142.0,139,6150.0,215,6141.0,148
1597988275618867968,1597988275500000000,2020-08-21 13:37:55.500000,6146.0,6188.0,6052.0,6138.0,nan,6118.144,2243288,205871387655.0,590939,6146.0,104,6145.0,299,6147.0,88,6144.0,265,6148.0,68,6143.0,129,6149.0,64,6142.0,140,6150.0,215,6141.0,148
1597988276108128000,1597988276000000000,2020-08-21 13:37:56.000000,6145.0,6188.0,6052.0,6138.0,nan,6118.144,2243305,205872954645.0,590944,6146.0,107,6145.0,286,6147.0,75,6144.0,265,6148.0,70,6143.0,129,6149.0,66,6142.0,140,6150.0,215,6141.0,148
1597988276602336000,1597988276500000000,2020-08-21 13:37:56.500000,6145.0,6188.0,6052.0,6138.0,nan,6118.144,2243311,205873507695.0,590948,6146.0,110,6145.0,279,6147.0,72,6144.0,265,6148.0,69,6143.0,129,6149.0,66,6142.0,140,6150.0,215,6141.0,148
1597988277103545088,1597988277000000000,2020-08-21 13:37:57.000000,6146.0,6188.0,6052.0,6138.0,nan,6118.146,2243411,205882726320.0,590940,6146.0,27,6145.0,264,6147.0,72,6144.0,270,6148.0,69,6143.0,129,6149.0,66,6142.0,140,6150.0,214,6141.0,148
1597988277606060032,1597988277500000000,2020-08-21 13:37:57.500000,6145.0,6188.0,6052.0,6138.0,nan,6118.146,2243463,205887519810.0,590935,6147.0,71,6145.0,237,6148.0,69,6144.0,270,6149.0,66,6143.0,129,6150.0,209,6142.0,140,6151.0,145,6141.0,148
1597988278116342016,1597988278000000000,2020-08-21 13:37:58.000000,6145.0,6188.0,6052.0,6138.0,nan,6118.146,2243475,205888625910.0,590933,6147.0,51,6146.0,12,6148.0,68,6145.0,246,6149.0,66,6144.0,270,6150.0,209,6143.0,129,6151.0,145,6142.0,140
1597988278617069056,1597988278500000000,2020-08-21 13:37:58.500000,6146.0,6188.0,6052.0,6138.0,nan,6118.147,2243516,205892405625.0,590934,6146.0,1,6145.0,253,6147.0,49,6144.0,270,6148.0,80,6143.0,129,6149.0,66,6142.0,141,6150.0,198,6141.0,148
1597988279118989056,1597988279000000000,2020-08-21 13:37:59.000000,6146.0,6188.0,6052.0,6138.0,nan,6118.147,2243530,205893696300.0,590938,6147.0,49,6146.0,27,6148.0,80,6145.0,254,6149.0,66,6144.0,270,6150.0,198,6143.0,128,6151.0,145,6142.0,141
1597988279621675008,1597988279500000000,2020-08-21 13:37:59.500000,6146.0,6188.0,6052.0,6138.0,nan,6118.147,2243536,205894249455.0,590937,6147.0,48,6146.0,23,6148.0,80,6145.0,254,6149.0,67,6144.0,270,6150.0,198,6143.0,128,6151.0,146,6142.0,141
1597988280106774016,1597988280000000000,2020-08-21 13:38:00.000000,6146.0,6188.0,6052.0,6138.0,nan,6118.147,2243555,205896001065.0,590926,6147.0,65,6146.0,6,6148.0,80,6145.0,256,6149.0,67,6144.0,275,6150.0,197,6143.0,129,6151.0,146,6142.0,141
1597988280609640960,1597988280500000000,2020-08-21 13:38:00.500000,6146.0,6188.0,6052.0,6138.0,nan,6118.147,2243565,205896922965.0,590925,6147.0,69,6145.0,264,6148.0,79,6144.0,284,6149.0,70,6143.0,129,6150.0,197,6142.0,141,6151.0,145,6141.0,148
1597988281108669952,1597988281000000000,2020-08-21 13:38:01.000000,6145.0,6188.0,6052.0,6138.0,nan,6118.148,2243574,205897752735.0,590918,6147.0,66,6145.0,267,6148.0,76,6144.0,283,6149.0,71,6143.0,129,6150.0,197,6142.0,142,6151.0,144,6141.0,148
1597988281595226112,1597988281500000000,2020-08-21 13:38:01.500000,6146.0,6188.0,6052.0,6138.0,nan,6118.148,2243583,205898582415.0,590916,6147.0,75,6145.0,266,6148.0,76,6144.0,283,6149.0,69,6143.0,129,6150.0,193,6142.0,142,6151.0,144,6141.0,148
1597988282125540096,1597988282000000000,2020-08-21 13:38:02.000000,6145.0,6188.0,6052.0,6138.0,nan,6118.148,2243595,205899688515.0,590910,6146.0,1,6145.0,255,6147.0,75,6144.0,283,6148.0,81,6143.0,129,6149.0,68,6142.0,141,6150.0,203,6141.0,148
1597988282628076032,1597988282500000000,2020-08-21 13:38:02.500000,6145.0,6188.0,6052.0,6138.0,nan,6118.148,2243602,205900333770.0,590909,6146.0,27,6145.0,245,6147.0,75,6144.0,283,6148.0,84,6143.0,129,6149.0,74,6142.0,139,6150.0,203,6141.0,146
1597988283112328960,1597988283000000000,2020-08-21 13:38:03.000000,6146.0,6188.0,6052.0,6138.0,nan,6118.148,2243608,205900886880.0,590912,6146.0,47,6145.0,249,6147.0,68,6144.0,283,6148.0,84,6143.0,129,6149.0,74,6142.0,139,6150.0,203,6141.0,146
1597988283618425088,1597988283500000000,2020-08-21 13:38:03.500000,6146.0,6188.0,6052.0,6138.0,nan,6118.148,2243637,205903560000.0,590909,6146.0,49,6145.0,224,6147.0,68,6144.0,283,6148.0,79,6143.0,128,6149.0,74,6142.0,139,6150.0,204,6141.0,146
1597988284125666048,1597988284000000000,2020-08-21 13:38:04.000000,6145.0,6188.0,6052.0,6138.0,nan,6118.149,2243660,205905680235.0,590908,6146.0,54,6145.0,220,6147.0,68,6144.0,283,6148.0,79,6143.0,128,6149.0,74,6142.0,140,6150.0,204,6141.0,146
1597988284600124928,1597988284500000000,2020-08-21 13:38:04.500000,6146.0,6188.0,6052.0,6138.0,nan,6118.149,2243669,205906509930.0,590916,6146.0,47,6145.0,215,6147.0,64,6144.0,283,6148.0,78,6143.0,128,6149.0,75,6142.0,140,6150.0,205,6141.0,146
1597988285116871936,1597988285000000000,2020-08-21 13:38:05.000000,6146.0,6188.0,6052.0,6138.0,nan,6118.149,2243672,205906786500.0,590916,6146.0,54,6145.0,218,6147.0,63,6144.0,284,6148.0,79,6143.0,129,6149.0,75,6142.0,140,6150.0,205,6141.0,146
1597988285622344960,1597988285500000000,2020-08-21 13:38:05.500000,6145.0,6188.0,6052.0,6138.0,nan,6118.149,2243685,205907984850.0,590919,6146.0,50,6145.0,213,6147.0,63,6144.0,284,6148.0,84,6143.0,129,6149.0,75,6142.0,140,6150.0,205,6141.0,146
1597988286117723904,1597988286000000000,2020-08-21 13:38:06.000000,6145.0,6188.0,6052.0,6138.0,nan,6118.149,2243706,205909920630.0,590929,6146.0,57,6145.0,201,6147.0,65,6144.0,284,6148.0,82,6143.0,129,6149.0,75,6142.0,140,6150.0,204,6141.0,146
1597988286618428928,1597988286500000000,2020-08-21 13:38:06.500000,6145.0,6188.0,6052.0,6138.0,nan,6118.15,2243748,205913792100.0,590921,6146.0,50,6145.0,173,6147.0,65,6144.0,284,6148.0,82,6143.0,129,6149.0,75,6142.0,140,6150.0,204,6141.0,146
1597988287125430016,1597988287000000000,2020-08-21 13:38:07.000000,6145.0,6188.0,6052.0,6138.0,nan,6118.15,2243783,205917018300.0,590927,6146.0,55,6145.0,147,6147.0,65,6144.0,284,6148.0,81,6143.0,129,6149.0,75,6142.0,140,6150.0,204,6141.0,146
1597988287617476096,1597988287500000000,2020-08-21 13:38:07.500000,6145.0,6188.0,6052.0,6138.0,nan,6118.15,2243787,205917387000.0,590925,6146.0,56,6145.0,146,6147.0,66,6144.0,284,6148.0,82,6143.0,129,6149.0,75,6142.0,139,6150.0,206,6141.0,146
1597988288115970048,1597988288000000000,2020-08-21 13:38:08.000000,6145.0,6188.0,6052.0,6138.0,nan,6118.15,2243793,205917940050.0,590926,6146.0,56,6145.0,143,6147.0,67,6144.0,234,6148.0,82,6143.0,129,6149.0,74,6142.0,140,6150.0,208,6141.0,146
1597988288609618944,1597988288500000000,2020-08-21 13:38:08.500000,6145.0,6188.0,6052.0,6138.0,nan,6118.15,2243800,205918585350.0,590927,6146.0,53,6145.0,147,6147.0,68,6144.0,234,6148.0,81,6143.0,177,6149.0,74,6142.0,140,6150.0,221,6141.0,146
1597988289103367936,1597988289000000000,2020-08-21 13:38:09.000000,6145.0,6188.0,6052.0,6138.0,nan,6118.15,2243809,205919415015.0,590933,6146.0,48,6145.0,151,6147.0,67,6144.0,234,6148.0,81,6143.0,177,6149.0,87,6142.0,140,6150.0,221,6141.0,146
1597988289619040000,1597988289500000000,2020-08-21 13:38:09.500000,6145.0,6188.0,6052.0,6138.0,nan,6118.152,2243963,205933609965.0,591020,6145.0,9,6144.0,234,6146.0,51,6143.0,177,6147.0,66,6142.0,140,6148.0,79,6141.0,146,6149.0,87,6140.0,408
1597988290114472960,1597988290000000000,2020-08-21 13:38:10.000000,6145.0,6188.0,6052.0,6138.0,nan,6118.152,2243980,205935176880.0,591021,6145.0,37,6144.0,230,6146.0,59,6143.0,177,6147.0,66,6142.0,138,6148.0,78,6141.0,147,6149.0,86,6140.0,409
1597988290601348096,1597988290500000000,2020-08-21 13:38:10.500000,6144.0,6188.0,6052.0,6138.0,nan,6118.153,2243996,205936651515.0,591032,6145.0,73,6144.0,217,6146.0,59,6143.0,176,6147.0,67,6142.0,139,6148.0,78,6141.0,147,6149.0,86,6140.0,409
1597988291111089920,1597988291000000000,2020-08-21 13:38:11.000000,6145.0,6188.0,6052.0,6138.0,nan,6118.153,2244041,205940799345.0,591050,6145.0,45,6144.0,214,6146.0,56,6143.0,176,6147.0,67,6142.0,139,6148.0,79,6141.0,147,6149.0,86,6140.0,409
1597988291619435008,1597988291500000000,2020-08-21 13:38:11.500000,6144.0,6188.0,6052.0,6138.0,nan,6118.153,2244048,205941444480.0,591056,6145.0,50,6144.0,211,6146.0,56,6143.0,176,6147.0,67,6142.0,139,6148.0,79,6141.0,149,6149.0,86,6140.0,409
1597988292115362048,1597988292000000000,2020-08-21 13:38:12.000000,6144.0,6188.0,6052.0,6138.0,nan,6118.153,2244060,205942550430.0,591059,6145.0,52,6144.0,200,6146.0,56,6143.0,175,6147.0,67,6142.0,140,6148.0,79,6141.0,149,6149.0,87,6140.0,409
1597988292610600960,1597988292500000000,2020-08-21 13:38:12.500000,6144.0,6188.0,6052.0,6138.0,nan,6118.154,2244077,205944117390.0,591072,6145.0,40,6144.0,199,6146.0,56,6143.0,175,6147.0,68,6142.0,140,6148.0,74,6141.0,149,6149.0,82,6140.0,409
1597988293111258880,1597988293000000000,2020-08-21 13:38:13.000000,6146.0,6188.0,6052.0,6138.0,nan,6118.154,2244133,205949279190.0,591055,6146.0,56,6145.0,8,6147.0,68,6144.0,199,6148.0,72,6143.0,175,6149.0,82,6142.0,141,6150.0,233,6141.0,149
1597988293596680960,1597988293500000000,2020-08-21 13:38:13.500000,6146.0,6188.0,6052.0,6138.0,nan,6118.155,2244159,205951675770.0,591052,6146.0,59,6145.0,26,6147.0,68,6144.0,214,6148.0,73,6143.0,175,6149.0,85,6142.0,141,6150.0,233,6141.0,150
1597988294123934976,1597988294000000000,2020-08-21 13:38:14.000000,6145.0,6188.0,6052.0,6138.0,nan,6118.155,2244170,205952689695.0,591047,6146.0,58,6145.0,26,6147.0,68,6144.0,214,6148.0,69,6143.0,175,6149.0,85,6142.0,143,6150.0,232,6141.0,150
1597988294604685056,1597988294500000000,2020-08-21 13:38:14.500000,6145.0,6188.0,6052.0,6138.0,nan,6118.155,2244181,205953703620.0,591047,6146.0,58,6145.0,22,6147.0,68,6144.0,221,6148.0,69,6143.0,175,6149.0,85,6142.0,143,6150.0,234,6141.0,150
1597988295126365952,1597988295000000000,2020-08-21 13:38:15.000000,6145.0,6188.0,6052.0,6138.0,nan,6118.155,2244200,205955454945.0,591043,6146.0,58,6145.0,10,6147.0,68,6144.0,222,6148.0,82,6143.0,176,6149.0,85,6142.0,142,6150.0,234,6141.0,150
1597988295618695936,1597988295500000000,2020-08-21 13:38:15.500000,6146.0,6188.0,6052.0,6138.0,nan,6118.155,2244209,205956284535.0,591039,6146.0,58,6145.0,5,6147.0,68,6144.0,223,6148.0,80,6143.0,230,6149.0,84,6142.0,142,6150.0,234,6141.0,148
1597988296111973888,1597988296000000000,2020-08-21 13:38:16.000000,6145.0,6188.0,6052.0,6138.0,nan,6118.155,2244231,205958312385.0,591031,6145.0,7,6144.0,223,6146.0,58,6143.0,230,6147.0,68,6142.0,142,6148.0,80,6141.0,148,6149.0,84,6140.0,409
1597988296608305920,1597988296500000000,2020-08-21 13:38:16.500000,6145.0,6188.0,6052.0,6138.0,nan,6118.156,2244251,205960155870.0,591035,6145.0,7,6144.0,226,6146.0,59,6143.0,231,6147.0,68,6142.0,142,6148.0,80,6141.0,147,6149.0,84,6140.0,409
1597988297120167936,1597988297000000000,2020-08-21 13:38:17.000000,6145.0,6188.0,6052.0,6138.0,nan,6118.156,2244262,205961169765.0,591032,6145.0,3,6144.0,224,6146.0,62,6143.0,231,6147.0,68,6142.0,142,6148.0,80,6141.0,147,6149.0,83,6140.0,409
1597988297613494016,1597988297500000000,2020-08-21 13:38:17.500000,6145.0,6188.0,6052.0,6138.0,nan,6118.156,2244272,205962091500.0,591030,6145.0,3,6144.0,224,6146.0,62,6143.0,231,6147.0,68,6142.0,143,6148.0,80,6141.0,146,6149.0,83,6140.0,409
1597988298115057920,1597988298000000000,2020-08-21 13:38:18.000000,6144.0,6188.0,6052.0,6138.0,nan,6118.156,2244293,205964027055.0,591030,6146.0,62,6145.0,14,6147.0,68,6144.0,216,6148.0,80,6143.0,261,6149.0,83,6142.0,143,6150.0,236,6141.0,146
1597988298612183040,1597988298500000000,2020-08-21 13:38:18.500000,6145.0,6188.0,6052.0,6138.0,nan,6118.156,2244296,205964303580.0,591030,6146.0,64,6145.0,41,6147.0,68,6144.0,224,6148.0,79,6143.0,261,6149.0,83,6142.0,143,6150.0,235,6141.0,146
1597988299115390976,1597988299000000000,2020-08-21 13:38:19.000000,6145.0,6188.0,6052.0,6138.0,nan,6118.156,2244299,205964580105.0,591029,6146.0,68,6145.0,77,6147.0,63,6144.0,225,6148.0,79,6143.0,261,6149.0,82,6142.0,143,6150.0,235,6141.0,146
1597988299626379008,1597988299500000000,2020-08-21 13:38:19.500000,6146.0,6188.0,6052.0,6138.0,nan,6118.156,2244309,205965501900.0,591021,6146.0,65,6145.0,75,6147.0,63,6144.0,226,6148.0,79,6143.0,261,6149.0,82,6142.0,143,6150.0,234,6141.0,146
1597988300113848064,1597988300000000000,2020-08-21 13:38:20.000000,6145.0,6188.0,6052.0,6138.0,nan,6118.156,2244316,205966147125.0,591025,6146.0,65,6145.0,94,6147.0,63,6144.0,227,6148.0,79,6143.0,261,6149.0,82,6142.0,143,6150.0,236,6141.0,146
1597988300617160960,1597988300500000000,2020-08-21 13:38:20.500000,6146.0,6188.0,6052.0,6138.0,nan,6118.157,2244328,205967253360.0,591018,6146.0,78,6145.0,109,6147.0,67,6144.0,227,6148.0,78,6143.0,261,6149.0,82,6142.0,143,6150.0,236,6141.0,146
1597988301497308928,1597988301000000000,2020-08-21 13:38:21.000000,6145.0,6188.0,6052.0,6138.0,nan,6118.157,2244341,205968451755.0,591010,6146.0,75,6145.0,108,6147.0,67,6144.0,227,6148.0,78,6143.0,261,6149.0,82,6142.0,143,6150.0,236,6141.0,146
1597988301837387008,1597988301500000000,2020-08-21 13:38:21.500000,6145.0,6188.0,6052.0,6138.0,nan,6118.157,2244342,205968543930.0,591009,6146.0,80,6145.0,109,6147.0,67,6144.0,227,6148.0,79,6143.0,261,6149.0,82,6142.0,143,6150.0,240,6141.0,146
1597988302120294912,1597988302000000000,2020-08-21 13:38:22.000000,6146.0,6188.0,6052.0,6138.0,nan,6118.157,2244345,205968820485.0,591008,6146.0,78,6145.0,109,6147.0,68,6144.0,227,6148.0,79,6143.0,261,6149.0,82,6142.0,143,6150.0,239,6141.0,146
1597988302606832896,1597988302500000000,2020-08-21 13:38:22.500000,6145.0,6188.0,6052.0,6138.0,nan,6118.157,2244350,205969281360.0,591006,6146.0,80,6145.0,109,6147.0,68,6144.0,230,6148.0,79,6143.0,261,6149.0,83,6142.0,142,6150.0,239,6141.0,146
1597988303106627072,1597988303000000000,2020-08-21 13:38:23.000000,6145.0,6188.0,6052.0,6138.0,nan,6118.157,2244398,205973705910.0,591039,6146.0,71,6145.0,78,6147.0,68,6144.0,230,6148.0,79,6143.0,262,6149.0,83,6142.0,142,6150.0,240,6141.0,146
1597988303792017920,1597988303500000000,2020-08-21 13:38:23.500000,6146.0,6188.0,6052.0,6138.0,nan,6118.158,2244404,205974259050.0,591042,6146.0,73,6145.0,82,6147.0,68,6144.0,230,6148.0,79,6143.0,262,6149.0,83,6142.0,143,6150.0,240,6141.0,146
1597988304098649088,1597988304000000000,2020-08-21 13:38:24.000000,6145.0,6188.0,6052.0,6138.0,nan,6118.158,2244466,205979974710.0,591025,6146.0,32,6145.0,86,6147.0,68,6144.0,231,6148.0,85,6143.0,262,6149.0,83,6142.0,144,6150.0,241,6141.0,146
1597988304620474880,1597988304500000000,2020-08-21 13:38:24.500000,6146.0,6188.0,6052.0,6138.0,nan,6118.159,2244486,205981818360.0,591026,6146.0,24,6145.0,77,6147.0,69,6144.0,231,6148.0,85,6143.0,262,6149.0,83,6142.0,144,6150.0,241,6141.0,146
1597988305106945024,1597988305000000000,2020-08-21 13:38:25.000000,6146.0,6188.0,6052.0,6138.0,nan,6118.159,2244493,205982463630.0,591029,6146.0,25,6145.0,78,6147.0,69,6144.0,233,6148.0,85,6143.0,262,6149.0,83,6142.0,144,6150.0,241,6141.0,146
1597988305623461888,1597988305500000000,2020-08-21 13:38:25.500000,6145.0,6188.0,6052.0,6138.0,nan,6118.159,2244501,205983201075.0,591027,6146.0,23,6145.0,75,6147.0,69,6144.0,236,6148.0,85,6143.0,262,6149.0,83,6142.0,145,6150.0,241,6141.0,146
1597988306117303040,1597988306000000000,2020-08-21 13:38:26.000000,6146.0,6188.0,6052.0,6138.0,nan,6118.159,2244503,205983385440.0,591028,6146.0,22,6145.0,74,6147.0,69,6144.0,238,6148.0,85,6143.0,263,6149.0,83,6142.0,145,6150.0,238,6141.0,146
1597988306606670080,1597988306500000000,2020-08-21 13:38:26.500000,6145.0,6188.0,6052.0,6138.0,nan,6118.159,2244504,205983477615.0,591029,6146.0,29,6145.0,75,6147.0,69,6144.0,239,6148.0,85,6143.0,263,6149.0,84,6142.0,145,6150.0,238,6141.0,146
1597988307106366976,1597988307000000000,2020-08-21 13:38:27.000000,6146.0,6188.0,6052.0,6138.0,nan,6118.159,2244506,205983661980.0,591031,6146.0,29,6145.0,74,6147.0,69,6144.0,239,6148.0,81,6143.0,263,6149.0,84,6142.0,146,6150.0,238,6141.0,146
1597988307613015040,1597988307500000000,2020-08-21 13:38:27.500000,6145.0,6188.0,6052.0,6138.0,nan,6118.159,2244516,205984583730.0,591041,6146.0,31,6145.0,64,6147.0,69,6144.0,240,6148.0,79,6143.0,263,6149.0,84,6142.0,146,6150.0,238,6141.0,146
1597988308119488000,1597988308000000000,2020-08-21 13:38:28.000000,6145.0,6188.0,6052.0,6138.0,nan,6118.159,2244521,205985044620.0,591044,6146.0,31,6145.0,61,6147.0,69,6144.0,240,6148.0,79,6143.0,263,6149.0,84,6142.0,146,6150.0,238,6141.0,146
1597988308612285952,1597988308500000000,2020-08-21 13:38:28.500000,6145.0,6188.0,6052.0,6138.0,nan,6118.159,2244530,205985874225.0,591041,6146.0,52,6145.0,71,6147.0,69,6144.0,240,6148.0,79,6143.0,263,6149.0,84,6142.0,146,6150.0,237,6141.0,146
1597988309107694080,1597988309000000000,2020-08-21 13:38:29.000000,6146.0,6188.0,6052.0,6138.0,nan,6118.159,2244533,205986150795.0,591042,6146.0,50,6145.0,73,6147.0,69,6144.0,241,6148.0,79,6143.0,263,6149.0,84,6142.0,146,6150.0,236,6141.0,146
1597988309790994944,1597988309500000000,2020-08-21 13:38:29.500000,6145.0,6188.0,6052.0,6138.0,nan,6118.159,2244538,205986611670.0,591037,6146.0,50,6145.0,73,6147.0,69,6144.0,241,6148.0,79,6143.0,263,6149.0,84,6142.0,146,6150.0,256,6141.0,146
1597988310113414912,1597988310000000000,2020-08-21 13:38:30.000000,6145.0,6188.0,6052.0,6138.0,nan,6118.159,2244539,205986703845.0,591036,6146.0,50,6145.0,72,6147.0,69,6144.0,241,6148.0,80,6143.0,263,6149.0,85,6142.0,146,6150.0,256,6141.0,146
1597988310599091968,1597988310500000000,2020-08-21 13:38:30.500000,6145.0,6188.0,6052.0,6138.0,nan,6118.159,2244541,205986888195.0,591034,6146.0,50,6145.0,77,6147.0,69,6144.0,242,6148.0,90,6143.0,263,6149.0,85,6142.0,145,6150.0,256,6141.0,146
1597988311117267968,1597988311000000000,2020-08-21 13:38:31.000000,6146.0,6188.0,6052.0,6138.0,nan,6118.16,2244603,205992603810.0,591034,6147.0,69,6146.0,12,6148.0,90,6145.0,67,6149.0,85,6144.0,246,6150.0,256,6143.0,263,6151.0,129,6142.0,145
1597988311611943936,1597988311500000000,2020-08-21 13:38:31.500000,6146.0,6188.0,6052.0,6138.0,nan,6118.16,2244625,205994631990.0,591034,6147.0,71,6146.0,15,6148.0,90,6145.0,68,6149.0,85,6144.0,249,6150.0,256,6143.0,209,6151.0,129,6142.0,145
1597988312114896896,1597988312000000000,2020-08-21 13:38:32.000000,6146.0,6188.0,6052.0,6138.0,nan,6118.161,2244656,205997489880.0,591035,6147.0,71,6146.0,6,6148.0,90,6145.0,69,6149.0,84,6144.0,250,6150.0,256,6143.0,209,6151.0,129,6142.0,143
1597988312625764096,1597988312500000000,2020-08-21 13:38:32.500000,6146.0,6188.0,6052.0,6138.0,nan,6118.161,2244678,205999518060.0,591035,6147.0,72,6146.0,44,6148.0,90,6145.0,71,6149.0,83,6144.0,251,6150.0,257,6143.0,209,6151.0,129,6142.0,147
1597988313110085120,1597988313000000000,2020-08-21 13:38:33.000000,6146.0,6188.0,6052.0,6138.0,nan,6118.161,2244681,205999794630.0,591035,6147.0,71,6146.0,55,6148.0,90,6145.0,73,6149.0,83,6144.0,251,6150.0,257,6143.0,215,6151.0,129,6142.0,147
1597988313602040064,1597988313500000000,2020-08-21 13:38:33.500000,6146.0,6188.0,6052.0,6138.0,nan,6118.161,2244723,206003667210.0,591036,6147.0,24,6146.0,62,6148.0,90,6145.0,73,6149.0,83,6144.0,251,6150.0,257,6143.0,215,6151.0,129,6142.0,147
1597988314124334080,1597988314000000000,2020-08-21 13:38:34.000000,6147.0,6188.0,6052.0,6138.0,nan,6118.162,2244758,206006894385.0,591035,6148.0,89,6147.0,15,6149.0,84,6146.0,72,6150.0,259,6145.0,74,6151.0,129,6144.0,250,6152.0,149,6143.0,215
1597988314598424064,1597988314500000000,2020-08-21 13:38:34.500000,6148.0,6188.0,6052.0,6138.0,nan,6118.162,2244801,206010859230.0,591065,6148.0,78,6147.0,15,6149.0,84,6146.0,72,6150.0,260,6145.0,68,6151.0,130,6144.0,260,6152.0,149,6143.0,215
1597988315096613120,1597988315000000000,2020-08-21 13:38:35.000000,6147.0,6188.0,6052.0,6138.0,nan,6118.163,2244809,206011596870.0,591063,6148.0,75,6147.0,16,6149.0,84,6146.0,67,6150.0,260,6145.0,70,6151.0,130,6144.0,260,6152.0,149,6143.0,216
1597988315659195904,1597988315500000000,2020-08-21 13:38:35.500000,6147.0,6188.0,6052.0,6138.0,nan,6118.163,2244825,206013072360.0,591070,6148.0,61,6147.0,29,6149.0,84,6146.0,67,6150.0,260,6145.0,71,6151.0,130,6144.0,261,6152.0,149,6143.0,216
1597988316112134912,1597988316000000000,2020-08-21 13:38:36.000000,6147.0,6188.0,6052.0,6138.0,nan,6118.163,2244833,206013810030.0,591065,6148.0,45,6147.0,62,6149.0,95,6146.0,69,6150.0,259,6145.0,75,6151.0,131,6144.0,256,6152.0,149,6143.0,216
1597988316599277056,1597988316500000000,2020-08-21 13:38:36.500000,6148.0,6188.0,6052.0,6138.0,nan,6118.163,2244872,206017406595.0,591042,6148.0,7,6147.0,65,6149.0,95,6146.0,69,6150.0,261,6145.0,75,6151.0,131,6144.0,256,6152.0,149,6143.0,216
1597988317111227904,1597988317000000000,2020-08-21 13:38:37.000000,6147.0,6188.0,6052.0,6138.0,nan,6118.164,2244880,206018144340.0,591039,6149.0,95,6148.0,2,6150.0,261,6147.0,62,6151.0,131,6146.0,69,6152.0,149,6145.0,68,6153.0,102,6144.0,257
1597988317598607872,1597988317500000000,2020-08-21 13:38:37.500000,6148.0,6188.0,6052.0,6138.0,nan,6118.164,2244887,206018789880.0,591041,6149.0,98,6148.0,3,6150.0,259,6147.0,65,6151.0,131,6146.0,71,6152.0,150,6145.0,69,6153.0,102,6144.0,259
1597988318131376896,1597988318000000000,2020-08-21 13:38:38.000000,6147.0,6188.0,6052.0,6138.0,nan,6118.164,2244892,206019250965.0,591040,6149.0,102,6148.0,4,6150.0,259,6147.0,64,6151.0,131,6146.0,72,6152.0,150,6145.0,70,6153.0,102,6144.0,259
1597988318602446080,1597988318500000000,2020-08-21 13:38:38.500000,6147.0,6188.0,6052.0,6138.0,nan,6118.164,2244900,206019988710.0,591039,6148.0,9,6147.0,62,6149.0,102,6146.0,73,6150.0,266,6145.0,71,6151.0,131,6144.0,259,6152.0,151,6143.0,215
1597988319107933952,1597988319000000000,2020-08-21 13:38:39.000000,6147.0,6188.0,6052.0,6138.0,nan,6118.164,2244905,206020449780.0,591039,6148.0,20,6147.0,61,6149.0,102,6146.0,73,6150.0,267,6145.0,70,6151.0,131,6144.0,259,6152.0,151,6143.0,214
1597988319622128128,1597988319500000000,2020-08-21 13:38:39.500000,6147.0,6188.0,6052.0,6138.0,nan,6118.164,2244906,206020541985.0,591039,6148.0,31,6147.0,61,6149.0,97,6146.0,74,6150.0,263,6145.0,70,6151.0,131,6144.0,259,6152.0,151,6143.0,214
1597988320121654016,1597988320000000000,2020-08-21 13:38:40.000000,6147.0,6188.0,6052.0,6138.0,nan,6118.164,2244908,206020726410.0,591039,6148.0,43,6147.0,65,6149.0,99,6146.0,75,6150.0,264,6145.0,70,6151.0,131,6144.0,259,6152.0,151,6143.0,214
1597988320611329024,1597988320500000000,2020-08-21 13:38:40.500000,6147.0,6188.0,6052.0,6138.0,nan,6118.164,2244910,206020910835.0,591040,6148.0,51,6147.0,68,6149.0,99,6146.0,75,6150.0,264,6145.0,70,6151.0,131,6144.0,259,6152.0,151,6143.0,214
1597988321119049984,1597988321000000000,2020-08-21 13:38:41.000000,6147.0,6188.0,6052.0,6138.0,nan,6118.164,2244910,206020910835.0,591040,6148.0,60,6147.0,67,6149.0,99,6146.0,75,6150.0,266,6145.0,70,6151.0,131,6144.0,259,6152.0,151,6143.0,214
1597988321620163072,1597988321500000000,2020-08-21 13:38:41.500000,6148.0,6188.0,6052.0,6138.0,nan,6118.164,2244915,206021371920.0,591042,6148.0,60,6147.0,66,6149.0,99,6146.0,75,6150.0,267,6145.0,72,6151.0,131,6144.0,259,6152.0,151,6143.0,214
1597988322113793024,1597988322000000000,2020-08-21 13:38:42.000000,6147.0,6188.0,6052.0,6138.0,nan,6118.164,2244950,206024599545.0,591064,6148.0,24,6147.0,61,6149.0,99,6146.0,85,6150.0,267,6145.0,72,6151.0,131,6144.0,258,6152.0,151,6143.0,214
1597988322630027008,1597988322500000000,2020-08-21 13:38:42.500000,6148.0,6188.0,6052.0,6138.0,nan,6118.165,2244963,206025798375.0,591071,6148.0,20,6147.0,67,6149.0,100,6146.0,87,6150.0,267,6145.0,70,6151.0,131,6144.0,257,6152.0,151,6143.0,215
1597988323113626112,1597988323000000000,2020-08-21 13:38:43.000000,6147.0,6188.0,6052.0,6138.0,nan,6118.165,2244976,206026997160.0,591073,6148.0,25,6147.0,66,6149.0,101,6146.0,87,6150.0,267,6145.0,69,6151.0,129,6144.0,257,6152.0,151,6143.0,216
1597988323612091904,1597988323500000000,2020-08-21 13:38:43.500000,6147.0,6188.0,6052.0,6138.0,nan,6118.165,2245008,206029947735.0,591070,6148.0,38,6147.0,35,6149.0,102,6146.0,87,6150.0,268,6145.0,72,6151.0,129,6144.0,257,6152.0,151,6143.0,216
1597988324103336960,1597988324000000000,2020-08-21 13:38:44.000000,6148.0,6188.0,6052.0,6138.0,nan,6118.165,2245012,206030316615.0,591067,6148.0,54,6147.0,37,6149.0,102,6146.0,87,6150.0,272,6145.0,72,6151.0,129,6144.0,256,6152.0,151,6143.0,216
1597988324615923968,1597988324500000000,2020-08-21 13:38:44.500000,6148.0,6188.0,6052.0,6138.0,nan,6118.165,2245018,206030869905.0,591072,6148.0,56,6147.0,35,6149.0,102,6146.0,87,6150.0,259,6145.0,72,6151.0,129,6144.0,257,6152.0,151,6143.0,216
1597988325126951936,1597988325000000000,2020-08-21 13:38:45.000000,6147.0,6188.0,6052.0,6138.0,nan,6118.165,2245022,206031238725.0,591076,6148.0,56,6147.0,35,6149.0,102,6146.0,87,6150.0,259,6145.0,69,6151.0,129,6144.0,257,6152.0,151,6143.0,216
1597988325627872000,1597988325500000000,2020-08-21 13:38:45.500000,6148.0,6188.0,6052.0,6138.0,nan,6118.165,2245025,206031515355.0,591078,6148.0,56,6147.0,50,6149.0,99,6146.0,87,6150.0,259,6145.0,69,6151.0,129,6144.0,252,6152.0,151,6143.0,216
1597988326128410112,1597988326000000000,2020-08-21 13:38:46.000000,6148.0,6188.0,6052.0,6138.0,nan,6118.166,2245084,206036956335.0,591063,6149.0,99,6147.0,64,6150.0,260,6146.0,87,6151.0,129,6145.0,69,6152.0,151,6144.0,252,6153.0,123,6143.0,216
1597988326617774080,1597988326500000000,2020-08-21 13:38:46.500000,6148.0,6188.0,6052.0,6138.0,nan,6118.166,2245093,206037786330.0,591069,6149.0,98,6148.0,36,6150.0,260,6147.0,74,6151.0,129,6146.0,87,6152.0,151,6145.0,68,6153.0,123,6144.0,251
1597988327107495936,1597988327000000000,2020-08-21 13:38:47.000000,6149.0,6188.0,6052.0,6138.0,nan,6118.166,2245094,206037878565.0,591069,6149.0,91,6148.0,42,6150.0,258,6147.0,74,6151.0,127,6146.0,89,6152.0,151,6145.0,68,6153.0,124,6144.0,252
1597988327602455040,1597988327500000000,2020-08-21 13:38:47.500000,6149.0,6188.0,6052.0,6138.0,nan,6118.167,2245107,206039077470.0,591067,6149.0,88,6148.0,104,6150.0,254,6147.0,75,6151.0,126,6146.0,89,6152.0,151,6145.0,68,6153.0,124,6144.0,252
1597988328125690880,1597988328000000000,2020-08-21 13:38:48.000000,6149.0,6188.0,6052.0,6138.0,nan,6118.168,2245197,206047378605.0,591036,6150.0,254,6149.0,9,6151.0,126,6148.0,120,6152.0,151,6147.0,75,6153.0,125,6146.0,89,6154.0,84,6145.0,69
1597988328627824896,1597988328500000000,2020-08-21 13:38:48.500000,6150.0,6188.0,6052.0,6138.0,nan,6118.171,2245443,206070072090.0,591014,6150.0,1,6149.0,68,6151.0,126,6148.0,121,6152.0,151,6147.0,77,6153.0,127,6146.0,92,6154.0,84,6145.0,69
1597988329157499904,1597988329000000000,2020-08-21 13:38:49.000000,6150.0,6188.0,6052.0,6138.0,nan,6118.172,2245464,206072009460.0,591018,6151.0,117,6150.0,63,6152.0,147,6149.0,134,6153.0,126,6148.0,121,6154.0,84,6147.0,77,6155.0,282,6146.0,92
1597988329621398016,1597988329500000000,2020-08-21 13:38:49.500000,6151.0,6188.0,6052.0,6138.0,nan,6118.172,2245499,206075238225.0,591051,6151.0,107,6150.0,34,6152.0,143,6149.0,136,6153.0,126,6148.0,110,6154.0,85,6147.0,72,6155.0,282,6146.0,92
1597988330114436096,1597988330000000000,2020-08-21 13:38:50.000000,6151.0,6188.0,6052.0,6138.0,nan,6118.173,2245538,206078836200.0,591026,6151.0,99,6150.0,7,6152.0,143,6149.0,138,6153.0,124,6148.0,110,6154.0,85,6147.0,73,6155.0,282,6146.0,92
1597988330620260096,1597988330500000000,2020-08-21 13:38:50.500000,6150.0,6188.0,6052.0,6138.0,nan,6118.173,2245549,206079850950.0,591016,6150.0,23,6149.0,137,6151.0,101,6148.0,110,6152.0,143,6147.0,73,6153.0,124,6146.0,92,6154.0,85,6145.0,77
1597988331125815040,1597988331000000000,2020-08-21 13:38:51.000000,6150.0,6188.0,6052.0,6138.0,nan,6118.173,2245565,206081326950.0,591010,6150.0,25,6149.0,141,6151.0,98,6148.0,110,6152.0,143,6147.0,73,6153.0,124,6146.0,92,6154.0,85,6145.0,77
1597988331613063936,1597988331500000000,2020-08-21 13:38:51.500000,6150.0,6188.0,6052.0,6138.0,nan,6118.173,2245580,206082710700.0,591015,6150.0,10,6149.0,141,6151.0,98,6148.0,111,6152.0,143,6147.0,71,6153.0,124,6146.0,91,6154.0,85,6145.0,77
1597988332165847040,1597988332000000000,2020-08-21 13:38:52.000000,6150.0,6188.0,6052.0,6138.0,nan,6118.174,2245614,206085847185.0,591018,6151.0,96,6149.0,132,6152.0,143,6148.0,111,6153.0,124,6147.0,70,6154.0,85,6146.0,91,6155.0,283,6145.0,77
1597988332679465984,1597988332500000000,2020-08-21 13:38:52.500000,6150.0,6188.0,6052.0,6138.0,nan,6118.174,2245616,206086031685.0,591017,6151.0,98,6150.0,5,6152.0,143,6149.0,132,6153.0,124,6148.0,111,6154.0,85,6147.0,71,6155.0,284,6146.0,91
1597988333136268032,1597988333000000000,2020-08-21 13:38:53.000000,6151.0,6188.0,6052.0,6138.0,nan,6118.174,2245636,206087876910.0,591017,6151.0,83,6150.0,10,6152.0,143,6149.0,137,6153.0,124,6148.0,111,6154.0,85,6147.0,73,6155.0,284,6146.0,90
1597988333608491008,1597988333500000000,2020-08-21 13:38:53.500000,6150.0,6188.0,6052.0,6138.0,nan,6118.174,2245652,206089352910.0,591009,6151.0,87,6150.0,20,6152.0,143,6149.0,140,6153.0,124,6148.0,111,6154.0,85,6147.0,73,6155.0,284,6146.0,90
1597988334140557056,1597988334000000000,2020-08-21 13:38:54.000000,6151.0,6188.0,6052.0,6138.0,nan,6118.174,2245661,206090183250.0,591006,6151.0,82,6150.0,21,6152.0,143,6149.0,78,6153.0,124,6148.0,111,6154.0,85,6147.0,75,6155.0,284,6146.0,90
1597988334619811072,1597988334500000000,2020-08-21 13:38:54.500000,6150.0,6188.0,6052.0,6138.0,nan,6118.174,2245665,206090552280.0,591007,6151.0,81,6150.0,21,6152.0,143,6149.0,80,6153.0,125,6148.0,111,6154.0,85,6147.0,76,6155.0,284,6146.0,96
1597988335114661888,1597988335000000000,2020-08-21 13:38:55.000000,6150.0,6188.0,6052.0,6138.0,nan,6118.175,2245687,206092581780.0,591009,6150.0,4,6149.0,85,6151.0,84,6148.0,112,6152.0,143,6147.0,96,6153.0,125,6146.0,96,6154.0,85,6145.0,77
1597988335637271040,1597988335500000000,2020-08-21 13:38:55.500000,6150.0,6188.0,6052.0,6138.0,nan,6118.175,2245696,206093412030.0,591006,6150.0,17,6149.0,86,6151.0,84,6148.0,115,6152.0,143,6147.0,95,6153.0,125,6146.0,96,6154.0,87,6145.0,78
1597988336130928896,1597988336000000000,2020-08-21 13:38:56.000000,6150.0,6188.0,6052.0,6138.0,nan,6118.175,2245702,206093965530.0,591012,6150.0,28,6149.0,86,6151.0,117,6148.0,116,6152.0,143,6147.0,95,6153.0,125,6146.0,96,6154.0,90,6145.0,89
1597988336608665088,1597988336500000000,2020-08-21 13:38:56.500000,6151.0,6188.0,6052.0,6138.0,nan,6118.176,2245754,206098762830.0,591036,6151.0,107,6150.0,20,6152.0,145,6149.0,89,6153.0,125,6148.0,118,6154.0,90,6147.0,77,6155.0,283,6146.0,97
1597988337130763008,1597988337000000000,2020-08-21 13:38:57.000000,6151.0,6188.0,6052.0,6138.0,nan,6118.176,2245767,206099962215.0,591035,6151.0,98,6150.0,84,6152.0,146,6149.0,89,6153.0,127,6148.0,55,6154.0,90,6147.0,77,6155.0,284,6146.0,97
1597988337617316096,1597988337500000000,2020-08-21 13:38:57.500000,6151.0,6188.0,6052.0,6138.0,nan,6118.176,2245784,206101530690.0,591031,6151.0,89,6150.0,90,6152.0,146,6149.0,89,6153.0,127,6148.0,57,6154.0,90,6147.0,72,6155.0,290,6146.0,126
1597988338120632064,1597988338000000000,2020-08-21 13:38:58.000000,6151.0,6188.0,6052.0,6138.0,nan,6118.176,2245796,206102637855.0,591026,6151.0,84,6150.0,90,6152.0,148,6149.0,90,6153.0,127,6148.0,57,6154.0,90,6147.0,72,6155.0,289,6146.0,126
1597988338607340032,1597988338500000000,2020-08-21 13:38:58.500000,6150.0,6188.0,6052.0,6138.0,nan,6118.177,2245871,206109557550.0,591006,6151.0,27,6150.0,85,6152.0,148,6149.0,90,6153.0,127,6148.0,57,6154.0,91,6147.0,67,6155.0,290,6146.0,127
1597988339204783104,1597988339000000000,2020-08-21 13:38:59.000000,6150.0,6188.0,6052.0,6138.0,nan,6118.178,2245949,206116753230.0,591003,6151.0,23,6150.0,21,6152.0,148,6149.0,91,6153.0,127,6148.0,57,6154.0,91,6147.0,68,6155.0,291,6146.0,127
1597988339630978048,1597988339500000000,2020-08-21 13:38:59.500000,6151.0,6188.0,6052.0,6138.0,nan,6118.179,2245955,206117306805.0,591002,6151.0,63,6150.0,28,6152.0,154,6149.0,91,6153.0,126,6148.0,57,6154.0,92,6147.0,68,6155.0,371,6146.0,127
1597988340109210880,1597988340000000000,2020-08-21 13:39:00.000000,6151.0,6188.0,6052.0,6138.0,nan,6118.179,2245963,206118044910.0,590997,6151.0,57,6150.0,25,6152.0,154,6149.0,91,6153.0,126,6148.0,60,6154.0,92,6147.0,68,6155.0,371,6146.0,128
1597988340625801984,1597988340500000000,2020-08-21 13:39:00.500000,6150.0,6188.0,6052.0,6138.0,nan,6118.179,2245964,206118137160.0,590997,6151.0,63,6150.0,29,6152.0,155,6149.0,95,6153.0,126,6148.0,60,6154.0,94,6147.0,68,6155.0,371,6146.0,128
1597988341114724096,1597988341000000000,2020-08-21 13:39:01.000000,6151.0,6188.0,6052.0,6138.0,nan,6118.179,2245969,206118598455.0,590997,6151.0,65,6150.0,30,6152.0,154,6149.0,95,6153.0,126,6148.0,60,6154.0,94,6147.0,69,6155.0,371,6146.0,128
1597988341646853888,1597988341500000000,2020-08-21 13:39:01.500000,6150.0,6188.0,6052.0,6138.0,nan,6118.179,2245981,206119705455.0,590997,6151.0,72,6150.0,19,6152.0,155,6149.0,95,6153.0,127,6148.0,60,6154.0,94,6147.0,69,6155.0,371,6146.0,128
1597988342132832000,1597988342000000000,2020-08-21 13:39:02.000000,6151.0,6188.0,6052.0,6138.0,nan,6118.179,2245985,206120074500.0,590996,6151.0,73,6150.0,26,6152.0,155,6149.0,95,6153.0,127,6148.0,60,6154.0,94,6147.0,69,6155.0,371,6146.0,128
1597988342636131072,1597988342500000000,2020-08-21 13:39:02.500000,6150.0,6188.0,6052.0,6138.0,nan,6118.179,2245990,206120535795.0,590997,6151.0,66,6150.0,40,6152.0,155,6149.0,95,6153.0,128,6148.0,60,6154.0,94,6147.0,69,6155.0,371,6146.0,128
1597988343115522048,1597988343000000000,2020-08-21 13:39:03.000000,6151.0,6188.0,6052.0,6138.0,nan,6118.179,2246002,206121642960.0,591000,6151.0,55,6150.0,40,6152.0,155,6149.0,95,6153.0,133,6148.0,57,6154.0,97,6147.0,69,6155.0,358,6146.0,128
1597988343630523904,1597988343500000000,2020-08-21 13:39:03.500000,6150.0,6188.0,6052.0,6138.0,nan,6118.179,2246009,206122288740.0,591000,6151.0,55,6150.0,37,6152.0,155,6149.0,95,6153.0,133,6148.0,58,6154.0,97,6147.0,69,6155.0,358,6146.0,128
1597988344127606016,1597988344000000000,2020-08-21 13:39:04.000000,6150.0,6188.0,6052.0,6138.0,nan,6118.179,2246011,206122473255.0,591001,6151.0,57,6150.0,37,6152.0,155,6149.0,96,6153.0,133,6148.0,59,6154.0,98,6147.0,69,6155.0,358,6146.0,133
1597988344613011968,1597988344500000000,2020-08-21 13:39:04.500000,6151.0,6188.0,6052.0,6138.0,nan,6118.179,2246015,206122842285.0,591001,6151.0,57,6150.0,38,6152.0,155,6149.0,98,6153.0,146,6148.0,59,6154.0,98,6147.0,69,6155.0,358,6146.0,133
1597988345128395008,1597988345000000000,2020-08-21 13:39:05.000000,6150.0,6188.0,6052.0,6138.0,nan,6118.179,2246018,206123119035.0,591000,6151.0,58,6150.0,49,6152.0,156,6149.0,99,6153.0,146,6148.0,59,6154.0,98,6147.0,69,6155.0,363,6146.0,134
1597988345632665088,1597988345500000000,2020-08-21 13:39:05.500000,6151.0,6188.0,6052.0,6138.0,nan,6118.18,2246019,206123211300.0,591000,6151.0,58,6150.0,49,6152.0,155,6149.0,99,6153.0,146,6148.0,59,6154.0,98,6147.0,73,6155.0,363,6146.0,134
1597988346115825920,1597988346000000000,2020-08-21 13:39:06.000000,6150.0,6188.0,6052.0,6138.0,nan,6118.18,2246024,206123672595.0,591000,6151.0,55,6150.0,48,6152.0,155,6149.0,99,6153.0,147,6148.0,59,6154.0,98,6147.0,73,6155.0,363,6146.0,134
1597988346640448000,1597988346500000000,2020-08-21 13:39:06.500000,6151.0,6188.0,6052.0,6138.0,nan,6118.18,2246028,206124041610.0,591002,6151.0,56,6150.0,49,6152.0,155,6149.0,100,6153.0,147,6148.0,59,6154.0,98,6147.0,73,6155.0,363,6146.0,133
1597988347119529984,1597988347000000000,2020-08-21 13:39:07.000000,6150.0,6188.0,6052.0,6138.0,nan,6118.18,2246062,206127178560.0,590987,6151.0,44,6150.0,47,6152.0,155,6149.0,100,6153.0,147,6148.0,59,6154.0,98,6147.0,74,6155.0,361,6146.0,133
1597988347610747904,1597988347500000000,2020-08-21 13:39:07.500000,6151.0,6188.0,6052.0,6138.0,nan,6118.18,2246073,206128193475.0,590992,6151.0,41,6150.0,52,6152.0,155,6149.0,101,6153.0,147,6148.0,59,6154.0,98,6147.0,72,6155.0,361,6146.0,133
1597988348113657088,1597988348000000000,2020-08-21 13:39:08.000000,6150.0,6188.0,6052.0,6138.0,nan,6118.18,2246076,206128470225.0,590994,6151.0,42,6150.0,49,6152.0,158,6149.0,104,6153.0,147,6148.0,59,6154.0,98,6147.0,72,6155.0,361,6146.0,133
1597988348621387008,1597988348500000000,2020-08-21 13:39:08.500000,6150.0,6188.0,6052.0,6138.0,nan,6118.18,2246076,206128470225.0,590994,6151.0,58,6150.0,49,6152.0,158,6149.0,104,6153.0,147,6148.0,59,6154.0,98,6147.0,73,6155.0,361,6146.0,133
1597988349115271936,1597988349000000000,2020-08-21 13:39:09.000000,6150.0,6188.0,6052.0,6138.0,nan,6118.18,2246076,206128470225.0,590994,6151.0,59,6150.0,49,6152.0,158,6149.0,104,6153.0,150,6148.0,59,6154.0,98,6147.0,73,6155.0,361,6146.0,133
1597988349604552960,1597988349500000000,2020-08-21 13:39:09.500000,6151.0,6188.0,6052.0,6138.0,nan,6118.18,2246081,206128931535.0,590996,6151.0,58,6150.0,48,6152.0,158,6149.0,104,6153.0,150,6148.0,59,6154.0,98,6147.0,68,6155.0,361,6146.0,133
1597988350108763904,1597988350000000000,2020-08-21 13:39:10.000000,6150.0,6188.0,6052.0,6138.0,nan,6118.18,2246082,206129023785.0,590996,6151.0,62,6150.0,47,6152.0,158,6149.0,103,6153.0,151,6148.0,59,6154.0,98,6147.0,68,6155.0,361,6146.0,133
1597988350639077120,1597988350500000000,2020-08-21 13:39:10.500000,6151.0,6188.0,6052.0,6138.0,nan,6118.181,2246105,206131145715.0,590995,6151.0,52,6150.0,36,6152.0,158,6149.0,103,6153.0,151,6148.0,59,6154.0,96,6147.0,68,6155.0,361,6146.0,133
1597988351113020928,1597988351000000000,2020-08-21 13:39:11.000000,6150.0,6188.0,6052.0,6138.0,nan,6118.181,2246121,206132621940.0,591009,6151.0,41,6150.0,37,6152.0,158,6149.0,103,6153.0,157,6148.0,59,6154.0,96,6147.0,65,6155.0,361,6146.0,133
1597988351649658112,1597988351500000000,2020-08-21 13:39:11.500000,6151.0,6188.0,6052.0,6138.0,nan,6118.181,2246130,206133452205.0,591011,6151.0,45,6150.0,33,6152.0,154,6149.0,103,6153.0,157,6148.0,61,6154.0,100,6147.0,65,6155.0,361,6146.0,139
1597988352119855104,1597988352000000000,2020-08-21 13:39:12.000000,6151.0,6188.0,6052.0,6138.0,nan,6118.181,2246138,206134190295.0,591014,6151.0,40,6150.0,30,6152.0,154,6149.0,103,6153.0,157,6148.0,61,6154.0,100,6147.0,66,6155.0,361,6146.0,139
1597988352641892096,1597988352500000000,2020-08-21 13:39:12.500000,6151.0,6188.0,6052.0,6138.0,nan,6118.181,2246140,206134374825.0,591015,6151.0,39,6150.0,34,6152.0,154,6149.0,103,6153.0,158,6148.0,61,6154.0,100,6147.0,66,6155.0,361,6146.0,139
1597988353124596992,1597988353000000000,2020-08-21 13:39:13.000000,6151.0,6188.0,6052.0,6138.0,nan,6118.181,2246140,206134374825.0,591015,6151.0,35,6150.0,59,6152.0,154,6149.0,103,6153.0,158,6148.0,61,6154.0,100,6147.0,65,6155.0,361,6146.0,139
1597988353604707072,1597988353500000000,2020-08-21 13:39:13.500000,6151.0,6188.0,6052.0,6138.0,nan,6118.181,2246140,206134374825.0,591015,6151.0,35,6150.0,61,6152.0,156,6149.0,103,6153.0,159,6148.0,61,6154.0,100,6147.0,65,6155.0,361,6146.0,140
1597988354121405952,1597988354000000000,2020-08-21 13:39:14.000000,6151.0,6188.0,6052.0,6138.0,nan,6118.181,2246143,206134651605.0,591014,6151.0,37,6150.0,60,6152.0,156,6149.0,101,6153.0,159,6148.0,61,6154.0,100,6147.0,65,6155.0,361,6146.0,140
1597988354626631936,1597988354500000000,2020-08-21 13:39:14.500000,6151.0,6188.0,6052.0,6138.0,nan,6118.181,2246147,206135020665.0,591011,6151.0,48,6150.0,62,6152.0,157,6149.0,101,6153.0,159,6148.0,61,6154.0,101,6147.0,64,6155.0,361,6146.0,140
1597988355107623936,1597988355000000000,2020-08-21 13:39:15.000000,6150.0,6188.0,6052.0,6138.0,nan,6118.181,2246148,206135112915.0,591010,6151.0,48,6150.0,62,6152.0,157,6149.0,101,6153.0,159,6148.0,62,6154.0,102,6147.0,64,6155.0,361,6146.0,140
1597988355609427968,1597988355500000000,2020-08-21 13:39:15.500000,6150.0,6188.0,6052.0,6138.0,nan,6118.181,2246152,206135481930.0,591007,6151.0,49,6150.0,60,6152.0,157,6149.0,101,6153.0,160,6148.0,62,6154.0,102,6147.0,64,6155.0,361,6146.0,140
1597988356117472000,1597988356000000000,2020-08-21 13:39:16.000000,6151.0,6188.0,6052.0,6138.0,nan,6118.182,2246168,206136958095.0,591015,6151.0,45,6150.0,53,6152.0,157,6149.0,101,6153.0,160,6148.0,62,6154.0,102,6147.0,64,6155.0,361,6146.0,140
1597988356607334912,1597988356500000000,2020-08-21 13:39:16.500000,6150.0,6188.0,6052.0,6138.0,nan,6118.182,2246211,206140925370.0,590985,6151.0,14,6150.0,45,6152.0,157,6149.0,106,6153.0,158,6148.0,62,6154.0,102,6147.0,64,6155.0,361,6146.0,141
1597988357112466944,1597988357000000000,2020-08-21 13:39:17.000000,6150.0,6188.0,6052.0,6138.0,nan,6118.182,2246223,206142032415.0,590980,6151.0,29,6150.0,40,6152.0,160,6149.0,106,6153.0,161,6148.0,61,6154.0,102,6147.0,64,6155.0,361,6146.0,141
1597988357601776128,1597988357500000000,2020-08-21 13:39:17.500000,6151.0,6188.0,6052.0,6138.0,nan,6118.183,2246264,206145815280.0,590956,6151.0,5,6150.0,40,6152.0,161,6149.0,106,6153.0,161,6148.0,61,6154.0,102,6147.0,64,6155.0,361,6146.0,141
1597988358124706048,1597988358000000000,2020-08-21 13:39:18.000000,6150.0,6188.0,6052.0,6138.0,nan,6118.183,2246266,206145999780.0,590957,6151.0,46,6150.0,45,6152.0,161,6149.0,106,6153.0,161,6148.0,61,6154.0,102,6147.0,66,6155.0,361,6146.0,141
1597988358611333888,1597988358500000000,2020-08-21 13:39:18.500000,6151.0,6188.0,6052.0,6138.0,nan,6118.183,2246287,206147937330.0,590961,6151.0,36,6150.0,43,6152.0,161,6149.0,106,6153.0,161,6148.0,61,6154.0,102,6147.0,66,6155.0,361,6146.0,141
1597988359117512960,1597988359000000000,2020-08-21 13:39:19.000000,6150.0,6188.0,6052.0,6138.0,nan,6118.184,2246297,206148859965.0,590970,6151.0,32,6150.0,46,6152.0,161,6149.0,106,6153.0,161,6148.0,61,6154.0,103,6147.0,66,6155.0,361,6146.0,141
1597988359613569024,1597988359500000000,2020-08-21 13:39:19.500000,6151.0,6188.0,6052.0,6138.0,nan,6118.184,2246299,206149044480.0,590972,6151.0,34,6150.0,45,6152.0,162,6149.0,106,6153.0,161,6148.0,61,6154.0,104,6147.0,66,6155.0,361,6146.0,151
1597988360119356928,1597988360000000000,2020-08-21 13:39:20.000000,6151.0,6188.0,6052.0,6138.0,nan,6118.184,2246299,206149044480.0,590972,6151.0,37,6150.0,53,6152.0,164,6149.0,106,6153.0,161,6148.0,61,6154.0,104,6147.0,67,6155.0,361,6146.0,124
1597988360613680896,1597988360500000000,2020-08-21 13:39:20.500000,6150.0,6188.0,6052.0,6138.0,nan,6118.184,2246356,206154302790.0,590966,6150.0,49,6149.0,106,6151.0,35,6148.0,61,6152.0,162,6147.0,67,6153.0,161,6146.0,124,6154.0,104,6145.0,97
1597988361122172928,1597988361000000000,2020-08-21 13:39:21.000000,6150.0,6188.0,6052.0,6138.0,nan,6118.185,2246368,206155409730.0,590968,6150.0,46,6149.0,102,6151.0,47,6148.0,61,6152.0,167,6147.0,67,6153.0,161,6146.0,124,6154.0,104,6145.0,97
1597988361606870016,1597988361500000000,2020-08-21 13:39:21.500000,6150.0,6188.0,6052.0,6138.0,nan,6118.185,2246373,206155870950.0,590968,6150.0,57,6149.0,103,6151.0,51,6148.0,61,6152.0,167,6147.0,77,6153.0,161,6146.0,124,6154.0,104,6145.0,92
1597988362120413952,1597988362000000000,2020-08-21 13:39:22.000000,6150.0,6188.0,6052.0,6138.0,nan,6118.185,2246375,206156055435.0,590967,6150.0,57,6149.0,100,6151.0,51,6148.0,61,6152.0,167,6147.0,77,6153.0,161,6146.0,124,6154.0,104,6145.0,92
1597988362617388032,1597988362500000000,2020-08-21 13:39:22.500000,6149.0,6188.0,6052.0,6138.0,nan,6118.185,2246381,206156608860.0,590963,6150.0,61,6149.0,96,6151.0,51,6148.0,62,6152.0,167,6147.0,77,6153.0,161,6146.0,124,6154.0,104,6145.0,92
1597988363135335936,1597988363000000000,2020-08-21 13:39:23.000000,6150.0,6188.0,6052.0,6138.0,nan,6118.185,2246387,206157162345.0,590959,6150.0,60,6149.0,97,6151.0,45,6148.0,62,6152.0,168,6147.0,78,6153.0,161,6146.0,124,6154.0,104,6145.0,92
1597988363620115968,1597988363500000000,2020-08-21 13:39:23.500000,6150.0,6188.0,6052.0,6138.0,nan,6118.185,2246389,206157346845.0,590959,6150.0,68,6149.0,97,6151.0,45,6148.0,62,6152.0,168,6147.0,80,6153.0,161,6146.0,124,6154.0,104,6145.0,92
1597988364112476928,1597988364000000000,2020-08-21 13:39:24.000000,6150.0,6188.0,6052.0,6138.0,nan,6118.185,2246403,206158638345.0,590959,6150.0,54,6149.0,95,6151.0,45,6148.0,62,6152.0,168,6147.0,81,6153.0,161,6146.0,124,6154.0,104,6145.0,92
1597988364614151936,1597988364500000000,2020-08-21 13:39:24.500000,6150.0,6188.0,6052.0,6138.0,nan,6118.185,2246403,206158638345.0,590959,6150.0,43,6149.0,95,6151.0,45,6148.0,62,6152.0,168,6147.0,81,6153.0,161,6146.0,124,6154.0,102,6145.0,92
1597988365115540992,1597988365000000000,2020-08-21 13:39:25.000000,6149.0,6188.0,6052.0,6138.0,nan,6118.185,2246414,206159652945.0,590950,6150.0,43,6149.0,85,6151.0,49,6148.0,62,6152.0,167,6147.0,81,6153.0,161,6146.0,124,6154.0,102,6145.0,93
1597988365606412032,1597988365500000000,2020-08-21 13:39:25.500000,6149.0,6188.0,6052.0,6138.0,nan,6118.185,2246418,206160021885.0,590954,6150.0,52,6149.0,88,6151.0,48,6148.0,62,6152.0,166,6147.0,81,6153.0,161,6146.0,124,6154.0,102,6145.0,93
1597988366123379968,1597988366000000000,2020-08-21 13:39:26.000000,6149.0,6188.0,6052.0,6138.0,nan,6118.185,2246419,206160114120.0,590954,6150.0,52,6149.0,88,6151.0,51,6148.0,62,6152.0,166,6147.0,81,6153.0,161,6146.0,123,6154.0,102,6145.0,93
1597988366633819904,1597988366500000000,2020-08-21 13:39:26.500000,6149.0,6188.0,6052.0,6138.0,nan,6118.185,2246421,206160298590.0,590952,6150.0,52,6149.0,86,6151.0,52,6148.0,62,6152.0,166,6147.0,81,6153.0,161,6146.0,123,6154.0,102,6145.0,93
1597988367127894016,1597988367000000000,2020-08-21 13:39:27.000000,6150.0,6188.0,6052.0,6138.0,nan,6118.185,2246426,206160759840.0,590948,6150.0,48,6149.0,87,6151.0,52,6148.0,65,6152.0,166,6147.0,81,6153.0,161,6146.0,123,6154.0,102,6145.0,93
1597988367612035072,1597988367500000000,2020-08-21 13:39:27.500000,6150.0,6188.0,6052.0,6138.0,nan,6118.185,2246427,206160852090.0,590947,6150.0,47,6149.0,89,6151.0,52,6148.0,65,6152.0,166,6147.0,81,6153.0,161,6146.0,123,6154.0,102,6145.0,94
1597988368120961024,1597988368000000000,2020-08-21 13:39:28.000000,6149.0,6188.0,6052.0,6138.0,nan,6118.186,2246469,206164725960.0,590972,6150.0,57,6149.0,47,6151.0,53,6148.0,65,6152.0,166,6147.0,81,6153.0,161,6146.0,123,6154.0,102,6145.0,94
1597988368613852928,1597988368500000000,2020-08-21 13:39:28.500000,6150.0,6188.0,6052.0,6138.0,nan,6118.186,2246471,206164910445.0,590971,6150.0,68,6149.0,47,6151.0,53,6148.0,65,6152.0,166,6147.0,81,6153.0,162,6146.0,123,6154.0,102,6145.0,94
1597988369113399040,1597988369000000000,2020-08-21 13:39:29.000000,6149.0,6188.0,6052.0,6138.0,nan,6118.186,2246484,206166109680.0,590968,6150.0,62,6149.0,49,6151.0,54,6148.0,65,6152.0,166,6147.0,81,6153.0,162,6146.0,123,6154.0,102,6145.0,94
1597988369604717056,1597988369500000000,2020-08-21 13:39:29.500000,6150.0,6188.0,6052.0,6138.0,nan,6118.186,2246491,206166755340.0,590963,6150.0,61,6149.0,43,6151.0,54,6148.0,61,6152.0,166,6147.0,85,6153.0,162,6146.0,123,6154.0,102,6145.0,94
1597988370134071040,1597988370000000000,2020-08-21 13:39:30.000000,6150.0,6188.0,6052.0,6138.0,nan,6118.186,2246491,206166755340.0,590963,6150.0,76,6149.0,54,6151.0,54,6148.0,61,6152.0,166,6147.0,86,6153.0,162,6146.0,123,6154.0,102,6145.0,94
1597988370629964032,1597988370500000000,2020-08-21 13:39:30.500000,6150.0,6188.0,6052.0,6138.0,nan,6118.186,2246496,206167216590.0,590962,6150.0,71,6149.0,58,6151.0,56,6148.0,61,6152.0,166,6147.0,86,6153.0,162,6146.0,123,6154.0,102,6145.0,94
1597988371125601024,1597988371000000000,2020-08-21 13:39:31.000000,6149.0,6188.0,6052.0,6138.0,nan,6118.186,2246501,206167677795.0,590961,6150.0,68,6149.0,55,6151.0,56,6148.0,62,6152.0,166,6147.0,87,6153.0,162,6146.0,123,6154.0,102,6145.0,94
1597988371624886016,1597988371500000000,2020-08-21 13:39:31.500000,6149.0,6188.0,6052.0,6138.0,nan,6118.186,2246502,206167770030.0,590962,6150.0,68,6149.0,55,6151.0,48,6148.0,62,6152.0,166,6147.0,85,6153.0,162,6146.0,123,6154.0,102,6145.0,94
1597988372111981056,1597988372000000000,2020-08-21 13:39:32.000000,6149.0,6188.0,6052.0,6138.0,nan,6118.186,2246504,206167954500.0,590963,6150.0,70,6149.0,58,6151.0,49,6148.0,67,6152.0,166,6147.0,85,6153.0,162,6146.0,123,6154.0,102,6145.0,94
1597988372615183872,1597988372500000000,2020-08-21 13:39:32.500000,6150.0,6188.0,6052.0,6138.0,nan,6118.186,2246505,206168046750.0,590963,6150.0,70,6149.0,59,6151.0,49,6148.0,71,6152.0,166,6147.0,85,6153.0,162,6146.0,123,6154.0,102,6145.0,94
1597988373126526976,1597988373000000000,2020-08-21 13:39:33.000000,6150.0,6188.0,6052.0,6138.0,nan,6118.186,2246507,206168231250.0,590962,6150.0,67,6149.0,59,6151.0,50,6148.0,71,6152.0,166,6147.0,85,6153.0,163,6146.0,123,6154.0,102,6145.0,94
1597988373609042944,1597988373500000000,2020-08-21 13:39:33.500000,6149.0,6188.0,6052.0,6138.0,nan,6118.187,2246513,206168784735.0,590964,6150.0,63,6149.0,58,6151.0,51,6148.0,71,6152.0,166,6147.0,85,6153.0,157,6146.0,123,6154.0,102,6145.0,93
1597988374115627008,1597988374000000000,2020-08-21 13:39:34.000000,6149.0,6188.0,6052.0,6138.0,nan,6118.187,2246519,206169338145.0,590969,6150.0,63,6149.0,52,6151.0,51,6148.0,71,6152.0,166,6147.0,85,6153.0,157,6146.0,123,6154.0,102,6145.0,93
1597988374644761088,1597988374500000000,2020-08-21 13:39:34.500000,6149.0,6188.0,6052.0,6138.0,nan,6118.187,2246520,206169430380.0,590970,6150.0,63,6149.0,48,6151.0,51,6148.0,71,6152.0,166,6147.0,85,6153.0,157,6146.0,123,6154.0,102,6145.0,93
1597988375112186112,1597988375000000000,2020-08-21 13:39:35.000000,6150.0,6188.0,6052.0,6138.0,nan,6118.187,2246526,206169983880.0,590968,6150.0,59,6149.0,51,6151.0,53,6148.0,71,6152.0,166,6147.0,89,6153.0,157,6146.0,123,6154.0,102,6145.0,93
1597988375614155008,1597988375500000000,2020-08-21 13:39:35.500000,6149.0,6188.0,6052.0,6138.0,nan,6118.187,2246528,206170168365.0,590968,6150.0,61,6149.0,50,6151.0,55,6148.0,71,6152.0,166,6147.0,91,6153.0,157,6146.0,123,6154.0,102,6145.0,93
1597988376106017024,1597988376000000000,2020-08-21 13:39:36.000000,6150.0,6188.0,6052.0,6138.0,nan,6118.188,2246599,206176718100.0,590933,6150.0,13,6149.0,53,6151.0,59,6148.0,71,6152.0,166,6147.0,90,6153.0,157,6146.0,123,6154.0,102,6145.0,93
1597988376620751872,1597988376500000000,2020-08-21 13:39:36.500000,6150.0,6188.0,6052.0,6138.0,nan,6118.188,2246599,206176718100.0,590933,6150.0,17,6149.0,60,6151.0,65,6148.0,71,6152.0,166,6147.0,106,6153.0,157,6146.0,123,6154.0,102,6145.0,93
1597988377103577088,1597988377000000000,2020-08-21 13:39:37.000000,6150.0,6188.0,6052.0,6138.0,nan,6118.188,2246618,206178470850.0,590918,6150.0,4,6149.0,60,6151.0,65,6148.0,72,6152.0,166,6147.0,107,6153.0,157,6146.0,126,6154.0,98,6145.0,93
1597988377622852096,1597988377500000000,2020-08-21 13:39:37.500000,6150.0,6188.0,6052.0,6138.0,nan,6118.188,2246628,206179393350.0,590924,6151.0,65,6150.0,30,6152.0,166,6149.0,60,6153.0,157,6148.0,71,6154.0,98,6147.0,107,6155.0,433,6146.0,126
1597988378121271040,1597988378000000000,2020-08-21 13:39:38.000000,6150.0,6188.0,6052.0,6138.0,nan,6118.188,2246646,206181053850.0,590926,6151.0,67,6150.0,14,6152.0,166,6149.0,62,6153.0,157,6148.0,71,6154.0,97,6147.0,107,6155.0,433,6146.0,126
1597988378616152064,1597988378500000000,2020-08-21 13:39:38.500000,6150.0,6188.0,6052.0,6138.0,nan,6118.188,2246650,206181422850.0,590930,6151.0,67,6150.0,17,6152.0,166,6149.0,62,6153.0,157,6148.0,71,6154.0,97,6147.0,107,6155.0,433,6146.0,116
1597988379110787072,1597988379000000000,2020-08-21 13:39:39.000000,6150.0,6188.0,6052.0,6138.0,nan,6118.189,2246653,206181699600.0,590931,6151.0,68,6150.0,14,6152.0,166,6149.0,62,6153.0,157,6148.0,70,6154.0,97,6147.0,167,6155.0,433,6146.0,116
1597988379614619904,1597988379500000000,2020-08-21 13:39:39.500000,6150.0,6188.0,6052.0,6138.0,nan,6118.189,2246662,206182529925.0,590931,6151.0,64,6150.0,16,6152.0,166,6149.0,62,6153.0,157,6148.0,70,6154.0,97,6147.0,167,6155.0,433,6146.0,116
1597988380122469888,1597988380000000000,2020-08-21 13:39:40.000000,6150.0,6188.0,6052.0,6138.0,nan,6118.189,2246673,206183544675.0,590929,6151.0,65,6150.0,12,6152.0,166,6149.0,62,6153.0,157,6148.0,70,6154.0,97,6147.0,167,6155.0,433,6146.0,116
1597988380608314880,1597988380500000000,2020-08-21 13:39:40.500000,6150.0,6188.0,6052.0,6138.0,nan,6118.189,2246681,206184282705.0,590926,6151.0,69,6150.0,20,6152.0,183,6149.0,62,6153.0,157,6148.0,70,6154.0,97,6147.0,167,6155.0,433,6146.0,116
1597988381129073920,1597988381000000000,2020-08-21 13:39:41.000000,6150.0,6188.0,6052.0,6138.0,nan,6118.189,2246694,206185482030.0,590927,6151.0,70,6150.0,14,6152.0,183,6149.0,62,6153.0,157,6148.0,70,6154.0,97,6147.0,166,6155.0,433,6146.0,116
1597988381615397120,1597988381500000000,2020-08-21 13:39:41.500000,6150.0,6188.0,6052.0,6138.0,nan,6118.189,2246713,206187234780.0,590928,6150.0,21,6149.0,62,6151.0,75,6148.0,71,6152.0,183,6147.0,166,6153.0,157,6146.0,116,6154.0,103,6145.0,96
1597988382109737984,1597988382000000000,2020-08-21 13:39:42.000000,6149.0,6188.0,6052.0,6138.0,nan,6118.189,2246720,206187880425.0,590928,6150.0,23,6149.0,55,6151.0,75,6148.0,77,6152.0,183,6147.0,166,6153.0,158,6146.0,116,6154.0,103,6145.0,95
1597988382620741888,1597988382500000000,2020-08-21 13:39:42.500000,6150.0,6188.0,6052.0,6138.0,nan,6118.19,2246727,206188526160.0,590928,6150.0,20,6149.0,59,6151.0,75,6148.0,77,6152.0,183,6147.0,167,6153.0,158,6146.0,117,6154.0,104,6145.0,95
1597988383103854080,1597988383000000000,2020-08-21 13:39:43.000000,6149.0,6188.0,6052.0,6138.0,nan,6118.19,2246729,206188710645.0,590928,6150.0,27,6149.0,59,6151.0,75,6148.0,77,6152.0,183,6147.0,167,6153.0,158,6146.0,117,6154.0,105,6145.0,95
1597988383616568064,1597988383500000000,2020-08-21 13:39:43.500000,6150.0,6188.0,6052.0,6138.0,nan,6118.19,2246730,206188802895.0,590929,6150.0,27,6149.0,61,6151.0,76,6148.0,77,6152.0,183,6147.0,167,6153.0,160,6146.0,117,6154.0,105,6145.0,95
1597988384122797056,1597988384000000000,2020-08-21 13:39:44.000000,6150.0,6188.0,6052.0,6138.0,nan,6118.19,2246736,206189356395.0,590929,6150.0,27,6149.0,61,6151.0,75,6148.0,77,6152.0,184,6147.0,167,6153.0,160,6146.0,117,6154.0,105,6145.0,94
1597988384612950016,1597988384500000000,2020-08-21 13:39:44.500000,6150.0,6188.0,6052.0,6138.0,nan,6118.19,2246742,206189909895.0,590935,6150.0,22,6149.0,62,6151.0,75,6148.0,77,6152.0,184,6147.0,167,6153.0,160,6146.0,117,6154.0,105,6145.0,94
1597988385120228096,1597988385000000000,2020-08-21 13:39:45.000000,6150.0,6188.0,6052.0,6138.0,nan,6118.19,2246742,206189909895.0,590935,6150.0,43,6149.0,61,6151.0,76,6148.0,78,6152.0,184,6147.0,167,6153.0,160,6146.0,117,6154.0,105,6145.0,94
1597988385607371008,1597988385500000000,2020-08-21 13:39:45.500000,6150.0,6188.0,6052.0,6138.0,nan,6118.19,2246747,206190371115.0,590935,6150.0,44,6149.0,60,6151.0,76,6148.0,78,6152.0,184,6147.0,167,6153.0,160,6146.0,117,6154.0,105,6145.0,94
1597988386125344000,1597988386000000000,2020-08-21 13:39:46.000000,6149.0,6188.0,6052.0,6138.0,nan,6118.19,2246756,206191201260.0,590940,6150.0,42,6149.0,56,6151.0,78,6148.0,78,6152.0,184,6147.0,167,6153.0,160,6146.0,116,6154.0,105,6145.0,94
1597988386606910976,1597988386500000000,2020-08-21 13:39:46.500000,6149.0,6188.0,6052.0,6138.0,nan,6118.19,2246756,206191201260.0,590940,6150.0,76,6149.0,56,6151.0,78,6148.0,79,6152.0,184,6147.0,167,6153.0,160,6146.0,116,6154.0,105,6145.0,93
1597988387118778112,1597988387000000000,2020-08-21 13:39:47.000000,6150.0,6188.0,6052.0,6138.0,nan,6118.19,2246757,206191293510.0,590939,6150.0,76,6149.0,62,6151.0,79,6148.0,79,6152.0,184,6147.0,167,6153.0,160,6146.0,116,6154.0,105,6145.0,93
1597988387627535872,1597988387500000000,2020-08-21 13:39:47.500000,6149.0,6188.0,6052.0,6138.0,nan,6118.19,2246759,206191477980.0,590939,6150.0,76,6149.0,61,6151.0,79,6148.0,79,6152.0,184,6147.0,167,6153.0,160,6146.0,116,6154.0,105,6145.0,96
1597988388120203008,1597988388000000000,2020-08-21 13:39:48.000000,6150.0,6188.0,6052.0,6138.0,nan,6118.19,2246762,206191754715.0,590939,6150.0,74,6149.0,59,6151.0,80,6148.0,82,6152.0,184,6147.0,167,6153.0,160,6146.0,116,6154.0,105,6145.0,96
1597988388626917888,1597988388500000000,2020-08-21 13:39:48.500000,6150.0,6188.0,6052.0,6138.0,nan,6118.19,2246762,206191754715.0,590939,6150.0,75,6149.0,59,6151.0,79,6148.0,82,6152.0,184,6147.0,167,6153.0,160,6146.0,115,6154.0,105,6145.0,96
1597988389115739904,1597988389000000000,2020-08-21 13:39:49.000000,6150.0,6188.0,6052.0,6138.0,nan,6118.19,2246773,206192769405.0,590941,6150.0,70,6149.0,63,6151.0,79,6148.0,82,6152.0,184,6147.0,167,6153.0,160,6146.0,115,6154.0,85,6145.0,97
1597988389608722944,1597988389500000000,2020-08-21 13:39:49.500000,6149.0,6188.0,6052.0,6138.0,nan,6118.19,2246775,206192953875.0,590940,6150.0,70,6149.0,62,6151.0,79,6148.0,82,6152.0,184,6147.0,167,6153.0,160,6146.0,118,6154.0,85,6145.0,97
1597988390116443904,1597988390000000000,2020-08-21 13:39:50.000000,6150.0,6188.0,6052.0,6138.0,nan,6118.191,2246797,206194983300.0,590942,6150.0,54,6149.0,57,6151.0,80,6148.0,82,6152.0,183,6147.0,167,6153.0,160,6146.0,118,6154.0,85,6145.0,97
1597988390628651008,1597988390500000000,2020-08-21 13:39:50.500000,6150.0,6188.0,6052.0,6138.0,nan,6118.191,2246801,206195352300.0,590938,6150.0,56,6149.0,63,6151.0,80,6148.0,82,6152.0,182,6147.0,167,6153.0,160,6146.0,118,6154.0,85,6145.0,97
1597988391126057984,1597988391000000000,2020-08-21 13:39:51.000000,6150.0,6188.0,6052.0,6138.0,nan,6118.191,2246813,206196459300.0,590934,6150.0,44,6149.0,62,6151.0,80,6148.0,82,6152.0,182,6147.0,167,6153.0,160,6146.0,118,6154.0,85,6145.0,97
1597988391608951040,1597988391500000000,2020-08-21 13:39:51.500000,6150.0,6188.0,6052.0,6138.0,nan,6118.191,2246813,206196459300.0,590934,6150.0,45,6149.0,63,6151.0,80,6148.0,82,6152.0,182,6147.0,167,6153.0,160,6146.0,118,6154.0,85,6145.0,98
1597988392114547968,1597988392000000000,2020-08-21 13:39:52.000000,6150.0,6188.0,6052.0,6138.0,nan,6118.191,2246834,206198396430.0,590950,6150.0,37,6149.0,55,6151.0,80,6148.0,83,6152.0,182,6147.0,167,6153.0,160,6146.0,118,6154.0,86,6145.0,98
1597988392610900992,1597988392500000000,2020-08-21 13:39:52.500000,6150.0,6188.0,6052.0,6138.0,nan,6118.191,2246835,206198488680.0,590950,6150.0,51,6149.0,56,6151.0,80,6148.0,83,6152.0,182,6147.0,167,6153.0,160,6146.0,118,6154.0,86,6145.0,98
1597988393127994112,1597988393000000000,2020-08-21 13:39:53.000000,6149.0,6188.0,6052.0,6138.0,nan,6118.192,2246895,206204022855.0,590975,6150.0,57,6148.0,83,6151.0,81,6147.0,167,6152.0,182,6146.0,118,6153.0,160,6145.0,98,6154.0,86,6144.0,244
1597988393605035008,1597988393500000000,2020-08-21 13:39:53.500000,6149.0,6188.0,6052.0,6138.0,nan,6118.192,2246901,206204576265.0,590974,6149.0,9,6148.0,84,6150.0,65,6147.0,166,6151.0,81,6146.0,118,6152.0,184,6145.0,97,6153.0,162,6144.0,244
1597988394110117120,1597988394000000000,2020-08-21 13:39:54.000000,6149.0,6188.0,6052.0,6138.0,nan,6118.192,2246905,206204945175.0,590972,6149.0,42,6148.0,88,6150.0,65,6147.0,166,6151.0,82,6146.0,118,6152.0,186,6145.0,98,6153.0,162,6144.0,244
1597988394617897984,1597988394500000000,2020-08-21 13:39:54.500000,6149.0,6188.0,6052.0,6138.0,nan,6118.192,2246905,206204945175.0,590972,6149.0,47,6148.0,83,6150.0,69,6147.0,166,6151.0,82,6146.0,118,6152.0,186,6145.0,98,6153.0,162,6144.0,244
1597988395119510016,1597988395000000000,2020-08-21 13:39:55.000000,6149.0,6188.0,6052.0,6138.0,nan,6118.192,2246917,206206051965.0,590964,6149.0,37,6148.0,80,6150.0,70,6147.0,166,6151.0,83,6146.0,118,6152.0,186,6145.0,97,6153.0,162,6144.0,243
1597988395612102912,1597988395500000000,2020-08-21 13:39:55.500000,6149.0,6188.0,6052.0,6138.0,nan,6118.192,2246917,206206051965.0,590964,6149.0,38,6148.0,80,6150.0,77,6147.0,167,6151.0,84,6146.0,118,6152.0,186,6145.0,97,6153.0,166,6144.0,243
1597988396113296896,1597988396000000000,2020-08-21 13:39:56.000000,6149.0,6188.0,6052.0,6138.0,nan,6118.192,2246927,206206974315.0,590968,6149.0,29,6148.0,81,6150.0,76,6147.0,167,6151.0,85,6146.0,117,6152.0,184,6145.0,97,6153.0,166,6144.0,243
1597988396634000896,1597988396500000000,2020-08-21 13:39:56.500000,6148.0,6188.0,6052.0,6138.0,nan,6118.192,2246931,206207343225.0,590965,6149.0,28,6148.0,79,6150.0,78,6147.0,167,6151.0,85,6146.0,127,6152.0,184,6145.0,96,6153.0,166,6144.0,243
1597988397113178112,1597988397000000000,2020-08-21 13:39:57.000000,6149.0,6188.0,6052.0,6138.0,nan,6118.193,2246940,206208173310.0,590960,6149.0,27,6148.0,81,6150.0,78,6147.0,167,6151.0,84,6146.0,127,6152.0,184,6145.0,96,6153.0,166,6144.0,243
1597988397617949952,1597988397500000000,2020-08-21 13:39:57.500000,6148.0,6188.0,6052.0,6138.0,nan,6118.194,2247021,206215643130.0,590960,6148.0,2,6147.0,167,6149.0,47,6146.0,127,6150.0,80,6145.0,96,6151.0,85,6144.0,243,6152.0,184,6143.0,208
1597988398141906944,1597988398000000000,2020-08-21 13:39:58.000000,6148.0,6188.0,6052.0,6138.0,nan,6118.194,2247070,206220161910.0,590939,6148.0,17,6147.0,167,6149.0,61,6146.0,130,6150.0,80,6145.0,97,6151.0,85,6144.0,240,6152.0,185,6143.0,208
1597988398602850048,1597988398500000000,2020-08-21 13:39:58.500000,6147.0,6188.0,6052.0,6138.0,nan,6118.194,2247075,206220622935.0,590935,6148.0,41,6147.0,163,6149.0,46,6146.0,130,6150.0,86,6145.0,97,6151.0,85,6144.0,240,6152.0,185,6143.0,208
1597988399110145024,1597988399000000000,2020-08-21 13:39:59.000000,6147.0,6188.0,6052.0,6138.0,nan,6118.197,2247245,206236297890.0,590965,6148.0,42,6146.0,130,6149.0,45,6145.0,103,6150.0,86,6144.0,240,6151.0,85,6143.0,208,6152.0,185,6142.0,128
1597988399607089920,1597988399500000000,2020-08-21 13:39:59.500000,6147.0,6188.0,6052.0,6138.0,nan,6118.198,2247328,206243951700.0,590929,6148.0,2,6147.0,10,6149.0,45,6146.0,426,6150.0,89,6145.0,107,6151.0,85,6144.0,239,6152.0,185,6143.0,209
1597988400119856896,1597988400000000000,2020-08-21 13:40:00.000000,6148.0,6188.0,6052.0,6138.0,nan,6118.198,2247341,206245150560.0,590937,6149.0,45,6148.0,29,6150.0,89,6147.0,144,6151.0,86,6146.0,132,6152.0,185,6145.0,104,6153.0,164,6144.0,239
1597988400613308928,1597988400500000000,2020-08-21 13:40:00.500000,6148.0,6188.0,6052.0,6138.0,nan,6118.198,2247364,206247271860.0,590935,6149.0,26,6148.0,13,6150.0,87,6147.0,93,6151.0,86,6146.0,132,6152.0,185,6145.0,106,6153.0,168,6144.0,239
1597988401104581888,1597988401000000000,2020-08-21 13:40:01.000000,6148.0,6188.0,6052.0,6138.0,nan,6118.198,2247366,206247456300.0,590936,6149.0,26,6148.0,26,6150.0,87,6147.0,94,6151.0,82,6146.0,129,6152.0,185,6145.0,110,6153.0,168,6144.0,239
1597988401609607936,1597988401500000000,2020-08-21 13:40:01.500000,6148.0,6188.0,6052.0,6138.0,nan,6118.198,2247371,206247917400.0,590939,6149.0,27,6148.0,26,6150.0,91,6147.0,95,6151.0,82,6146.0,129,6152.0,185,6145.0,110,6153.0,168,6144.0,239
1597988402126816000,1597988402000000000,2020-08-21 13:40:02.000000,6148.0,6188.0,6052.0,6138.0,nan,6118.198,2247371,206247917400.0,590939,6149.0,29,6148.0,33,6150.0,91,6147.0,100,6151.0,81,6146.0,229,6152.0,185,6145.0,110,6153.0,167,6144.0,239
1597988402601039104,1597988402500000000,2020-08-21 13:40:02.500000,6149.0,6188.0,6052.0,6138.0,nan,6118.198,2247372,206248009635.0,590940,6149.0,22,6148.0,46,6150.0,91,6147.0,101,6151.0,81,6146.0,220,6152.0,185,6145.0,110,6153.0,167,6144.0,239
1597988403114565120,1597988403000000000,2020-08-21 13:40:03.000000,6149.0,6188.0,6052.0,6138.0,nan,6118.199,2247399,206250499905.0,590933,6149.0,5,6148.0,49,6150.0,91,6147.0,101,6151.0,81,6146.0,220,6152.0,185,6145.0,110,6153.0,167,6144.0,239
1597988403614855936,1597988403500000000,2020-08-21 13:40:03.500000,6148.0,6188.0,6052.0,6138.0,nan,6118.199,2247408,206251329960.0,590925,6149.0,2,6148.0,54,6150.0,92,6147.0,102,6151.0,82,6146.0,220,6152.0,184,6145.0,110,6153.0,167,6144.0,239
1597988404134520064,1597988404000000000,2020-08-21 13:40:04.000000,6148.0,6188.0,6052.0,6138.0,nan,6118.199,2247410,206251514400.0,590924,6149.0,14,6148.0,52,6150.0,91,6147.0,99,6151.0,82,6146.0,220,6152.0,184,6145.0,110,6153.0,167,6144.0,239
1597988404621668096,1597988404500000000,2020-08-21 13:40:04.500000,6149.0,6188.0,6052.0,6138.0,nan,6118.199,2247421,206252528985.0,590915,6149.0,13,6148.0,52,6150.0,92,6147.0,99,6151.0,82,6146.0,222,6152.0,184,6145.0,110,6153.0,167,6144.0,239
1597988405126766080,1597988405000000000,2020-08-21 13:40:05.000000,6149.0,6188.0,6052.0,6138.0,nan,6118.199,2247424,206252805675.0,590914,6149.0,12,6148.0,57,6150.0,92,6147.0,100,6151.0,82,6146.0,222,6152.0,183,6145.0,110,6153.0,167,6144.0,239
1597988405622287104,1597988405500000000,2020-08-21 13:40:05.500000,6148.0,6188.0,6052.0,6138.0,nan,6118.199,2247447,206254926735.0,590918,6149.0,17,6148.0,34,6150.0,92,6147.0,100,6151.0,81,6146.0,222,6152.0,182,6145.0,110,6153.0,167,6144.0,239
1597988406129998080,1597988406000000000,2020-08-21 13:40:06.000000,6148.0,6188.0,6052.0,6138.0,nan,6118.199,2247447,206254926735.0,590918,6149.0,38,6148.0,32,6150.0,102,6147.0,101,6151.0,81,6146.0,229,6152.0,182,6145.0,110,6153.0,166,6144.0,239
1597988406624488960,1597988406500000000,2020-08-21 13:40:06.500000,6148.0,6188.0,6052.0,6138.0,nan,6118.199,2247459,206256033390.0,590924,6149.0,68,6148.0,19,6150.0,102,6147.0,101,6151.0,85,6146.0,229,6152.0,182,6145.0,110,6153.0,162,6144.0,239
1597988407224164096,1597988407000000000,2020-08-21 13:40:07.000000,6148.0,6188.0,6052.0,6138.0,nan,6118.2,2247484,206258338890.0,590936,6148.0,34,6147.0,102,6149.0,71,6146.0,231,6150.0,107,6145.0,110,6151.0,85,6144.0,239,6152.0,182,6143.0,228
1597988407614607872,1597988407500000000,2020-08-21 13:40:07.500000,6148.0,6188.0,6052.0,6138.0,nan,6118.2,2247484,206258338890.0,590936,6148.0,75,6147.0,103,6149.0,74,6146.0,231,6150.0,114,6145.0,111,6151.0,85,6144.0,239,6152.0,182,6143.0,228
1597988408108742912,1597988408000000000,2020-08-21 13:40:08.000000,6148.0,6188.0,6052.0,6138.0,nan,6118.2,2247484,206258338890.0,590936,6148.0,78,6147.0,100,6149.0,74,6146.0,232,6150.0,114,6145.0,110,6151.0,85,6144.0,239,6152.0,182,6143.0,228
1597988408623866112,1597988408500000000,2020-08-21 13:40:08.500000,6147.0,6188.0,6052.0,6138.0,nan,6118.2,2247486,206258523315.0,590936,6148.0,78,6147.0,101,6149.0,73,6146.0,232,6150.0,135,6145.0,110,6151.0,86,6144.0,239,6152.0,181,6143.0,228
1597988409123450880,1597988409000000000,2020-08-21 13:40:09.000000,6148.0,6188.0,6052.0,6138.0,nan,6118.2,2247492,206259076635.0,590937,6148.0,72,6147.0,102,6149.0,72,6146.0,232,6150.0,136,6145.0,119,6151.0,86,6144.0,239,6152.0,181,6143.0,228
1597988409624613888,1597988409500000000,2020-08-21 13:40:09.500000,6147.0,6188.0,6052.0,6138.0,nan,6118.2,2247493,206259168840.0,590937,6148.0,86,6147.0,103,6149.0,75,6146.0,232,6150.0,135,6145.0,119,6151.0,87,6144.0,239,6152.0,181,6143.0,228
1597988410107749888,1597988410000000000,2020-08-21 13:40:10.000000,6148.0,6188.0,6052.0,6138.0,nan,6118.2,2247496,206259445485.0,590939,6148.0,84,6147.0,102,6149.0,78,6146.0,232,6150.0,135,6145.0,119,6151.0,89,6144.0,240,6152.0,181,6143.0,228
1597988410631008000,1597988410500000000,2020-08-21 13:40:10.500000,6147.0,6188.0,6052.0,6138.0,nan,6118.2,2247503,206260090995.0,590939,6148.0,79,6147.0,107,6149.0,79,6146.0,233,6150.0,135,6145.0,120,6151.0,88,6144.0,240,6152.0,181,6143.0,228
1597988411118594048,1597988411000000000,2020-08-21 13:40:11.000000,6148.0,6188.0,6052.0,6138.0,nan,6118.2,2247506,206260367625.0,590939,6148.0,78,6147.0,105,6149.0,80,6146.0,235,6150.0,135,6145.0,120,6151.0,88,6144.0,240,6152.0,181,6143.0,228
1597988411621943040,1597988411500000000,2020-08-21 13:40:11.500000,6147.0,6188.0,6052.0,6138.0,nan,6118.2,2247524,206262027315.0,590951,6148.0,102,6147.0,91,6149.0,84,6146.0,235,6150.0,138,6145.0,123,6151.0,89,6144.0,240,6152.0,181,6143.0,228
1597988412107948032,1597988412000000000,2020-08-21 13:40:12.000000,6147.0,6188.0,6052.0,6138.0,nan,6118.2,2247543,206263779300.0,590953,6148.0,134,6147.0,78,6149.0,84,6146.0,236,6150.0,138,6145.0,125,6151.0,90,6144.0,240,6152.0,181,6143.0,228
1597988412653987072,1597988412500000000,2020-08-21 13:40:12.500000,6147.0,6188.0,6052.0,6138.0,nan,6118.201,2247622,206271063510.0,590978,6148.0,141,6146.0,233,6149.0,84,6145.0,125,6150.0,140,6144.0,240,6151.0,93,6143.0,228,6152.0,181,6142.0,127
1597988413113917952,1597988413000000000,2020-08-21 13:40:13.000000,6146.0,6188.0,6052.0,6138.0,nan,6118.201,2247624,206271247905.0,590979,6147.0,12,6146.0,220,6148.0,142,6145.0,130,6149.0,85,6144.0,240,6150.0,151,6143.0,228,6151.0,93,6142.0,127
1597988413626568960,1597988413500000000,2020-08-21 13:40:13.500000,6148.0,6188.0,6052.0,6138.0,nan,6118.203,2247704,206278624350.0,590969,6147.0,11,6146.0,216,6148.0,67,6145.0,130,6149.0,85,6144.0,240,6150.0,155,6143.0,228,6151.0,93,6142.0,127
1597988414121214976,1597988414000000000,2020-08-21 13:40:14.000000,6146.0,6188.0,6052.0,6138.0,nan,6118.203,2247716,206279730795.0,590963,6147.0,68,6146.0,215,6148.0,72,6145.0,130,6149.0,80,6144.0,240,6150.0,154,6143.0,228,6151.0,94,6142.0,127
1597988414627130880,1597988414500000000,2020-08-21 13:40:14.500000,6147.0,6188.0,6052.0,6138.0,nan,6118.203,2247729,206280929400.0,590961,6147.0,59,6146.0,211,6148.0,72,6145.0,131,6149.0,81,6144.0,240,6150.0,154,6143.0,228,6151.0,95,6142.0,127
1597988415123713024,1597988415000000000,2020-08-21 13:40:15.000000,6147.0,6188.0,6052.0,6138.0,nan,6118.203,2247740,206281943625.0,590950,6147.0,55,6146.0,209,6148.0,72,6145.0,131,6149.0,79,6144.0,240,6150.0,154,6143.0,228,6151.0,95,6142.0,127
1597988415661405952,1597988415500000000,2020-08-21 13:40:15.500000,6147.0,6188.0,6052.0,6138.0,nan,6118.203,2247743,206282220225.0,590948,6147.0,61,6146.0,212,6148.0,72,6145.0,129,6149.0,79,6144.0,240,6150.0,154,6143.0,228,6151.0,95,6142.0,127
1597988416133547008,1597988416000000000,2020-08-21 13:40:16.000000,6146.0,6188.0,6052.0,6138.0,nan,6118.203,2247749,206282773395.0,590946,6147.0,66,6146.0,208,6148.0,32,6145.0,129,6149.0,77,6144.0,240,6150.0,145,6143.0,228,6151.0,95,6142.0,127
1597988416605627904,1597988416500000000,2020-08-21 13:40:16.500000,6146.0,6188.0,6052.0,6138.0,nan,6118.203,2247768,206284525020.0,590930,6147.0,75,6146.0,190,6148.0,35,6145.0,128,6149.0,77,6144.0,240,6150.0,145,6143.0,228,6151.0,91,6142.0,127
1597988417126702080,1597988417000000000,2020-08-21 13:40:17.000000,6147.0,6188.0,6052.0,6138.0,nan,6118.203,2247771,206284801635.0,590930,6147.0,73,6146.0,191,6148.0,38,6145.0,131,6149.0,77,6144.0,240,6150.0,160,6143.0,228,6151.0,103,6142.0,127
1597988417620964096,1597988417500000000,2020-08-21 13:40:17.500000,6146.0,6188.0,6052.0,6138.0,nan,6118.205,2247879,206294758845.0,590910,6147.0,29,6146.0,130,6148.0,38,6145.0,129,6149.0,77,6144.0,241,6150.0,161,6143.0,228,6151.0,113,6142.0,127
1597988418109946880,1597988418000000000,2020-08-21 13:40:18.000000,6146.0,6188.0,6052.0,6138.0,nan,6118.205,2247886,206295404235.0,590910,6147.0,35,6146.0,164,6148.0,35,6145.0,128,6149.0,77,6144.0,241,6150.0,162,6143.0,228,6151.0,113,6142.0,125
1597988418606563072,1597988418500000000,2020-08-21 13:40:18.500000,6146.0,6188.0,6052.0,6138.0,nan,6118.205,2247904,206297063655.0,590899,6147.0,38,6146.0,147,6148.0,34,6145.0,128,6149.0,77,6144.0,241,6150.0,163,6143.0,228,6151.0,113,6142.0,125
1597988419116008960,1597988419000000000,2020-08-21 13:40:19.000000,6146.0,6188.0,6052.0,6138.0,nan,6118.205,2247907,206297340225.0,590896,6147.0,46,6146.0,144,6148.0,34,6145.0,128,6149.0,78,6144.0,242,6150.0,164,6143.0,228,6151.0,113,6142.0,125
1597988419616406016,1597988419500000000,2020-08-21 13:40:19.500000,6146.0,6188.0,6052.0,6138.0,nan,6118.205,2247928,206299276515.0,590908,6147.0,26,6146.0,145,6148.0,34,6145.0,127,6149.0,78,6144.0,242,6150.0,164,6143.0,228,6151.0,112,6142.0,125
1597988420100208128,1597988420000000000,2020-08-21 13:40:20.000000,6146.0,6188.0,6052.0,6138.0,nan,6118.206,2247945,206300843745.0,590906,6147.0,27,6146.0,129,6148.0,34,6145.0,128,6149.0,78,6144.0,243,6150.0,159,6143.0,228,6151.0,112,6142.0,125
1597988420677701120,1597988420500000000,2020-08-21 13:40:20.500000,6147.0,6188.0,6052.0,6138.0,nan,6118.206,2247946,206300935950.0,590905,6147.0,29,6146.0,128,6148.0,35,6145.0,128,6149.0,78,6144.0,244,6150.0,155,6143.0,228,6151.0,112,6142.0,125
1597988421112696064,1597988421000000000,2020-08-21 13:40:21.000000,6146.0,6188.0,6052.0,6138.0,nan,6118.206,2247957,206301950040.0,590905,6147.0,38,6146.0,119,6148.0,35,6145.0,128,6149.0,78,6144.0,244,6150.0,155,6143.0,233,6151.0,113,6142.0,125
1597988421615810048,1597988421500000000,2020-08-21 13:40:21.500000,6146.0,6188.0,6052.0,6138.0,nan,6118.206,2247962,206302411005.0,590901,6147.0,38,6146.0,120,6148.0,35,6145.0,125,6149.0,75,6144.0,244,6150.0,156,6143.0,233,6151.0,113,6142.0,125
1597988422100230912,1597988422000000000,2020-08-21 13:40:22.000000,6146.0,6188.0,6052.0,6138.0,nan,6118.206,2247975,206303609550.0,590894,6147.0,33,6146.0,109,6148.0,35,6145.0,125,6149.0,75,6144.0,244,6150.0,147,6143.0,233,6151.0,113,6142.0,125
1597988422629317888,1597988422500000000,2020-08-21 13:40:22.500000,6146.0,6188.0,6052.0,6138.0,nan,6118.206,2247978,206303886120.0,590894,6147.0,43,6146.0,108,6148.0,37,6145.0,124,6149.0,73,6144.0,247,6150.0,142,6143.0,233,6151.0,112,6142.0,125
1597988423105783040,1597988423000000000,2020-08-21 13:40:23.000000,6146.0,6188.0,6052.0,6138.0,nan,6118.206,2247982,206304254925.0,590896,6147.0,42,6146.0,109,6148.0,37,6145.0,124,6149.0,77,6144.0,247,6150.0,142,6143.0,233,6151.0,117,6142.0,125
1597988423611636992,1597988423500000000,2020-08-21 13:40:23.500000,6147.0,6188.0,6052.0,6138.0,nan,6118.206,2247995,206305453485.0,590891,6147.0,37,6146.0,102,6148.0,37,6145.0,125,6149.0,81,6144.0,247,6150.0,142,6143.0,233,6151.0,117,6142.0,125
1597988424156797952,1597988424000000000,2020-08-21 13:40:24.000000,6146.0,6188.0,6052.0,6138.0,nan,6118.206,2247999,206305822245.0,590891,6147.0,38,6146.0,98,6148.0,36,6145.0,125,6149.0,79,6144.0,249,6150.0,142,6143.0,233,6151.0,117,6142.0,125
1597988424617628928,1597988424500000000,2020-08-21 13:40:24.500000,6147.0,6188.0,6052.0,6138.0,nan,6118.206,2248005,206306375415.0,590891,6147.0,43,6146.0,96,6148.0,37,6145.0,128,6149.0,79,6144.0,249,6150.0,141,6143.0,233,6151.0,119,6142.0,125
1597988425115646976,1597988425000000000,2020-08-21 13:40:25.000000,6147.0,6188.0,6052.0,6138.0,nan,6118.206,2248013,206307113025.0,590890,6147.0,38,6146.0,114,6148.0,37,6145.0,128,6149.0,79,6144.0,249,6150.0,141,6143.0,233,6151.0,120,6142.0,125
1597988425614512896,1597988425500000000,2020-08-21 13:40:25.500000,6146.0,6188.0,6052.0,6138.0,nan,6118.207,2248032,206308864665.0,590875,6147.0,35,6146.0,97,6148.0,37,6145.0,128,6149.0,79,6144.0,249,6150.0,142,6143.0,234,6151.0,115,6142.0,125
1597988426132261120,1597988426000000000,2020-08-21 13:40:26.000000,6147.0,6188.0,6052.0,6138.0,nan,6118.207,2248035,206309141265.0,590873,6147.0,40,6146.0,101,6148.0,38,6145.0,128,6149.0,80,6144.0,249,6150.0,144,6143.0,234,6151.0,115,6142.0,125
1597988426696047104,1597988426500000000,2020-08-21 13:40:26.500000,6146.0,6188.0,6052.0,6138.0,nan,6118.207,2248037,206309325645.0,590872,6147.0,47,6146.0,99,6148.0,38,6145.0,128,6149.0,80,6144.0,248,6150.0,144,6143.0,234,6151.0,115,6142.0,125
1597988427117154048,1597988427000000000,2020-08-21 13:40:27.000000,6147.0,6188.0,6052.0,6138.0,nan,6118.207,2248044,206309971065.0,590870,6147.0,41,6146.0,98,6148.0,38,6145.0,128,6149.0,80,6144.0,298,6150.0,144,6143.0,234,6151.0,112,6142.0,126
1597988427617859072,1597988427500000000,2020-08-21 13:40:27.500000,6147.0,6188.0,6052.0,6138.0,nan,6118.207,2248046,206310155460.0,590870,6147.0,50,6146.0,103,6148.0,38,6145.0,127,6149.0,80,6144.0,298,6150.0,144,6143.0,234,6151.0,112,6142.0,126
1597988428118129920,1597988428000000000,2020-08-21 13:40:28.000000,6147.0,6188.0,6052.0,6138.0,nan,6118.207,2248046,206310155460.0,590870,6147.0,77,6146.0,106,6148.0,38,6145.0,127,6149.0,80,6144.0,298,6150.0,145,6143.0,235,6151.0,112,6142.0,126
1597988428604957952,1597988428500000000,2020-08-21 13:40:28.500000,6146.0,6188.0,6052.0,6138.0,nan,6118.207,2248049,206310432030.0,590872,6147.0,78,6146.0,103,6148.0,38,6145.0,127,6149.0,79,6144.0,298,6150.0,145,6143.0,235,6151.0,112,6142.0,126
1597988429108903936,1597988429000000000,2020-08-21 13:40:29.000000,6146.0,6188.0,6052.0,6138.0,nan,6118.207,2248058,206311261785.0,590879,6147.0,79,6146.0,96,6148.0,68,6145.0,129,6149.0,79,6144.0,303,6150.0,146,6143.0,235,6151.0,112,6142.0,126
1597988429603600896,1597988429500000000,2020-08-21 13:40:29.500000,6147.0,6188.0,6052.0,6138.0,nan,6118.207,2248064,206311815015.0,590878,6147.0,73,6146.0,96,6148.0,69,6145.0,129,6149.0,79,6144.0,303,6150.0,146,6143.0,235,6151.0,116,6142.0,126
