local_nano_time,quote_nano_time,datetime,last_price,highest,lowest,open,close,average,volume,amount,open_interest,ask_price1,ask_volume1,bid_price1,bid_volume1,ask_price2,ask_volume2,bid_price2,bid_volume2,ask_price3,ask_volume3,bid_price3,bid_volume3,ask_price4,ask_volume4,bid_price4,bid_volume4,ask_price5,ask_volume5,bid_price5,bid_volume5
1597988229713978112,1597988230227000064,2020-08-21 13:37:10.227000,6918.0,6926.0,6826.0,6888.0,nan,6878.0,147469,10142917820.0,150308,6918.0,8,6917.0,20,nan,0,nan,0,nan,0,nan,0,nan,0,nan,0,nan,0,nan,0
1597988230242277888,1597988230713999872,2020-08-21 13:37:10.714000,6918.0,6926.0,6826.0,6888.0,nan,6878.0,147471,10143055380.0,150308,6918.0,7,6917.0,20,nan,0,nan,0,nan,0,nan,0,nan,0,nan,0,nan,0,nan,0
1597988230693755904,1597988231226000128,2020-08-21 13:37:11.226000,6918.0,6926.0,6826.0,6888.0,nan,6878.0,147489,10144293420.0,150297,6919.0,21,6918.0,274,nan,0,nan,0,nan,0,nan,0,nan,0,nan,0,nan,0,nan,0
1597988231230334976,1597988231734999808,2020-08-21 13:37:11.735000,6919.0,6926.0,6826.0,6888.0,nan,6878.0,147641,10154747980.0,150337,6923.0,13,6919.0,15,nan,0,nan,0,nan,0,nan,0,nan,0,nan,0,nan,0,nan,0
1597988231697088000,1597988232226000128,2020-08-21 13:37:12.226000,6919.0,6926.0,6826.0,6888.0,nan,6878.0,147645,10155023100.0,150338,6922.0,13,6919.0,13,nan,0,nan,0,nan,0,nan,0,nan,0,nan,0,nan,0,nan,0
1597988232230974976,1597988232742000128,2020-08-21 13:37:12.742000,6919.0,6926.0,6826.0,6888.0,nan,6878.0,147647,10155160660.0,150338,6920.0,2,6919.0,8,nan,0,nan,0,nan,0,nan,0,nan,0,nan,0,nan,0,nan,0
1597988232690152960,1597988233224999936,2020-08-21 13:37:13.225000,6920.0,6926.0,6826.0,6888.0,nan,6878.0,147652,10155504560.0,150335,6920.0,25,6919.0,9,nan,0,nan,0,nan,0,nan,0,nan,0,nan,0,nan,0,nan,0
1597988233190681088,1597988233696999936,2020-08-21 13:37:13.697000,6921.0,6926.0,6826.0,6888.0,nan,6878.0,147682,10157567960.0,150349,6921.0,11,6919.0,8,nan,0,nan,0,nan,0,nan,0,nan,0,nan,0,nan,0,nan,0
1597988233696667904,1597988234216000000,2020-08-21 13:37:14.216000,6920.0,6926.0,6826.0,6888.0,nan,6878.0,147683,10157636740.0,150349,6921.0,14,6920.0,1,nan,0,nan,0,nan,0,nan,0,nan,0,nan,0,nan,0,nan,0
1597988234215209984,1597988234720999936,2020-08-21 13:37:14.721000,6920.0,6926.0,6826.0,6888.0,nan,6878.0,147686,10157843080.0,150352,6921.0,13,6920.0,6,nan,0,nan,0,nan,0,nan,0,nan,0,nan,0,nan,0,nan,0
1597988234696436992,1597988235193000192,2020-08-21 13:37:15.193000,6921.0,6926.0,6826.0,6888.0,nan,6878.0,147700,10158806000.0,150351,6922.0,19,6921.0,1,nan,0,nan,0,nan,0,nan,0,nan,0,nan,0,nan,0,nan,0
1597988235221175040,1597988235608000000,2020-08-21 13:37:15.608000,6921.0,6926.0,6826.0,6888.0,nan,6878.0,147706,10159218680.0,150351,6922.0,19,6921.0,4,nan,0,nan,0,nan,0,nan,0,nan,0,nan,0,nan,0,nan,0
1597988235696969984,1597988236221999872,2020-08-21 13:37:16.222000,6922.0,6926.0,6826.0,6888.0,nan,6878.0,147715,10159837700.0,150352,6922.0,18,6921.0,3,nan,0,nan,0,nan,0,nan,0,nan,0,nan,0,nan,0,nan,0
1597988236220808960,1597988236734999808,2020-08-21 13:37:16.735000,6920.0,6926.0,6826.0,6888.0,nan,6878.0,147741,10161625980.0,150355,6920.0,29,6919.0,8,nan,0,nan,0,nan,0,nan,0,nan,0,nan,0,nan,0,nan,0
1597988236694682880,1597988237232000000,2020-08-21 13:37:17.232000,6920.0,6926.0,6826.0,6888.0,nan,6878.0,147749,10162176220.0,150353,6920.0,21,6919.0,8,nan,0,nan,0,nan,0,nan,0,nan,0,nan,0,nan,0,nan,0
1597988237229742080,1597988237740000000,2020-08-21 13:37:17.740000,6920.0,6926.0,6826.0,6888.0,nan,6878.0,147755,10162588900.0,150347,6920.0,15,6919.0,8,nan,0,nan,0,nan,0,nan,0,nan,0,nan,0,nan,0,nan,0
1597988237702643968,1597988238211000064,2020-08-21 13:37:18.211000,6920.0,6926.0,6826.0,6888.0,nan,6878.0,147756,10162657680.0,150346,6920.0,14,6919.0,8,nan,0,nan,0,nan,0,nan,0,nan,0,nan,0,nan,0,nan,0
1597988238261984000,1597988238712000000,2020-08-21 13:37:18.712000,6920.0,6926.0,6826.0,6888.0,nan,6878.0,147773,10163826940.0,150331,6920.0,3,6919.0,7,nan,0,nan,0,nan,0,nan,0,nan,0,nan,0,nan,0,nan,0
1597988238697790976,1597988239240999936,2020-08-21 13:37:19.241000,6919.0,6926.0,6826.0,6888.0,nan,6878.0,147782,10164445960.0,150324,6920.0,4,6918.0,289,nan,0,nan,0,nan,0,nan,0,nan,0,nan,0,nan,0,nan,0
1597988239187384064,1597988239690000128,2020-08-21 13:37:19.690000,6920.0,6926.0,6826.0,6888.0,nan,6878.0,147789,10164927420.0,150321,6920.0,8,6918.0,286,nan,0,nan,0,nan,0,nan,0,nan,0,nan,0,nan,0,nan,0
1597988239691160064,1597988240232999936,2020-08-21 13:37:20.233000,6920.0,6926.0,6826.0,6888.0,nan,6878.0,147798,10165546440.0,150321,6921.0,10,6920.0,5,nan,0,nan,0,nan,0,nan,0,nan,0,nan,0,nan,0,nan,0
1597988240226959872,1597988240720999936,2020-08-21 13:37:20.721000,6921.0,6926.0,6826.0,6888.0,nan,6878.0,147817,10166853260.0,150317,6921.0,11,6920.0,3,nan,0,nan,0,nan,0,nan,0,nan,0,nan,0,nan,0,nan,0
1597988240696129024,1597988241204000000,2020-08-21 13:37:21.204000,6919.0,6926.0,6826.0,6888.0,nan,6878.0,147821,10167128380.0,150316,6920.0,1,6918.0,275,nan,0,nan,0,nan,0,nan,0,nan,0,nan,0,nan,0,nan,0
1597988241200250880,1597988241731000064,2020-08-21 13:37:21.731000,6921.0,6926.0,6826.0,6888.0,nan,6878.0,147828,10167609840.0,150314,6921.0,10,6919.0,1,nan,0,nan,0,nan,0,nan,0,nan,0,nan,0,nan,0,nan,0
1597988241695503104,1597988242229000192,2020-08-21 13:37:22.229000,6921.0,6926.0,6826.0,6888.0,nan,6878.0,147830,10167747400.0,150315,6921.0,9,6920.0,12,nan,0,nan,0,nan,0,nan,0,nan,0,nan,0,nan,0,nan,0
1597988242192367104,1597988242733999872,2020-08-21 13:37:22.734000,6920.0,6926.0,6826.0,6888.0,nan,6878.0,147834,10168022520.0,150316,6921.0,13,6920.0,9,nan,0,nan,0,nan,0,nan,0,nan,0,nan,0,nan,0,nan,0
1597988242710566912,1597988243240000000,2020-08-21 13:37:23.240000,6920.0,6926.0,6826.0,6888.0,nan,6878.0,147838,10168297640.0,150316,6921.0,14,6920.0,5,nan,0,nan,0,nan,0,nan,0,nan,0,nan,0,nan,0,nan,0
1597988243199961088,1597988243736999936,2020-08-21 13:37:23.737000,6920.0,6926.0,6826.0,6888.0,nan,6878.0,147861,10169879580.0,150320,6920.0,8,6919.0,5,nan,0,nan,0,nan,0,nan,0,nan,0,nan,0,nan,0,nan,0
1597988243693871104,1597988244160000000,2020-08-21 13:37:24.160000,6920.0,6926.0,6826.0,6888.0,nan,6878.0,147882,10171323960.0,150321,6921.0,12,6920.0,6,nan,0,nan,0,nan,0,nan,0,nan,0,nan,0,nan,0,nan,0
1597988244215597056,1597988244698999808,2020-08-21 13:37:24.699000,6920.0,6926.0,6826.0,6888.0,nan,6878.0,147891,10171942980.0,150323,6921.0,7,6920.0,2,nan,0,nan,0,nan,0,nan,0,nan,0,nan,0,nan,0,nan,0
1597988244692006912,1597988245219000064,2020-08-21 13:37:25.219000,6920.0,6926.0,6826.0,6888.0,nan,6878.0,147893,10172080540.0,150322,6921.0,7,6919.0,7,nan,0,nan,0,nan,0,nan,0,nan,0,nan,0,nan,0,nan,0
1597988245205892096,1597988245700000000,2020-08-21 13:37:25.700000,6920.0,6926.0,6826.0,6888.0,nan,6878.0,147898,10172424440.0,150323,6920.0,1,6919.0,7,nan,0,nan,0,nan,0,nan,0,nan,0,nan,0,nan,0,nan,0
1597988245699699968,1597988246232999936,2020-08-21 13:37:26.233000,6919.0,6926.0,6826.0,6888.0,nan,6878.0,147903,10172768340.0,150323,6920.0,1,6919.0,6,nan,0,nan,0,nan,0,nan,0,nan,0,nan,0,nan,0,nan,0
1597988246273359872,1597988246723000064,2020-08-21 13:37:26.723000,6921.0,6926.0,6826.0,6888.0,nan,6878.0,147907,10173043460.0,150322,6921.0,4,6920.0,4,nan,0,nan,0,nan,0,nan,0,nan,0,nan,0,nan,0,nan,0
1597988246729131008,1597988247234999808,2020-08-21 13:37:27.235000,6921.0,6926.0,6826.0,6888.0,nan,6878.0,147910,10173249800.0,150323,6921.0,8,6920.0,4,nan,0,nan,0,nan,0,nan,0,nan,0,nan,0,nan,0,nan,0
1597988247227947008,1597988247742000128,2020-08-21 13:37:27.742000,6921.0,6926.0,6826.0,6888.0,nan,6878.0,147925,10174281500.0,150332,6921.0,3,6920.0,10,nan,0,nan,0,nan,0,nan,0,nan,0,nan,0,nan,0,nan,0
1597988247734232064,1597988248221999872,2020-08-21 13:37:28.222000,6919.0,6926.0,6826.0,6888.0,nan,6878.0,147940,10175313200.0,150336,6920.0,19,6919.0,6,nan,0,nan,0,nan,0,nan,0,nan,0,nan,0,nan,0,nan,0
1597988248252902912,1597988248727000064,2020-08-21 13:37:28.727000,6920.0,6926.0,6826.0,6888.0,nan,6878.0,147956,10176413680.0,150345,6920.0,11,6918.0,286,nan,0,nan,0,nan,0,nan,0,nan,0,nan,0,nan,0,nan,0
1597988248699621120,1597988249240000000,2020-08-21 13:37:29.240000,6920.0,6926.0,6826.0,6888.0,nan,6878.0,147957,10176482460.0,150346,6920.0,11,6918.0,286,nan,0,nan,0,nan,0,nan,0,nan,0,nan,0,nan,0,nan,0
1597988249245822976,1597988249731000064,2020-08-21 13:37:29.731000,6920.0,6926.0,6826.0,6888.0,nan,6878.0,147961,10176757580.0,150348,6920.0,8,6918.0,285,nan,0,nan,0,nan,0,nan,0,nan,0,nan,0,nan,0,nan,0
1597988249706818048,1597988250240000000,2020-08-21 13:37:30.240000,6920.0,6926.0,6826.0,6888.0,nan,6878.0,147962,10176826360.0,150349,6920.0,17,6918.0,285,nan,0,nan,0,nan,0,nan,0,nan,0,nan,0,nan,0,nan,0
1597988250255225088,1597988250739000064,2020-08-21 13:37:30.739000,6920.0,6926.0,6826.0,6888.0,nan,6878.0,147968,10177239040.0,150355,6920.0,22,6918.0,285,nan,0,nan,0,nan,0,nan,0,nan,0,nan,0,nan,0,nan,0
1597988250706198016,1597988251240000000,2020-08-21 13:37:31.240000,6920.0,6926.0,6826.0,6888.0,nan,6878.0,147987,10178545860.0,150339,6920.0,19,6918.0,286,nan,0,nan,0,nan,0,nan,0,nan,0,nan,0,nan,0,nan,0
1597988251201560064,1597988251737999872,2020-08-21 13:37:31.738000,6919.0,6926.0,6826.0,6888.0,nan,6878.0,147988,10178614640.0,150340,6920.0,19,6919.0,6,nan,0,nan,0,nan,0,nan,0,nan,0,nan,0,nan,0,nan,0
1597988251712075008,1597988252190000128,2020-08-21 13:37:32.190000,6919.0,6926.0,6826.0,6888.0,nan,6878.0,147991,10178820980.0,150343,6920.0,21,6919.0,3,nan,0,nan,0,nan,0,nan,0,nan,0,nan,0,nan,0,nan,0
1597988252232354048,1597988252742000128,2020-08-21 13:37:32.742000,6920.0,6926.0,6826.0,6888.0,nan,6878.0,147992,10178889760.0,150342,6920.0,20,6919.0,4,nan,0,nan,0,nan,0,nan,0,nan,0,nan,0,nan,0,nan,0
1597988252717605888,1597988253240000000,2020-08-21 13:37:33.240000,6919.0,6926.0,6826.0,6888.0,nan,6878.0,147999,10179371220.0,150342,6920.0,21,6919.0,5,nan,0,nan,0,nan,0,nan,0,nan,0,nan,0,nan,0,nan,0
1597988253244739072,1597988253730000128,2020-08-21 13:37:33.730000,6919.0,6926.0,6826.0,6888.0,nan,6878.0,148004,10179715120.0,150339,6920.0,19,6919.0,4,nan,0,nan,0,nan,0,nan,0,nan,0,nan,0,nan,0,nan,0
1597988253702067968,1597988254240999936,2020-08-21 13:37:34.241000,6919.0,6926.0,6826.0,6888.0,nan,6878.0,148009,10180059020.0,150340,6919.0,17,6918.0,288,nan,0,nan,0,nan,0,nan,0,nan,0,nan,0,nan,0,nan,0
1597988254204762112,1597988254739000064,2020-08-21 13:37:34.739000,6919.0,6926.0,6826.0,6888.0,nan,6878.0,148028,10181365840.0,150341,6920.0,18,6919.0,9,nan,0,nan,0,nan,0,nan,0,nan,0,nan,0,nan,0,nan,0
1597988254730057984,1597988255228000000,2020-08-21 13:37:35.228000,6920.0,6926.0,6826.0,6888.0,nan,6878.0,148030,10181503400.0,150343,6920.0,18,6919.0,8,nan,0,nan,0,nan,0,nan,0,nan,0,nan,0,nan,0,nan,0
1597988255225995008,1597988255737999872,2020-08-21 13:37:35.738000,6919.0,6926.0,6826.0,6888.0,nan,6878.0,148040,10182191200.0,150349,6920.0,16,6918.0,291,nan,0,nan,0,nan,0,nan,0,nan,0,nan,0,nan,0,nan,0
1597988255704743936,1597988256232999936,2020-08-21 13:37:36.233000,6919.0,6926.0,6826.0,6888.0,nan,6878.0,148040,10182191200.0,150349,6920.0,20,6919.0,2,nan,0,nan,0,nan,0,nan,0,nan,0,nan,0,nan,0,nan,0
1597988256231204096,1597988256740999936,2020-08-21 13:37:36.741000,6919.0,6926.0,6826.0,6888.0,nan,6878.0,148044,10182466320.0,150352,6919.0,2,6918.0,291,nan,0,nan,0,nan,0,nan,0,nan,0,nan,0,nan,0,nan,0
1597988256706781952,1597988257223000064,2020-08-21 13:37:37.223000,6918.0,6926.0,6826.0,6888.0,nan,6878.0,148049,10182810220.0,150351,6919.0,1,6918.0,288,nan,0,nan,0,nan,0,nan,0,nan,0,nan,0,nan,0,nan,0
1597988257210113024,1597988257727000064,2020-08-21 13:37:37.727000,6918.0,6926.0,6826.0,6888.0,nan,6878.0,148078,10184804840.0,150331,6919.0,11,6918.0,259,nan,0,nan,0,nan,0,nan,0,nan,0,nan,0,nan,0,nan,0
1597988257702330112,1597988258237999872,2020-08-21 13:37:38.238000,6916.0,6926.0,6826.0,6888.0,nan,6878.0,148392,10206401760.0,150310,6916.0,25,6915.0,2,nan,0,nan,0,nan,0,nan,0,nan,0,nan,0,nan,0,nan,0
1597988258230157056,1597988258734999808,2020-08-21 13:37:38.735000,6914.0,6926.0,6826.0,6888.0,nan,6878.0,148403,10207158340.0,150311,6916.0,13,6914.0,22,nan,0,nan,0,nan,0,nan,0,nan,0,nan,0,nan,0,nan,0
1597988258709452032,1597988259240000000,2020-08-21 13:37:39.240000,6914.0,6926.0,6826.0,6888.0,nan,6878.0,148405,10207295900.0,150309,6916.0,14,6915.0,1,nan,0,nan,0,nan,0,nan,0,nan,0,nan,0,nan,0,nan,0
1597988259237574912,1597988259724000000,2020-08-21 13:37:39.724000,6915.0,6926.0,6826.0,6888.0,nan,6878.0,148409,10207571020.0,150308,6916.0,17,6914.0,20,nan,0,nan,0,nan,0,nan,0,nan,0,nan,0,nan,0,nan,0
1597988259712364032,1597988260211000064,2020-08-21 13:37:40.211000,6914.0,6926.0,6826.0,6888.0,nan,6878.0,148418,10208190040.0,150307,6915.0,4,6914.0,18,nan,0,nan,0,nan,0,nan,0,nan,0,nan,0,nan,0,nan,0
1597988260205242880,1597988260736999936,2020-08-21 13:37:40.737000,6916.0,6926.0,6826.0,6888.0,nan,6878.0,148425,10208671500.0,150306,6916.0,7,6914.0,18,nan,0,nan,0,nan,0,nan,0,nan,0,nan,0,nan,0,nan,0
1597988260705865984,1597988261242000128,2020-08-21 13:37:41.242000,6916.0,6926.0,6826.0,6888.0,nan,6878.0,148433,10209221740.0,150309,6918.0,7,6916.0,3,nan,0,nan,0,nan,0,nan,0,nan,0,nan,0,nan,0,nan,0
1597988261252883968,1597988261736000000,2020-08-21 13:37:41.736000,6916.0,6926.0,6826.0,6888.0,nan,6878.0,148435,10209359300.0,150310,6917.0,3,6916.0,2,nan,0,nan,0,nan,0,nan,0,nan,0,nan,0,nan,0,nan,0
1597988261698680064,1597988262239000064,2020-08-21 13:37:42.239000,6916.0,6926.0,6826.0,6888.0,nan,6878.0,148437,10209496860.0,150311,6916.0,1,6915.0,1,nan,0,nan,0,nan,0,nan,0,nan,0,nan,0,nan,0,nan,0
1597988262271544064,1597988262742000128,2020-08-21 13:37:42.742000,6916.0,6926.0,6826.0,6888.0,nan,6878.0,148438,10209565640.0,150311,6917.0,3,6916.0,4,nan,0,nan,0,nan,0,nan,0,nan,0,nan,0,nan,0,nan,0
1597988262699110912,1597988263232999936,2020-08-21 13:37:43.233000,6915.0,6926.0,6826.0,6888.0,nan,6878.0,148445,10210047100.0,150314,6915.0,1,6914.0,18,nan,0,nan,0,nan,0,nan,0,nan,0,nan,0,nan,0,nan,0
1597988263202457088,1597988263740999936,2020-08-21 13:37:43.741000,6917.0,6926.0,6826.0,6888.0,nan,6878.0,148452,10210528560.0,150316,6916.0,5,6915.0,9,nan,0,nan,0,nan,0,nan,0,nan,0,nan,0,nan,0,nan,0
1597988263700740096,1597988264236999936,2020-08-21 13:37:44.237000,6917.0,6926.0,6826.0,6888.0,nan,6878.0,148452,10210528560.0,150316,6916.0,14,6915.0,4,nan,0,nan,0,nan,0,nan,0,nan,0,nan,0,nan,0,nan,0
1597988264253474048,1597988264740999936,2020-08-21 13:37:44.741000,6916.0,6926.0,6826.0,6888.0,nan,6878.0,148465,10211422700.0,150322,6916.0,3,6915.0,2,nan,0,nan,0,nan,0,nan,0,nan,0,nan,0,nan,0,nan,0
1597988264703841024,1597988265232000000,2020-08-21 13:37:45.232000,6915.0,6926.0,6826.0,6888.0,nan,6878.0,148467,10211560260.0,150324,6916.0,12,6915.0,1,nan,0,nan,0,nan,0,nan,0,nan,0,nan,0,nan,0,nan,0
1597988265215961088,1597988265709000192,2020-08-21 13:37:45.709000,6916.0,6926.0,6826.0,6888.0,nan,6878.0,148479,10212385620.0,150323,6917.0,2,6915.0,12,nan,0,nan,0,nan,0,nan,0,nan,0,nan,0,nan,0,nan,0
1597988265703222016,1597988266236000000,2020-08-21 13:37:46.236000,6916.0,6926.0,6826.0,6888.0,nan,6878.0,148482,10212591960.0,150325,6917.0,2,6916.0,1,nan,0,nan,0,nan,0,nan,0,nan,0,nan,0,nan,0,nan,0
1597988266218640896,1597988266729000192,2020-08-21 13:37:46.729000,6916.0,6926.0,6826.0,6888.0,nan,6878.0,148482,10212591960.0,150325,6917.0,2,6916.0,2,nan,0,nan,0,nan,0,nan,0,nan,0,nan,0,nan,0,nan,0
1597988266719895040,1597988267224000000,2020-08-21 13:37:47.224000,6917.0,6926.0,6826.0,6888.0,nan,6878.0,148487,10212935860.0,150322,6917.0,4,6916.0,2,nan,0,nan,0,nan,0,nan,0,nan,0,nan,0,nan,0,nan,0
1597988267238089984,1597988267736999936,2020-08-21 13:37:47.737000,6916.0,6926.0,6826.0,6888.0,nan,6878.0,148493,10213348540.0,150319,6916.0,1,6915.0,13,nan,0,nan,0,nan,0,nan,0,nan,0,nan,0,nan,0,nan,0
1597988267711419904,1597988268177999872,2020-08-21 13:37:48.178000,6916.0,6926.0,6826.0,6888.0,nan,6878.0,148494,10213417320.0,150320,6917.0,2,6916.0,5,nan,0,nan,0,nan,0,nan,0,nan,0,nan,0,nan,0,nan,0
1597988268231720960,1597988268732999936,2020-08-21 13:37:48.733000,6915.0,6926.0,6826.0,6888.0,nan,6878.0,148495,10213486100.0,150321,6916.0,2,6915.0,12,nan,0,nan,0,nan,0,nan,0,nan,0,nan,0,nan,0,nan,0
1597988268707379968,1597988269240000000,2020-08-21 13:37:49.240000,6915.0,6926.0,6826.0,6888.0,nan,6878.0,148502,10213967560.0,150327,6917.0,4,6915.0,14,nan,0,nan,0,nan,0,nan,0,nan,0,nan,0,nan,0,nan,0
1597988269206910976,1597988269740000000,2020-08-21 13:37:49.740000,6915.0,6926.0,6826.0,6888.0,nan,6878.0,148510,10214517800.0,150330,6917.0,2,6915.0,15,nan,0,nan,0,nan,0,nan,0,nan,0,nan,0,nan,0,nan,0
1597988269719515904,1597988270220000000,2020-08-21 13:37:50.220000,6915.0,6926.0,6826.0,6888.0,nan,6878.0,148517,10214999260.0,150327,6917.0,1,6915.0,9,nan,0,nan,0,nan,0,nan,0,nan,0,nan,0,nan,0,nan,0
1597988270235261952,1597988270731000064,2020-08-21 13:37:50.731000,6915.0,6926.0,6826.0,6888.0,nan,6878.0,148517,10214999260.0,150327,6917.0,2,6916.0,1,nan,0,nan,0,nan,0,nan,0,nan,0,nan,0,nan,0,nan,0
1597988270708761088,1597988271228000000,2020-08-21 13:37:51.228000,6917.0,6926.0,6826.0,6888.0,nan,6878.0,148521,10215274380.0,150325,6917.0,3,6916.0,1,nan,0,nan,0,nan,0,nan,0,nan,0,nan,0,nan,0,nan,0
1597988271235692032,1597988271740000000,2020-08-21 13:37:51.740000,6917.0,6926.0,6826.0,6888.0,nan,6878.0,148524,10215480720.0,150326,6917.0,2,6916.0,2,nan,0,nan,0,nan,0,nan,0,nan,0,nan,0,nan,0,nan,0
1597988271710125056,1597988272233999872,2020-08-21 13:37:52.234000,6917.0,6926.0,6826.0,6888.0,nan,6878.0,148525,10215549500.0,150326,6917.0,6,6916.0,2,nan,0,nan,0,nan,0,nan,0,nan,0,nan,0,nan,0,nan,0
1597988272207982080,1597988272740000000,2020-08-21 13:37:52.740000,6916.0,6926.0,6826.0,6888.0,nan,6878.0,148527,10215687060.0,150326,6917.0,10,6915.0,9,nan,0,nan,0,nan,0,nan,0,nan,0,nan,0,nan,0,nan,0
1597988272723577088,1597988273233999872,2020-08-21 13:37:53.234000,6917.0,6926.0,6826.0,6888.0,nan,6878.0,148528,10215755840.0,150326,6917.0,10,6915.0,15,nan,0,nan,0,nan,0,nan,0,nan,0,nan,0,nan,0,nan,0
1597988273224812032,1597988273732000000,2020-08-21 13:37:53.732000,6917.0,6926.0,6826.0,6888.0,nan,6878.0,148529,10215824620.0,150326,6916.0,3,6915.0,15,nan,0,nan,0,nan,0,nan,0,nan,0,nan,0,nan,0,nan,0
1597988273740371968,1597988274236000000,2020-08-21 13:37:54.236000,6917.0,6926.0,6826.0,6888.0,nan,6878.0,148529,10215824620.0,150326,6916.0,4,6915.0,4,nan,0,nan,0,nan,0,nan,0,nan,0,nan,0,nan,0,nan,0
1597988274232952064,1597988274724999936,2020-08-21 13:37:54.725000,6916.0,6926.0,6826.0,6888.0,nan,6878.0,148534,10216168520.0,150330,6917.0,11,6916.0,1,nan,0,nan,0,nan,0,nan,0,nan,0,nan,0,nan,0,nan,0
1597988274748613888,1597988275239000064,2020-08-21 13:37:55.239000,6916.0,6926.0,6826.0,6888.0,nan,6878.0,148537,10216374860.0,150331,6917.0,11,6916.0,9,nan,0,nan,0,nan,0,nan,0,nan,0,nan,0,nan,0,nan,0
1597988275216599040,1597988275727000064,2020-08-21 13:37:55.727000,6916.0,6926.0,6826.0,6888.0,nan,6878.0,148557,10217750460.0,150342,6917.0,11,6916.0,2,nan,0,nan,0,nan,0,nan,0,nan,0,nan,0,nan,0,nan,0
1597988275761539072,1597988276240999936,2020-08-21 13:37:56.241000,6916.0,6926.0,6826.0,6888.0,nan,6878.0,148558,10217819240.0,150342,6917.0,11,6916.0,4,nan,0,nan,0,nan,0,nan,0,nan,0,nan,0,nan,0,nan,0
1597988276820567040,1597988277226000128,2020-08-21 13:37:57.226000,6916.0,6926.0,6826.0,6888.0,nan,6878.0,148566,10218369480.0,150343,6916.0,2,6915.0,8,nan,0,nan,0,nan,0,nan,0,nan,0,nan,0,nan,0,nan,0
1597988277274204928,1597988277706000128,2020-08-21 13:37:57.706000,6916.0,6926.0,6826.0,6888.0,nan,6878.0,148568,10218507040.0,150341,6917.0,6,6916.0,5,nan,0,nan,0,nan,0,nan,0,nan,0,nan,0,nan,0,nan,0
1597988277716346112,1597988278236999936,2020-08-21 13:37:58.237000,6916.0,6926.0,6826.0,6888.0,nan,6878.0,148568,10218507040.0,150341,6917.0,7,6916.0,5,nan,0,nan,0,nan,0,nan,0,nan,0,nan,0,nan,0,nan,0
1597988278212549120,1597988278736000000,2020-08-21 13:37:58.736000,6917.0,6926.0,6826.0,6888.0,nan,6878.0,148575,10218988500.0,150342,6918.0,20,6916.0,13,nan,0,nan,0,nan,0,nan,0,nan,0,nan,0,nan,0,nan,0
1597988278717665024,1597988279236000000,2020-08-21 13:37:59.236000,6917.0,6926.0,6826.0,6888.0,nan,6878.0,148575,10218988500.0,150342,6918.0,21,6916.0,13,nan,0,nan,0,nan,0,nan,0,nan,0,nan,0,nan,0,nan,0
1597988279227098112,1597988279720000000,2020-08-21 13:37:59.720000,6916.0,6926.0,6826.0,6888.0,nan,6878.0,148577,10219126060.0,150342,6918.0,11,6916.0,12,nan,0,nan,0,nan,0,nan,0,nan,0,nan,0,nan,0,nan,0
1597988279714032128,1597988280161999872,2020-08-21 13:38:00.162000,6916.0,6926.0,6826.0,6888.0,nan,6878.0,148577,10219126060.0,150342,6918.0,11,6916.0,14,nan,0,nan,0,nan,0,nan,0,nan,0,nan,0,nan,0,nan,0
1597988280227771904,1597988280742000128,2020-08-21 13:38:00.742000,6916.0,6926.0,6826.0,6888.0,nan,6878.0,148582,10219469960.0,150338,6918.0,11,6916.0,14,nan,0,nan,0,nan,0,nan,0,nan,0,nan,0,nan,0,nan,0
1597988280716225024,1597988281236999936,2020-08-21 13:38:01.237000,6917.0,6926.0,6826.0,6888.0,nan,6878.0,148591,10220088980.0,150337,6917.0,8,6916.0,9,nan,0,nan,0,nan,0,nan,0,nan,0,nan,0,nan,0,nan,0
1597988281211070976,1597988281742000128,2020-08-21 13:38:01.742000,6916.0,6926.0,6826.0,6888.0,nan,6878.0,148592,10220157760.0,150337,6917.0,8,6916.0,19,nan,0,nan,0,nan,0,nan,0,nan,0,nan,0,nan,0,nan,0
1597988282238023936,1597988282712999936,2020-08-21 13:38:02.713000,6916.0,6926.0,6826.0,6888.0,nan,6878.0,148592,10220157760.0,150337,6917.0,8,6916.0,20,nan,0,nan,0,nan,0,nan,0,nan,0,nan,0,nan,0,nan,0
1597988282719408128,1597988283233999872,2020-08-21 13:38:03.234000,6917.0,6926.0,6826.0,6888.0,nan,6878.0,148596,10220432880.0,150340,6917.0,6,6916.0,7,nan,0,nan,0,nan,0,nan,0,nan,0,nan,0,nan,0,nan,0
1597988283289072128,1597988283733999872,2020-08-21 13:38:03.734000,6916.0,6926.0,6826.0,6888.0,nan,6878.0,148597,10220501660.0,150340,6917.0,6,6916.0,7,nan,0,nan,0,nan,0,nan,0,nan,0,nan,0,nan,0,nan,0
1597988283715825920,1597988284237999872,2020-08-21 13:38:04.238000,6916.0,6926.0,6826.0,6888.0,nan,6878.0,148620,10222083600.0,150354,6918.0,15,6916.0,1,nan,0,nan,0,nan,0,nan,0,nan,0,nan,0,nan,0,nan,0
1597988284217564928,1597988284706000128,2020-08-21 13:38:04.706000,6916.0,6926.0,6826.0,6888.0,nan,6878.0,148624,10222358720.0,150355,6918.0,16,6916.0,3,nan,0,nan,0,nan,0,nan,0,nan,0,nan,0,nan,0,nan,0
1597988284712171008,1597988285234999808,2020-08-21 13:38:05.235000,6916.0,6926.0,6826.0,6888.0,nan,6878.0,148626,10222496280.0,150357,6917.0,1,6916.0,1,nan,0,nan,0,nan,0,nan,0,nan,0,nan,0,nan,0,nan,0
1597988285230006016,1597988285714999808,2020-08-21 13:38:05.715000,6916.0,6926.0,6826.0,6888.0,nan,6878.0,148628,10222633840.0,150356,6916.0,5,6915.0,27,nan,0,nan,0,nan,0,nan,0,nan,0,nan,0,nan,0,nan,0
1597988285716225024,1597988286236999936,2020-08-21 13:38:06.237000,6915.0,6926.0,6826.0,6888.0,nan,6878.0,148629,10222702620.0,150356,6916.0,6,6915.0,21,nan,0,nan,0,nan,0,nan,0,nan,0,nan,0,nan,0,nan,0
1597988286229025024,1597988286732999936,2020-08-21 13:38:06.733000,6915.0,6926.0,6826.0,6888.0,nan,6878.0,148632,10222908960.0,150356,6916.0,7,6915.0,13,nan,0,nan,0,nan,0,nan,0,nan,0,nan,0,nan,0,nan,0
1597988286710169088,1597988287240000000,2020-08-21 13:38:07.240000,6916.0,6926.0,6826.0,6888.0,nan,6878.0,148643,10223665540.0,150358,6916.0,2,6915.0,13,nan,0,nan,0,nan,0,nan,0,nan,0,nan,0,nan,0,nan,0
1597988287225553920,1597988287739000064,2020-08-21 13:38:07.739000,6916.0,6926.0,6826.0,6888.0,nan,6878.0,148645,10223803100.0,150360,6917.0,3,6916.0,10,nan,0,nan,0,nan,0,nan,0,nan,0,nan,0,nan,0,nan,0
1597988287724382976,1597988288242000128,2020-08-21 13:38:08.242000,6916.0,6926.0,6826.0,6888.0,nan,6878.0,148651,10224215780.0,150361,6918.0,18,6916.0,8,nan,0,nan,0,nan,0,nan,0,nan,0,nan,0,nan,0,nan,0
1597988288720270080,1597988289240999936,2020-08-21 13:38:09.241000,6916.0,6926.0,6826.0,6888.0,nan,6878.0,148653,10224353340.0,150362,6918.0,18,6916.0,6,nan,0,nan,0,nan,0,nan,0,nan,0,nan,0,nan,0,nan,0
1597988289216847872,1597988289729000192,2020-08-21 13:38:09.729000,6916.0,6926.0,6826.0,6888.0,nan,6878.0,148659,10224766020.0,150362,6916.0,3,6915.0,21,nan,0,nan,0,nan,0,nan,0,nan,0,nan,0,nan,0,nan,0
1597988289712318976,1597988290232999936,2020-08-21 13:38:10.233000,6918.0,6926.0,6826.0,6888.0,nan,6878.0,148664,10225109920.0,150362,6917.0,1,6916.0,1,nan,0,nan,0,nan,0,nan,0,nan,0,nan,0,nan,0,nan,0
1597988290225786112,1597988290716999936,2020-08-21 13:38:10.717000,6916.0,6926.0,6826.0,6888.0,nan,6878.0,148667,10225316260.0,150360,6917.0,1,6915.0,19,nan,0,nan,0,nan,0,nan,0,nan,0,nan,0,nan,0,nan,0
1597988290714829056,1597988291242000128,2020-08-21 13:38:11.242000,6916.0,6926.0,6826.0,6888.0,nan,6878.0,148671,10225591380.0,150360,6916.0,2,6915.0,20,nan,0,nan,0,nan,0,nan,0,nan,0,nan,0,nan,0,nan,0
1597988291246840064,1597988291740999936,2020-08-21 13:38:11.741000,6915.0,6926.0,6826.0,6888.0,nan,6878.0,148673,10225728940.0,150360,6916.0,5,6915.0,18,nan,0,nan,0,nan,0,nan,0,nan,0,nan,0,nan,0,nan,0
1597988292220239872,1597988292713999872,2020-08-21 13:38:12.714000,6915.0,6926.0,6826.0,6888.0,nan,6878.0,148674,10225797720.0,150359,6916.0,5,6915.0,17,nan,0,nan,0,nan,0,nan,0,nan,0,nan,0,nan,0,nan,0
1597988292716862976,1597988293236999936,2020-08-21 13:38:13.237000,6915.0,6926.0,6826.0,6888.0,nan,6878.0,148694,10227173320.0,150369,6916.0,10,6914.0,26,nan,0,nan,0,nan,0,nan,0,nan,0,nan,0,nan,0,nan,0
1597988293220221952,1597988293727000064,2020-08-21 13:38:13.727000,6915.0,6926.0,6826.0,6888.0,nan,6878.0,148695,10227242100.0,150368,6916.0,12,6914.0,27,nan,0,nan,0,nan,0,nan,0,nan,0,nan,0,nan,0,nan,0
1597988293720901120,1597988294223000064,2020-08-21 13:38:14.223000,6915.0,6926.0,6826.0,6888.0,nan,6878.0,148695,10227242100.0,150368,6916.0,13,6914.0,27,nan,0,nan,0,nan,0,nan,0,nan,0,nan,0,nan,0,nan,0
1597988294241576960,1597988294740000000,2020-08-21 13:38:14.740000,6914.0,6926.0,6826.0,6888.0,nan,6878.0,148699,10227517220.0,150366,6916.0,18,6914.0,30,nan,0,nan,0,nan,0,nan,0,nan,0,nan,0,nan,0,nan,0
1597988294722484992,1597988295240000000,2020-08-21 13:38:15.240000,6914.0,6926.0,6826.0,6888.0,nan,6878.0,148712,10228411360.0,150368,6915.0,2,6914.0,22,nan,0,nan,0,nan,0,nan,0,nan,0,nan,0,nan,0,nan,0
1597988295261262080,1597988295724999936,2020-08-21 13:38:15.725000,6916.0,6926.0,6826.0,6888.0,nan,6878.0,148721,10229030380.0,150371,6916.0,15,6914.0,18,nan,0,nan,0,nan,0,nan,0,nan,0,nan,0,nan,0,nan,0
1597988295721410048,1597988296236999936,2020-08-21 13:38:16.237000,6914.0,6926.0,6826.0,6888.0,nan,6878.0,148726,10229374280.0,150374,6916.0,15,6914.0,13,nan,0,nan,0,nan,0,nan,0,nan,0,nan,0,nan,0,nan,0
1597988296218964992,1597988296737999872,2020-08-21 13:38:16.738000,6914.0,6926.0,6826.0,6888.0,nan,6878.0,148729,10229580620.0,150375,6915.0,1,6914.0,10,nan,0,nan,0,nan,0,nan,0,nan,0,nan,0,nan,0,nan,0
1597988296730864128,1597988297220000000,2020-08-21 13:38:17.220000,6914.0,6926.0,6826.0,6888.0,nan,6878.0,148741,10230405980.0,150366,6914.0,4,6913.0,16,nan,0,nan,0,nan,0,nan,0,nan,0,nan,0,nan,0,nan,0
1597988297226577920,1597988297716000000,2020-08-21 13:38:17.716000,6914.0,6926.0,6826.0,6888.0,nan,6878.0,148742,10230474760.0,150366,6914.0,15,6913.0,17,nan,0,nan,0,nan,0,nan,0,nan,0,nan,0,nan,0,nan,0
1597988297721850112,1597988298234999808,2020-08-21 13:38:18.235000,6914.0,6926.0,6826.0,6888.0,nan,6878.0,148743,10230543540.0,150365,6914.0,15,6913.0,18,nan,0,nan,0,nan,0,nan,0,nan,0,nan,0,nan,0,nan,0
1597988298248657920,1597988298739000064,2020-08-21 13:38:18.739000,6914.0,6926.0,6826.0,6888.0,nan,6878.0,148743,10230543540.0,150365,6914.0,19,6913.0,19,nan,0,nan,0,nan,0,nan,0,nan,0,nan,0,nan,0,nan,0
1597988298726142976,1597988299232999936,2020-08-21 13:38:19.233000,6914.0,6926.0,6826.0,6888.0,nan,6878.0,148743,10230543540.0,150365,6914.0,29,6913.0,19,nan,0,nan,0,nan,0,nan,0,nan,0,nan,0,nan,0,nan,0
1597988299223148032,1597988299731000064,2020-08-21 13:38:19.731000,6913.0,6926.0,6826.0,6888.0,nan,6878.0,148756,10231437680.0,150368,6914.0,30,6913.0,6,nan,0,nan,0,nan,0,nan,0,nan,0,nan,0,nan,0,nan,0
1597988299720050944,1597988300231000064,2020-08-21 13:38:20.231000,6913.0,6926.0,6826.0,6888.0,nan,6878.0,148764,10231987920.0,150372,6913.0,7,6912.0,11,nan,0,nan,0,nan,0,nan,0,nan,0,nan,0,nan,0,nan,0
1597988300252424960,1597988300739000064,2020-08-21 13:38:20.739000,6913.0,6926.0,6826.0,6888.0,nan,6878.0,148764,10231987920.0,150372,6913.0,8,6912.0,14,nan,0,nan,0,nan,0,nan,0,nan,0,nan,0,nan,0,nan,0
1597988300764847104,1597988301226000128,2020-08-21 13:38:21.226000,6912.0,6926.0,6826.0,6888.0,nan,6878.0,148773,10232606940.0,150372,6913.0,5,6912.0,10,nan,0,nan,0,nan,0,nan,0,nan,0,nan,0,nan,0,nan,0
1597988301784333056,1597988301740999936,2020-08-21 13:38:21.741000,6913.0,6926.0,6826.0,6888.0,nan,6878.0,148779,10233019620.0,150372,6913.0,40,6912.0,7,nan,0,nan,0,nan,0,nan,0,nan,0,nan,0,nan,0,nan,0
1597988302038955008,1597988302231000064,2020-08-21 13:38:22.231000,6912.0,6926.0,6826.0,6888.0,nan,6878.0,148783,10233294740.0,150371,6913.0,38,6912.0,8,nan,0,nan,0,nan,0,nan,0,nan,0,nan,0,nan,0,nan,0
1597988302220455936,1597988302743000064,2020-08-21 13:38:22.743000,6912.0,6926.0,6826.0,6888.0,nan,6878.0,148810,10235151800.0,150359,6913.0,27,6912.0,9,nan,0,nan,0,nan,0,nan,0,nan,0,nan,0,nan,0,nan,0
1597988302733878016,1597988303228000000,2020-08-21 13:38:23.228000,6913.0,6926.0,6826.0,6888.0,nan,6878.0,148827,10236321060.0,150353,6912.0,13,6911.0,41,nan,0,nan,0,nan,0,nan,0,nan,0,nan,0,nan,0,nan,0
1597988303227297024,1597988303732000000,2020-08-21 13:38:23.732000,6912.0,6926.0,6826.0,6888.0,nan,6878.0,148855,10238246900.0,150347,6912.0,2,6911.0,35,nan,0,nan,0,nan,0,nan,0,nan,0,nan,0,nan,0,nan,0
1597988303805588992,1597988304239000064,2020-08-21 13:38:24.239000,6912.0,6926.0,6826.0,6888.0,nan,6878.0,148878,10239828840.0,150342,6912.0,3,6911.0,16,nan,0,nan,0,nan,0,nan,0,nan,0,nan,0,nan,0,nan,0
1597988304273009920,1597988304743000064,2020-08-21 13:38:24.743000,6911.0,6926.0,6826.0,6888.0,nan,6878.0,148882,10240103960.0,150344,6912.0,2,6911.0,14,nan,0,nan,0,nan,0,nan,0,nan,0,nan,0,nan,0,nan,0
1597988304725573120,1597988305243000064,2020-08-21 13:38:25.243000,6910.0,6926.0,6826.0,6888.0,nan,6878.0,148914,10242304920.0,150337,6911.0,7,6910.0,83,nan,0,nan,0,nan,0,nan,0,nan,0,nan,0,nan,0,nan,0
1597988305220696064,1597988305742000128,2020-08-21 13:38:25.742000,6910.0,6926.0,6826.0,6888.0,nan,6878.0,148929,10243336620.0,150331,6911.0,12,6910.0,75,nan,0,nan,0,nan,0,nan,0,nan,0,nan,0,nan,0,nan,0
1597988305720837888,1597988306240999936,2020-08-21 13:38:26.241000,6910.0,6926.0,6826.0,6888.0,nan,6878.0,148944,10244368320.0,150333,6912.0,3,6910.0,73,nan,0,nan,0,nan,0,nan,0,nan,0,nan,0,nan,0,nan,0
1597988306230726912,1597988306742000128,2020-08-21 13:38:26.742000,6910.0,6926.0,6826.0,6888.0,nan,6878.0,148948,10244643440.0,150330,6911.0,3,6910.0,69,nan,0,nan,0,nan,0,nan,0,nan,0,nan,0,nan,0,nan,0
1597988306718640896,1597988307209000192,2020-08-21 13:38:27.209000,6910.0,6926.0,6826.0,6888.0,nan,6878.0,148963,10245675140.0,150320,6911.0,2,6910.0,56,nan,0,nan,0,nan,0,nan,0,nan,0,nan,0,nan,0,nan,0
1597988307232132096,1597988307742000128,2020-08-21 13:38:27.742000,6911.0,6926.0,6826.0,6888.0,nan,6878.0,148970,10246156600.0,150321,6912.0,6,6910.0,55,nan,0,nan,0,nan,0,nan,0,nan,0,nan,0,nan,0,nan,0
1597988307740551936,1597988308243000064,2020-08-21 13:38:28.243000,6910.0,6926.0,6826.0,6888.0,nan,6878.0,149040,10250971200.0,150273,6910.0,11,6909.0,20,nan,0,nan,0,nan,0,nan,0,nan,0,nan,0,nan,0,nan,0
1597988308230075904,1597988308734999808,2020-08-21 13:38:28.735000,6911.0,6926.0,6826.0,6888.0,nan,6878.0,149056,10252071680.0,150281,6911.0,1,6910.0,2,nan,0,nan,0,nan,0,nan,0,nan,0,nan,0,nan,0,nan,0
1597988308727406080,1597988309229000192,2020-08-21 13:38:29.229000,6909.0,6926.0,6826.0,6888.0,nan,6878.0,149112,10255923360.0,150295,6910.0,7,6909.0,18,nan,0,nan,0,nan,0,nan,0,nan,0,nan,0,nan,0,nan,0
1597988309257543936,1597988309736000000,2020-08-21 13:38:29.736000,6909.0,6926.0,6826.0,6888.0,nan,6878.0,149125,10256817500.0,150293,6911.0,2,6909.0,14,nan,0,nan,0,nan,0,nan,0,nan,0,nan,0,nan,0,nan,0
1597988309950705920,1597988310227000064,2020-08-21 13:38:30.227000,6910.0,6926.0,6826.0,6888.0,nan,6878.0,149136,10257574080.0,150290,6910.0,21,6909.0,17,nan,0,nan,0,nan,0,nan,0,nan,0,nan,0,nan,0,nan,0
1597988310350545920,1597988310736999936,2020-08-21 13:38:30.737000,6909.0,6926.0,6826.0,6888.0,nan,6878.0,149142,10257986760.0,150287,6910.0,22,6909.0,16,nan,0,nan,0,nan,0,nan,0,nan,0,nan,0,nan,0,nan,0
1597988310731738880,1597988311240999936,2020-08-21 13:38:31.241000,6909.0,6926.0,6826.0,6888.0,nan,6878.0,149148,10258399440.0,150285,6910.0,21,6909.0,13,nan,0,nan,0,nan,0,nan,0,nan,0,nan,0,nan,0,nan,0
1597988311234070016,1597988311724000000,2020-08-21 13:38:31.724000,6909.0,6926.0,6826.0,6888.0,nan,6878.0,149176,10260325280.0,150262,6910.0,2,6909.0,10,nan,0,nan,0,nan,0,nan,0,nan,0,nan,0,nan,0,nan,0
1597988311727571968,1597988312230000128,2020-08-21 13:38:32.230000,6910.0,6926.0,6826.0,6888.0,nan,6878.0,149187,10261081860.0,150262,6912.0,10,6910.0,19,nan,0,nan,0,nan,0,nan,0,nan,0,nan,0,nan,0,nan,0
1597988312251228928,1597988312696000000,2020-08-21 13:38:32.696000,6910.0,6926.0,6826.0,6888.0,nan,6878.0,149194,10261563320.0,150255,6911.0,1,6910.0,18,nan,0,nan,0,nan,0,nan,0,nan,0,nan,0,nan,0,nan,0
1597988312727536128,1597988313239000064,2020-08-21 13:38:33.239000,6910.0,6926.0,6826.0,6888.0,nan,6878.0,149199,10261907220.0,150251,6912.0,11,6910.0,18,nan,0,nan,0,nan,0,nan,0,nan,0,nan,0,nan,0,nan,0
1597988313240036096,1597988313744000000,2020-08-21 13:38:33.744000,6910.0,6926.0,6826.0,6888.0,nan,6878.0,149202,10262113560.0,150249,6912.0,25,6910.0,18,nan,0,nan,0,nan,0,nan,0,nan,0,nan,0,nan,0,nan,0
1597988313727160064,1597988314244000000,2020-08-21 13:38:34.244000,6910.0,6926.0,6826.0,6888.0,nan,6878.0,149214,10262938920.0,150250,6912.0,25,6910.0,7,nan,0,nan,0,nan,0,nan,0,nan,0,nan,0,nan,0,nan,0
1597988314229012992,1597988314734999808,2020-08-21 13:38:34.735000,6910.0,6926.0,6826.0,6888.0,nan,6878.0,149215,10263007700.0,150250,6912.0,24,6910.0,7,nan,0,nan,0,nan,0,nan,0,nan,0,nan,0,nan,0,nan,0
1597988314726956032,1597988315232999936,2020-08-21 13:38:35.233000,6910.0,6926.0,6826.0,6888.0,nan,6878.0,149222,10263489160.0,150255,6910.0,14,6909.0,29,nan,0,nan,0,nan,0,nan,0,nan,0,nan,0,nan,0,nan,0
1597988315253985024,1597988315729000192,2020-08-21 13:38:35.729000,6910.0,6926.0,6826.0,6888.0,nan,6878.0,149223,10263557940.0,150256,6910.0,18,6909.0,23,nan,0,nan,0,nan,0,nan,0,nan,0,nan,0,nan,0,nan,0
1597988315748152064,1597988316223000064,2020-08-21 13:38:36.223000,6910.0,6926.0,6826.0,6888.0,nan,6878.0,149238,10264589640.0,150265,6910.0,16,6909.0,10,nan,0,nan,0,nan,0,nan,0,nan,0,nan,0,nan,0,nan,0
1597988316243960064,1597988316742000128,2020-08-21 13:38:36.742000,6909.0,6926.0,6826.0,6888.0,nan,6878.0,149253,10265621340.0,150266,6909.0,4,6908.0,61,nan,0,nan,0,nan,0,nan,0,nan,0,nan,0,nan,0,nan,0
1597988316731869952,1597988317240999936,2020-08-21 13:38:37.241000,6908.0,6926.0,6826.0,6888.0,nan,6878.0,149262,10266240360.0,150263,6909.0,1,6908.0,59,nan,0,nan,0,nan,0,nan,0,nan,0,nan,0,nan,0,nan,0
1597988317237306880,1597988317716000000,2020-08-21 13:38:37.716000,6910.0,6926.0,6826.0,6888.0,nan,6878.0,149277,10267272060.0,150256,6909.0,1,6908.0,61,nan,0,nan,0,nan,0,nan,0,nan,0,nan,0,nan,0,nan,0
1597988317733393920,1597988318232000000,2020-08-21 13:38:38.232000,6909.0,6926.0,6826.0,6888.0,nan,6878.0,149281,10267547180.0,150254,6910.0,25,6909.0,4,nan,0,nan,0,nan,0,nan,0,nan,0,nan,0,nan,0,nan,0
1597988318257871104,1597988318716000000,2020-08-21 13:38:38.716000,6908.0,6926.0,6826.0,6888.0,nan,6878.0,149286,10267891080.0,150254,6910.0,31,6908.0,63,nan,0,nan,0,nan,0,nan,0,nan,0,nan,0,nan,0,nan,0
1597988318737008896,1597988319234999808,2020-08-21 13:38:39.235000,6910.0,6926.0,6826.0,6888.0,nan,6878.0,149294,10268441320.0,150248,6910.0,50,6908.0,77,nan,0,nan,0,nan,0,nan,0,nan,0,nan,0,nan,0,nan,0
1597988319271227904,1597988319726000128,2020-08-21 13:38:39.726000,6910.0,6926.0,6826.0,6888.0,nan,6878.0,149299,10268785220.0,150245,6910.0,77,6908.0,75,nan,0,nan,0,nan,0,nan,0,nan,0,nan,0,nan,0,nan,0
1597988319735514112,1597988320240999936,2020-08-21 13:38:40.241000,6910.0,6926.0,6826.0,6888.0,nan,6878.0,149299,10268785220.0,150245,6910.0,78,6909.0,1,nan,0,nan,0,nan,0,nan,0,nan,0,nan,0,nan,0,nan,0
1597988320233628928,1597988320740999936,2020-08-21 13:38:40.741000,6909.0,6926.0,6826.0,6888.0,nan,6878.0,149302,10268991560.0,150243,6909.0,2,6908.0,68,nan,0,nan,0,nan,0,nan,0,nan,0,nan,0,nan,0,nan,0
1597988320739983104,1597988321233999872,2020-08-21 13:38:41.234000,6909.0,6926.0,6826.0,6888.0,nan,6878.0,149305,10269197900.0,150242,6909.0,4,6908.0,66,nan,0,nan,0,nan,0,nan,0,nan,0,nan,0,nan,0,nan,0
1597988321251358976,1597988321743000064,2020-08-21 13:38:41.743000,6909.0,6926.0,6826.0,6888.0,nan,6878.0,149305,10269197900.0,150242,6909.0,14,6908.0,67,nan,0,nan,0,nan,0,nan,0,nan,0,nan,0,nan,0,nan,0
1597988321753179904,1597988322233999872,2020-08-21 13:38:42.234000,6908.0,6926.0,6826.0,6888.0,nan,6878.0,149308,10269404240.0,150241,6909.0,15,6908.0,64,nan,0,nan,0,nan,0,nan,0,nan,0,nan,0,nan,0,nan,0
1597988322268955904,1597988322726000128,2020-08-21 13:38:42.726000,6908.0,6926.0,6826.0,6888.0,nan,6878.0,149313,10269748140.0,150239,6909.0,13,6908.0,60,nan,0,nan,0,nan,0,nan,0,nan,0,nan,0,nan,0,nan,0
1597988322735261952,1597988323213999872,2020-08-21 13:38:43.214000,6909.0,6926.0,6826.0,6888.0,nan,6878.0,149315,10269885700.0,150237,6909.0,11,6908.0,61,nan,0,nan,0,nan,0,nan,0,nan,0,nan,0,nan,0,nan,0
1597988323224795904,1597988323732999936,2020-08-21 13:38:43.733000,6909.0,6926.0,6826.0,6888.0,nan,6878.0,149336,10271330080.0,150244,6909.0,7,6908.0,45,nan,0,nan,0,nan,0,nan,0,nan,0,nan,0,nan,0,nan,0
1597988323725272064,1597988324236999936,2020-08-21 13:38:44.237000,6908.0,6926.0,6826.0,6888.0,nan,6878.0,149337,10271398860.0,150245,6909.0,8,6908.0,44,nan,0,nan,0,nan,0,nan,0,nan,0,nan,0,nan,0,nan,0
1597988324244474112,1597988324729000192,2020-08-21 13:38:44.729000,6909.0,6926.0,6826.0,6888.0,nan,6878.0,149338,10271467640.0,150245,6909.0,7,6908.0,44,nan,0,nan,0,nan,0,nan,0,nan,0,nan,0,nan,0,nan,0
1597988324736582912,1597988325237999872,2020-08-21 13:38:45.238000,6909.0,6926.0,6826.0,6888.0,nan,6878.0,149342,10271742760.0,150245,6909.0,3,6908.0,44,nan,0,nan,0,nan,0,nan,0,nan,0,nan,0,nan,0,nan,0
1597988325336770048,1597988325742000128,2020-08-21 13:38:45.742000,6909.0,6926.0,6826.0,6888.0,nan,6878.0,149358,10272843240.0,150244,6909.0,2,6908.0,32,nan,0,nan,0,nan,0,nan,0,nan,0,nan,0,nan,0,nan,0
1597988325919002112,1597988326224000000,2020-08-21 13:38:46.224000,6909.0,6926.0,6826.0,6888.0,nan,6878.0,149366,10273393480.0,150247,6910.0,106,6909.0,23,nan,0,nan,0,nan,0,nan,0,nan,0,nan,0,nan,0,nan,0
1597988326310835968,1597988326737999872,2020-08-21 13:38:46.738000,6909.0,6926.0,6826.0,6888.0,nan,6878.0,149366,10273393480.0,150247,6910.0,106,6909.0,25,nan,0,nan,0,nan,0,nan,0,nan,0,nan,0,nan,0,nan,0
1597988326797362944,1597988327224999936,2020-08-21 13:38:47.225000,6909.0,6926.0,6826.0,6888.0,nan,6878.0,149367,10273462260.0,150248,6910.0,106,6909.0,38,nan,0,nan,0,nan,0,nan,0,nan,0,nan,0,nan,0,nan,0
1597988327431953920,1597988327712000000,2020-08-21 13:38:47.712000,6910.0,6926.0,6826.0,6888.0,nan,6878.0,149452,10279308560.0,150251,6910.0,42,6909.0,57,nan,0,nan,0,nan,0,nan,0,nan,0,nan,0,nan,0,nan,0
1597988327736016896,1597988328180000000,2020-08-21 13:38:48.180000,6911.0,6926.0,6826.0,6888.0,nan,6878.0,149504,10282885120.0,150277,6912.0,29,6911.0,14,nan,0,nan,0,nan,0,nan,0,nan,0,nan,0,nan,0,nan,0
1597988328439237120,1597988328732000000,2020-08-21 13:38:48.732000,6912.0,6926.0,6826.0,6888.0,nan,6879.0,149563,10288438770.0,150269,6913.0,2,6912.0,9,nan,0,nan,0,nan,0,nan,0,nan,0,nan,0,nan,0,nan,0
1597988328737260032,1597988329211000064,2020-08-21 13:38:49.211000,6914.0,6926.0,6826.0,6888.0,nan,6879.0,149577,10289401830.0,150273,6915.0,6,6914.0,3,nan,0,nan,0,nan,0,nan,0,nan,0,nan,0,nan,0,nan,0
1597988329466799104,1597988329716999936,2020-08-21 13:38:49.717000,6914.0,6926.0,6826.0,6888.0,nan,6879.0,149583,10289814570.0,150270,6915.0,1,6914.0,5,nan,0,nan,0,nan,0,nan,0,nan,0,nan,0,nan,0,nan,0
1597988329735068928,1597988330108999936,2020-08-21 13:38:50.109000,6914.0,6926.0,6826.0,6888.0,nan,6879.0,149590,10290296100.0,150270,6915.0,7,6913.0,2,nan,0,nan,0,nan,0,nan,0,nan,0,nan,0,nan,0,nan,0
1597988330320054016,1597988330712000000,2020-08-21 13:38:50.712000,6912.0,6926.0,6826.0,6888.0,nan,6879.0,149597,10290777630.0,150271,6913.0,23,6912.0,21,nan,0,nan,0,nan,0,nan,0,nan,0,nan,0,nan,0,nan,0
1597988330763415040,1597988331240000000,2020-08-21 13:38:51.240000,6913.0,6926.0,6826.0,6888.0,nan,6879.0,149621,10292428590.0,150284,6913.0,21,6911.0,18,nan,0,nan,0,nan,0,nan,0,nan,0,nan,0,nan,0,nan,0
1597988331248707072,1597988331743000064,2020-08-21 13:38:51.743000,6911.0,6926.0,6826.0,6888.0,nan,6879.0,149634,10293322860.0,150289,6913.0,20,6910.0,11,nan,0,nan,0,nan,0,nan,0,nan,0,nan,0,nan,0,nan,0
1597988331743927040,1597988332230000128,2020-08-21 13:38:52.230000,6911.0,6926.0,6826.0,6888.0,nan,6879.0,149637,10293529230.0,150289,6911.0,1,6910.0,17,nan,0,nan,0,nan,0,nan,0,nan,0,nan,0,nan,0,nan,0
1597988332281571072,1597988332740999936,2020-08-21 13:38:52.741000,6911.0,6926.0,6826.0,6888.0,nan,6879.0,149638,10293598020.0,150289,6912.0,1,6911.0,1,nan,0,nan,0,nan,0,nan,0,nan,0,nan,0,nan,0,nan,0
1597988332738683904,1597988333239000064,2020-08-21 13:38:53.239000,6911.0,6926.0,6826.0,6888.0,nan,6879.0,149638,10293598020.0,150289,6912.0,1,6911.0,2,nan,0,nan,0,nan,0,nan,0,nan,0,nan,0,nan,0,nan,0
1597988333251425024,1597988333742000128,2020-08-21 13:38:53.742000,6912.0,6926.0,6826.0,6888.0,nan,6879.0,149641,10293804390.0,150287,6913.0,20,6912.0,10,nan,0,nan,0,nan,0,nan,0,nan,0,nan,0,nan,0,nan,0
1597988333841118976,1597988334240999936,2020-08-21 13:38:54.241000,6912.0,6926.0,6826.0,6888.0,nan,6879.0,149641,10293804390.0,150287,6913.0,21,6912.0,12,nan,0,nan,0,nan,0,nan,0,nan,0,nan,0,nan,0,nan,0
1597988334271098880,1597988334691000064,2020-08-21 13:38:54.691000,6912.0,6926.0,6826.0,6888.0,nan,6879.0,149643,10293941970.0,150287,6913.0,21,6912.0,11,nan,0,nan,0,nan,0,nan,0,nan,0,nan,0,nan,0,nan,0
1597988334751586048,1597988335183000064,2020-08-21 13:38:55.183000,6912.0,6926.0,6826.0,6888.0,nan,6879.0,149645,10294079550.0,150286,6913.0,21,6912.0,14,nan,0,nan,0,nan,0,nan,0,nan,0,nan,0,nan,0,nan,0
1597988335240210944,1597988335736999936,2020-08-21 13:38:55.737000,6912.0,6926.0,6826.0,6888.0,nan,6879.0,149645,10294079550.0,150286,6913.0,21,6912.0,20,nan,0,nan,0,nan,0,nan,0,nan,0,nan,0,nan,0,nan,0
1597988335739069952,1597988336194000128,2020-08-21 13:38:56.194000,6913.0,6926.0,6826.0,6888.0,nan,6879.0,149661,10295180190.0,150280,6913.0,11,6912.0,14,nan,0,nan,0,nan,0,nan,0,nan,0,nan,0,nan,0,nan,0
1597988336286629120,1597988336742000128,2020-08-21 13:38:56.742000,6912.0,6926.0,6826.0,6888.0,nan,6879.0,149665,10295455350.0,150277,6913.0,9,6912.0,13,nan,0,nan,0,nan,0,nan,0,nan,0,nan,0,nan,0,nan,0
1597988336762899968,1597988337237999872,2020-08-21 13:38:57.238000,6912.0,6926.0,6826.0,6888.0,nan,6879.0,149676,10296212040.0,150278,6913.0,2,6912.0,9,nan,0,nan,0,nan,0,nan,0,nan,0,nan,0,nan,0,nan,0
1597988337284972032,1597988337703000064,2020-08-21 13:38:57.703000,6912.0,6926.0,6826.0,6888.0,nan,6879.0,149691,10297243890.0,150274,6913.0,8,6912.0,15,nan,0,nan,0,nan,0,nan,0,nan,0,nan,0,nan,0,nan,0
1597988337944069120,1597988338239000064,2020-08-21 13:38:58.239000,6913.0,6926.0,6826.0,6888.0,nan,6879.0,149699,10297794210.0,150266,6913.0,1,6912.0,14,nan,0,nan,0,nan,0,nan,0,nan,0,nan,0,nan,0,nan,0
1597988338242198016,1597988338732000000,2020-08-21 13:38:58.732000,6914.0,6926.0,6826.0,6888.0,nan,6879.0,149706,10298275740.0,150267,6914.0,5,6913.0,1,nan,0,nan,0,nan,0,nan,0,nan,0,nan,0,nan,0,nan,0
1597988338753029888,1597988339243000064,2020-08-21 13:38:59.243000,6914.0,6926.0,6826.0,6888.0,nan,6879.0,149721,10299307590.0,150268,6914.0,13,6913.0,7,nan,0,nan,0,nan,0,nan,0,nan,0,nan,0,nan,0,nan,0
1597988339349552896,1597988339732000000,2020-08-21 13:38:59.732000,6913.0,6926.0,6826.0,6888.0,nan,6879.0,149727,10299720330.0,150272,6914.0,2,6913.0,11,nan,0,nan,0,nan,0,nan,0,nan,0,nan,0,nan,0,nan,0
1597988339747857920,1597988340240999936,2020-08-21 13:39:00.241000,6914.0,6926.0,6826.0,6888.0,nan,6879.0,149737,10300408230.0,150277,6915.0,47,6914.0,4,nan,0,nan,0,nan,0,nan,0,nan,0,nan,0,nan,0,nan,0
1597988340242476032,1597988340736999936,2020-08-21 13:39:00.737000,6915.0,6926.0,6826.0,6888.0,nan,6879.0,149746,10301027340.0,150282,6915.0,44,6913.0,8,nan,0,nan,0,nan,0,nan,0,nan,0,nan,0,nan,0,nan,0
1597988340746337024,1597988341237999872,2020-08-21 13:39:01.238000,6913.0,6926.0,6826.0,6888.0,nan,6879.0,149761,10302059190.0,150282,6913.0,2,6912.0,4,nan,0,nan,0,nan,0,nan,0,nan,0,nan,0,nan,0,nan,0
1597988341253422080,1597988341742000128,2020-08-21 13:39:01.742000,6915.0,6926.0,6826.0,6888.0,nan,6879.0,149766,10302403140.0,150283,6915.0,35,6912.0,4,nan,0,nan,0,nan,0,nan,0,nan,0,nan,0,nan,0,nan,0
1597988341857555968,1597988342244000000,2020-08-21 13:39:02.244000,6915.0,6926.0,6826.0,6888.0,nan,6879.0,149769,10302609510.0,150282,6914.0,5,6913.0,1,nan,0,nan,0,nan,0,nan,0,nan,0,nan,0,nan,0,nan,0
1597988342244582912,1597988342734999808,2020-08-21 13:39:02.735000,6914.0,6926.0,6826.0,6888.0,nan,6879.0,149770,10302678300.0,150282,6914.0,10,6913.0,1,nan,0,nan,0,nan,0,nan,0,nan,0,nan,0,nan,0,nan,0
1597988342762732032,1597988343236999936,2020-08-21 13:39:03.237000,6914.0,6926.0,6826.0,6888.0,nan,6879.0,149770,10302678300.0,150282,6914.0,12,6913.0,1,nan,0,nan,0,nan,0,nan,0,nan,0,nan,0,nan,0,nan,0
1597988343279409920,1597988343740000000,2020-08-21 13:39:03.740000,6914.0,6926.0,6826.0,6888.0,nan,6879.0,149773,10302884670.0,150282,6914.0,20,6912.0,4,nan,0,nan,0,nan,0,nan,0,nan,0,nan,0,nan,0,nan,0
1597988343742309888,1597988344221999872,2020-08-21 13:39:04.222000,6914.0,6926.0,6826.0,6888.0,nan,6879.0,149773,10302884670.0,150282,6913.0,1,6912.0,4,nan,0,nan,0,nan,0,nan,0,nan,0,nan,0,nan,0,nan,0
1597988344242625024,1597988344743000064,2020-08-21 13:39:04.743000,6912.0,6926.0,6826.0,6888.0,nan,6879.0,149775,10303022250.0,150283,6913.0,2,6912.0,3,nan,0,nan,0,nan,0,nan,0,nan,0,nan,0,nan,0,nan,0
1597988344744602880,1597988345236999936,2020-08-21 13:39:05.237000,6914.0,6926.0,6826.0,6888.0,nan,6879.0,149788,10303916520.0,150281,6914.0,18,6912.0,1,nan,0,nan,0,nan,0,nan,0,nan,0,nan,0,nan,0,nan,0
1597988345271086080,1597988345742000128,2020-08-21 13:39:05.742000,6912.0,6926.0,6826.0,6888.0,nan,6879.0,149790,10304054100.0,150281,6914.0,18,6912.0,1,nan,0,nan,0,nan,0,nan,0,nan,0,nan,0,nan,0,nan,0
1597988345750809088,1597988346233999872,2020-08-21 13:39:06.234000,6912.0,6926.0,6826.0,6888.0,nan,6879.0,149794,10304329260.0,150282,6912.0,3,6911.0,12,nan,0,nan,0,nan,0,nan,0,nan,0,nan,0,nan,0,nan,0
1597988346293522944,1597988346743000064,2020-08-21 13:39:06.743000,6911.0,6926.0,6826.0,6888.0,nan,6879.0,149812,10305567480.0,150270,6911.0,15,6910.0,29,nan,0,nan,0,nan,0,nan,0,nan,0,nan,0,nan,0,nan,0
1597988346765317120,1597988347239000064,2020-08-21 13:39:07.239000,6911.0,6926.0,6826.0,6888.0,nan,6879.0,149817,10305911430.0,150270,6911.0,11,6910.0,23,nan,0,nan,0,nan,0,nan,0,nan,0,nan,0,nan,0,nan,0
1597988347256519936,1597988347711000064,2020-08-21 13:39:07.711000,6911.0,6926.0,6826.0,6888.0,nan,6879.0,149819,10306049010.0,150270,6911.0,10,6910.0,23,nan,0,nan,0,nan,0,nan,0,nan,0,nan,0,nan,0,nan,0
1597988347741337088,1597988348233999872,2020-08-21 13:39:08.234000,6911.0,6926.0,6826.0,6888.0,nan,6879.0,149820,10306117800.0,150270,6911.0,10,6910.0,23,nan,0,nan,0,nan,0,nan,0,nan,0,nan,0,nan,0,nan,0
1597988348269789952,1597988348707000064,2020-08-21 13:39:08.707000,6910.0,6926.0,6826.0,6888.0,nan,6879.0,149824,10306392960.0,150267,6911.0,9,6910.0,22,nan,0,nan,0,nan,0,nan,0,nan,0,nan,0,nan,0,nan,0
1597988348739771904,1597988349219000064,2020-08-21 13:39:09.219000,6910.0,6926.0,6826.0,6888.0,nan,6879.0,149835,10307149650.0,150264,6911.0,9,6910.0,11,nan,0,nan,0,nan,0,nan,0,nan,0,nan,0,nan,0,nan,0
1597988349274595072,1597988349740000000,2020-08-21 13:39:09.740000,6911.0,6926.0,6826.0,6888.0,nan,6879.0,149836,10307218440.0,150264,6911.0,9,6910.0,13,nan,0,nan,0,nan,0,nan,0,nan,0,nan,0,nan,0,nan,0
1597988349744553984,1597988350240999936,2020-08-21 13:39:10.241000,6910.0,6926.0,6826.0,6888.0,nan,6879.0,149845,10307837550.0,150262,6911.0,2,6910.0,11,nan,0,nan,0,nan,0,nan,0,nan,0,nan,0,nan,0,nan,0
1597988350273710080,1597988350743000064,2020-08-21 13:39:10.743000,6910.0,6926.0,6826.0,6888.0,nan,6879.0,149856,10308594240.0,150264,6911.0,2,6909.0,43,nan,0,nan,0,nan,0,nan,0,nan,0,nan,0,nan,0,nan,0
1597988350838736896,1597988351211000064,2020-08-21 13:39:11.211000,6911.0,6926.0,6826.0,6888.0,nan,6879.0,149858,10308731820.0,150263,6910.0,3,6909.0,46,nan,0,nan,0,nan,0,nan,0,nan,0,nan,0,nan,0,nan,0
1597988351262031104,1597988351736999936,2020-08-21 13:39:11.737000,6909.0,6926.0,6826.0,6888.0,nan,6879.0,149864,10309144560.0,150263,6910.0,14,6909.0,40,nan,0,nan,0,nan,0,nan,0,nan,0,nan,0,nan,0,nan,0
1597988351780695040,1597988352243000064,2020-08-21 13:39:12.243000,6909.0,6926.0,6826.0,6888.0,nan,6879.0,149906,10312033740.0,150281,6909.0,5,6908.0,36,nan,0,nan,0,nan,0,nan,0,nan,0,nan,0,nan,0,nan,0
1597988352260427008,1597988352734999808,2020-08-21 13:39:12.735000,6910.0,6926.0,6826.0,6888.0,nan,6879.0,149940,10314372600.0,150288,6911.0,2,6909.0,4,nan,0,nan,0,nan,0,nan,0,nan,0,nan,0,nan,0,nan,0
1597988352778023936,1597988353220999936,2020-08-21 13:39:13.221000,6911.0,6926.0,6826.0,6888.0,nan,6879.0,149945,10314716550.0,150291,6911.0,6,6910.0,6,nan,0,nan,0,nan,0,nan,0,nan,0,nan,0,nan,0,nan,0
1597988353248591104,1597988353730000128,2020-08-21 13:39:13.730000,6909.0,6926.0,6826.0,6888.0,nan,6879.0,149963,10315954770.0,150297,6909.0,6,6908.0,32,nan,0,nan,0,nan,0,nan,0,nan,0,nan,0,nan,0,nan,0
1597988353758523904,1597988354242000128,2020-08-21 13:39:14.242000,6911.0,6926.0,6826.0,6888.0,nan,6879.0,150007,10318981530.0,150308,6911.0,3,6908.0,4,nan,0,nan,0,nan,0,nan,0,nan,0,nan,0,nan,0,nan,0
1597988354250343936,1597988354724999936,2020-08-21 13:39:14.725000,6908.0,6926.0,6826.0,6888.0,nan,6879.0,150017,10319669430.0,150310,6910.0,15,6908.0,6,nan,0,nan,0,nan,0,nan,0,nan,0,nan,0,nan,0,nan,0
1597988354748701952,1597988355237999872,2020-08-21 13:39:15.238000,6908.0,6926.0,6826.0,6888.0,nan,6879.0,150020,10319875800.0,150308,6910.0,9,6908.0,7,nan,0,nan,0,nan,0,nan,0,nan,0,nan,0,nan,0,nan,0
1597988355739452928,1597988356224999936,2020-08-21 13:39:16.225000,6908.0,6926.0,6826.0,6888.0,nan,6879.0,150020,10319875800.0,150308,6910.0,9,6908.0,12,nan,0,nan,0,nan,0,nan,0,nan,0,nan,0,nan,0,nan,0
1597988356241986048,1597988356732999936,2020-08-21 13:39:16.733000,6908.0,6926.0,6826.0,6888.0,nan,6879.0,150023,10320082170.0,150308,6909.0,9,6908.0,10,nan,0,nan,0,nan,0,nan,0,nan,0,nan,0,nan,0,nan,0
1597988356742334976,1597988357214999808,2020-08-21 13:39:17.215000,6908.0,6926.0,6826.0,6888.0,nan,6879.0,150026,10320288540.0,150308,6908.0,29,6907.0,31,nan,0,nan,0,nan,0,nan,0,nan,0,nan,0,nan,0,nan,0
1597988357259942912,1597988357663000064,2020-08-21 13:39:17.663000,6908.0,6926.0,6826.0,6888.0,nan,6879.0,150027,10320357330.0,150307,6908.0,28,6907.0,31,nan,0,nan,0,nan,0,nan,0,nan,0,nan,0,nan,0,nan,0
1597988357747812096,1597988358234999808,2020-08-21 13:39:18.235000,6908.0,6926.0,6826.0,6888.0,nan,6879.0,150029,10320494910.0,150307,6908.0,26,6907.0,31,nan,0,nan,0,nan,0,nan,0,nan,0,nan,0,nan,0,nan,0
1597988358263150080,1597988358742000128,2020-08-21 13:39:18.742000,6907.0,6926.0,6826.0,6888.0,nan,6879.0,150063,10322833770.0,150287,6908.0,18,6907.0,5,nan,0,nan,0,nan,0,nan,0,nan,0,nan,0,nan,0,nan,0
1597988358742085888,1597988359244000000,2020-08-21 13:39:19.244000,6906.0,6926.0,6826.0,6888.0,nan,6879.0,150071,10323384090.0,150284,6907.0,4,6906.0,49,nan,0,nan,0,nan,0,nan,0,nan,0,nan,0,nan,0,nan,0
1597988359249523968,1597988359740000000,2020-08-21 13:39:19.740000,6908.0,6926.0,6826.0,6888.0,nan,6879.0,150102,10325516580.0,150288,6909.0,22,6908.0,9,nan,0,nan,0,nan,0,nan,0,nan,0,nan,0,nan,0,nan,0
1597988359744348928,1597988360240000000,2020-08-21 13:39:20.240000,6907.0,6926.0,6826.0,6888.0,nan,6879.0,150122,10326892380.0,150286,6907.0,5,6906.0,47,nan,0,nan,0,nan,0,nan,0,nan,0,nan,0,nan,0,nan,0
1597988360257345024,1597988360740999936,2020-08-21 13:39:20.741000,6907.0,6926.0,6826.0,6888.0,nan,6879.0,150122,10326892380.0,150286,6907.0,8,6906.0,49,nan,0,nan,0,nan,0,nan,0,nan,0,nan,0,nan,0,nan,0
1597988360744278016,1597988361153000192,2020-08-21 13:39:21.153000,6906.0,6926.0,6826.0,6888.0,nan,6879.0,150131,10327511490.0,150286,6907.0,11,6906.0,68,nan,0,nan,0,nan,0,nan,0,nan,0,nan,0,nan,0,nan,0
1597988361266428928,1597988361737999872,2020-08-21 13:39:21.738000,6907.0,6926.0,6826.0,6888.0,nan,6879.0,150134,10327717860.0,150283,6907.0,11,6906.0,66,nan,0,nan,0,nan,0,nan,0,nan,0,nan,0,nan,0,nan,0
1597988361746748928,1597988362233999872,2020-08-21 13:39:22.234000,6907.0,6926.0,6826.0,6888.0,nan,6879.0,150142,10328268180.0,150279,6907.0,6,6906.0,51,nan,0,nan,0,nan,0,nan,0,nan,0,nan,0,nan,0,nan,0
1597988362247049984,1597988362736000000,2020-08-21 13:39:22.736000,6907.0,6926.0,6826.0,6888.0,nan,6879.0,150155,10329162450.0,150282,6907.0,13,6906.0,43,nan,0,nan,0,nan,0,nan,0,nan,0,nan,0,nan,0,nan,0
1597988362749374976,1597988363240999936,2020-08-21 13:39:23.241000,6907.0,6926.0,6826.0,6888.0,nan,6879.0,150157,10329300030.0,150281,6907.0,11,6906.0,43,nan,0,nan,0,nan,0,nan,0,nan,0,nan,0,nan,0,nan,0
1597988363275120128,1597988363716000000,2020-08-21 13:39:23.716000,6907.0,6926.0,6826.0,6888.0,nan,6879.0,150179,10330813410.0,150291,6908.0,65,6907.0,4,nan,0,nan,0,nan,0,nan,0,nan,0,nan,0,nan,0,nan,0
1597988363750539008,1597988364230000128,2020-08-21 13:39:24.230000,6906.0,6926.0,6826.0,6888.0,nan,6879.0,150195,10331914050.0,150280,6908.0,65,6907.0,11,nan,0,nan,0,nan,0,nan,0,nan,0,nan,0,nan,0,nan,0
1597988364271663104,1597988364740000000,2020-08-21 13:39:24.740000,6907.0,6926.0,6826.0,6888.0,nan,6879.0,150197,10332051630.0,150280,6908.0,65,6907.0,45,nan,0,nan,0,nan,0,nan,0,nan,0,nan,0,nan,0,nan,0
1597988364752116992,1597988365242000128,2020-08-21 13:39:25.242000,6908.0,6926.0,6826.0,6888.0,nan,6879.0,150200,10332258000.0,150280,6908.0,62,6907.0,54,nan,0,nan,0,nan,0,nan,0,nan,0,nan,0,nan,0,nan,0
1597988365294151936,1597988365728000000,2020-08-21 13:39:25.728000,6907.0,6926.0,6826.0,6888.0,nan,6879.0,150201,10332326790.0,150280,6908.0,62,6907.0,55,nan,0,nan,0,nan,0,nan,0,nan,0,nan,0,nan,0,nan,0
1597988365748204032,1597988366243000064,2020-08-21 13:39:26.243000,6907.0,6926.0,6826.0,6888.0,nan,6879.0,150202,10332395580.0,150281,6908.0,62,6907.0,57,nan,0,nan,0,nan,0,nan,0,nan,0,nan,0,nan,0,nan,0
1597988366285528064,1597988366731000064,2020-08-21 13:39:26.731000,6907.0,6926.0,6826.0,6888.0,nan,6879.0,150204,10332533160.0,150282,6908.0,67,6907.0,60,nan,0,nan,0,nan,0,nan,0,nan,0,nan,0,nan,0,nan,0
1597988366782850048,1597988367232000000,2020-08-21 13:39:27.232000,6908.0,6926.0,6826.0,6888.0,nan,6879.0,150271,10337142090.0,150226,6909.0,17,6908.0,2,nan,0,nan,0,nan,0,nan,0,nan,0,nan,0,nan,0,nan,0
1597988367277296128,1597988367731000064,2020-08-21 13:39:27.731000,6908.0,6926.0,6826.0,6888.0,nan,6879.0,150290,10338449100.0,150225,6910.0,161,6908.0,18,nan,0,nan,0,nan,0,nan,0,nan,0,nan,0,nan,0,nan,0
1597988367748943104,1597988368209000192,2020-08-21 13:39:28.209000,6907.0,6926.0,6826.0,6888.0,nan,6879.0,150316,10340237640.0,150230,6909.0,3,6908.0,19,nan,0,nan,0,nan,0,nan,0,nan,0,nan,0,nan,0,nan,0
1597988368264009984,1597988368736999936,2020-08-21 13:39:28.737000,6908.0,6926.0,6826.0,6888.0,nan,6879.0,150327,10340994330.0,150231,6908.0,1,6907.0,60,nan,0,nan,0,nan,0,nan,0,nan,0,nan,0,nan,0,nan,0
1597988368754612992,1597988369236999936,2020-08-21 13:39:29.237000,6907.0,6926.0,6826.0,6888.0,nan,6879.0,150328,10341063120.0,150232,6908.0,5,6907.0,59,nan,0,nan,0,nan,0,nan,0,nan,0,nan,0,nan,0,nan,0
1597988369263539968,1597988369731000064,2020-08-21 13:39:29.731000,6907.0,6926.0,6826.0,6888.0,nan,6879.0,150329,10341131910.0,150233,6908.0,8,6907.0,60,nan,0,nan,0,nan,0,nan,0,nan,0,nan,0,nan,0,nan,0
1597988369765904896,1597988370196000000,2020-08-21 13:39:30.196000,6908.0,6926.0,6826.0,6888.0,nan,6879.0,150339,10341819810.0,150240,6908.0,22,6907.0,53,nan,0,nan,0,nan,0,nan,0,nan,0,nan,0,nan,0,nan,0
1597988370317846016,1597988370739000064,2020-08-21 13:39:30.739000,6907.0,6926.0,6826.0,6888.0,nan,6879.0,150393,10345534470.0,150243,6908.0,21,6906.0,40,nan,0,nan,0,nan,0,nan,0,nan,0,nan,0,nan,0,nan,0
1597988370757117952,1597988371223000064,2020-08-21 13:39:31.223000,6907.0,6926.0,6826.0,6888.0,nan,6879.0,150397,10345809630.0,150247,6907.0,3,6906.0,31,nan,0,nan,0,nan,0,nan,0,nan,0,nan,0,nan,0,nan,0
1597988371260961024,1597988371739000064,2020-08-21 13:39:31.739000,6907.0,6926.0,6826.0,6888.0,nan,6879.0,150403,10346222370.0,150252,6907.0,2,6906.0,30,nan,0,nan,0,nan,0,nan,0,nan,0,nan,0,nan,0,nan,0
1597988371760627968,1597988372240999936,2020-08-21 13:39:32.241000,6908.0,6926.0,6826.0,6888.0,nan,6879.0,150406,10346428740.0,150251,6908.0,21,6906.0,32,nan,0,nan,0,nan,0,nan,0,nan,0,nan,0,nan,0,nan,0
1597988372265520128,1597988372739000064,2020-08-21 13:39:32.739000,6906.0,6926.0,6826.0,6888.0,nan,6879.0,150407,10346497530.0,150251,6907.0,1,6906.0,35,nan,0,nan,0,nan,0,nan,0,nan,0,nan,0,nan,0,nan,0
1597988372782255104,1597988373240999936,2020-08-21 13:39:33.241000,6907.0,6926.0,6826.0,6888.0,nan,6879.0,150409,10346635110.0,150250,6908.0,21,6907.0,1,nan,0,nan,0,nan,0,nan,0,nan,0,nan,0,nan,0,nan,0
1597988373272366080,1597988373724999936,2020-08-21 13:39:33.725000,6908.0,6926.0,6826.0,6888.0,nan,6879.0,150415,10347047850.0,150245,6908.0,19,6907.0,1,nan,0,nan,0,nan,0,nan,0,nan,0,nan,0,nan,0,nan,0
1597988373760765952,1597988374216999936,2020-08-21 13:39:34.217000,6907.0,6926.0,6826.0,6888.0,nan,6879.0,150419,10347323010.0,150247,6908.0,4,6907.0,7,nan,0,nan,0,nan,0,nan,0,nan,0,nan,0,nan,0,nan,0
1597988374261568000,1597988374736999936,2020-08-21 13:39:34.737000,6907.0,6926.0,6826.0,6888.0,nan,6879.0,150423,10347598170.0,150246,6908.0,3,6907.0,16,nan,0,nan,0,nan,0,nan,0,nan,0,nan,0,nan,0,nan,0
1597988374761956096,1597988375244000000,2020-08-21 13:39:35.244000,6907.0,6926.0,6826.0,6888.0,nan,6879.0,150425,10347735750.0,150247,6908.0,3,6907.0,14,nan,0,nan,0,nan,0,nan,0,nan,0,nan,0,nan,0,nan,0
1597988375253927936,1597988375732000000,2020-08-21 13:39:35.732000,6907.0,6926.0,6826.0,6888.0,nan,6879.0,150444,10349042760.0,150245,6908.0,1,6906.0,32,nan,0,nan,0,nan,0,nan,0,nan,0,nan,0,nan,0,nan,0
1597988375756208128,1597988376240000000,2020-08-21 13:39:36.240000,6907.0,6926.0,6826.0,6888.0,nan,6879.0,150445,10349111550.0,150245,6907.0,10,6906.0,33,nan,0,nan,0,nan,0,nan,0,nan,0,nan,0,nan,0,nan,0
1597988376271663104,1597988376744000000,2020-08-21 13:39:36.744000,6907.0,6926.0,6826.0,6888.0,nan,6879.0,150455,10349799450.0,150246,6907.0,3,6906.0,30,nan,0,nan,0,nan,0,nan,0,nan,0,nan,0,nan,0,nan,0
1597988376793321984,1597988377236999936,2020-08-21 13:39:37.237000,6907.0,6926.0,6826.0,6888.0,nan,6879.0,150457,10349937030.0,150245,6907.0,1,6906.0,32,nan,0,nan,0,nan,0,nan,0,nan,0,nan,0,nan,0,nan,0
1597988377266782976,1597988377743000064,2020-08-21 13:39:37.743000,6907.0,6926.0,6826.0,6888.0,nan,6879.0,150458,10350005820.0,150245,6908.0,13,6907.0,1,nan,0,nan,0,nan,0,nan,0,nan,0,nan,0,nan,0,nan,0
1597988377762618112,1597988378224999936,2020-08-21 13:39:38.225000,6906.0,6926.0,6826.0,6888.0,nan,6879.0,150479,10351450410.0,150252,6907.0,1,6906.0,13,nan,0,nan,0,nan,0,nan,0,nan,0,nan,0,nan,0,nan,0
1597988378267742976,1597988378743000064,2020-08-21 13:39:38.743000,6906.0,6926.0,6826.0,6888.0,nan,6879.0,150492,10352344680.0,150249,6906.0,1,6905.0,54,nan,0,nan,0,nan,0,nan,0,nan,0,nan,0,nan,0,nan,0
1597988378746423040,1597988379204999936,2020-08-21 13:39:39.205000,6908.0,6926.0,6826.0,6888.0,nan,6879.0,150534,10355233860.0,150285,6908.0,10,6906.0,1,nan,0,nan,0,nan,0,nan,0,nan,0,nan,0,nan,0,nan,0
1597988379283684096,1597988379720999936,2020-08-21 13:39:39.721000,6907.0,6926.0,6826.0,6888.0,nan,6879.0,150539,10355577810.0,150289,6907.0,1,6905.0,54,nan,0,nan,0,nan,0,nan,0,nan,0,nan,0,nan,0,nan,0
1597988379749012992,1597988380232999936,2020-08-21 13:39:40.233000,6906.0,6926.0,6826.0,6888.0,nan,6879.0,150540,10355646600.0,150289,6907.0,12,6906.0,5,nan,0,nan,0,nan,0,nan,0,nan,0,nan,0,nan,0,nan,0
1597988380259501056,1597988380729000192,2020-08-21 13:39:40.729000,6907.0,6926.0,6826.0,6888.0,nan,6879.0,150588,10358948520.0,150255,6907.0,1,6905.0,24,nan,0,nan,0,nan,0,nan,0,nan,0,nan,0,nan,0,nan,0
1597988380755506944,1597988381234999808,2020-08-21 13:39:41.235000,6907.0,6926.0,6826.0,6888.0,nan,6879.0,150588,10358948520.0,150255,6906.0,8,6905.0,23,nan,0,nan,0,nan,0,nan,0,nan,0,nan,0,nan,0,nan,0
1597988381283785984,1597988381719000064,2020-08-21 13:39:41.719000,6905.0,6926.0,6826.0,6888.0,nan,6879.0,150612,10360599480.0,150246,6906.0,16,6904.0,18,nan,0,nan,0,nan,0,nan,0,nan,0,nan,0,nan,0,nan,0
1597988381773509888,1597988382240999936,2020-08-21 13:39:42.241000,6906.0,6926.0,6826.0,6888.0,nan,6879.0,150667,10364382930.0,150234,6907.0,25,6906.0,9,nan,0,nan,0,nan,0,nan,0,nan,0,nan,0,nan,0,nan,0
1597988382255910912,1597988382742000128,2020-08-21 13:39:42.742000,6906.0,6926.0,6826.0,6888.0,nan,6879.0,150676,10365002040.0,150243,6905.0,5,6904.0,1,nan,0,nan,0,nan,0,nan,0,nan,0,nan,0,nan,0,nan,0
1597988382755749120,1597988383234999808,2020-08-21 13:39:43.235000,6906.0,6926.0,6826.0,6888.0,nan,6879.0,150708,10367203320.0,150263,6907.0,29,6906.0,14,nan,0,nan,0,nan,0,nan,0,nan,0,nan,0,nan,0,nan,0
1597988383258401024,1597988383716999936,2020-08-21 13:39:43.717000,6904.0,6926.0,6826.0,6888.0,nan,6879.0,150729,10368647910.0,150278,6904.0,3,6903.0,12,nan,0,nan,0,nan,0,nan,0,nan,0,nan,0,nan,0,nan,0
1597988383752103936,1597988384208000000,2020-08-21 13:39:44.208000,6904.0,6926.0,6826.0,6888.0,nan,6879.0,150736,10369129440.0,150275,6904.0,28,6903.0,12,nan,0,nan,0,nan,0,nan,0,nan,0,nan,0,nan,0,nan,0
1597988384256843008,1597988384744000000,2020-08-21 13:39:44.744000,6904.0,6926.0,6826.0,6888.0,nan,6879.0,150739,10369335810.0,150278,6904.0,27,6903.0,22,nan,0,nan,0,nan,0,nan,0,nan,0,nan,0,nan,0,nan,0
1597988384754920960,1597988385243000064,2020-08-21 13:39:45.243000,6903.0,6926.0,6826.0,6888.0,nan,6879.0,150772,10371605880.0,150305,6905.0,16,6903.0,16,nan,0,nan,0,nan,0,nan,0,nan,0,nan,0,nan,0,nan,0
1597988385287845888,1597988385733999872,2020-08-21 13:39:45.734000,6905.0,6926.0,6826.0,6888.0,nan,6879.0,150796,10373256840.0,150305,6905.0,15,6904.0,1,nan,0,nan,0,nan,0,nan,0,nan,0,nan,0,nan,0,nan,0
1597988385757431040,1597988386194000128,2020-08-21 13:39:46.194000,6903.0,6926.0,6826.0,6888.0,nan,6879.0,150816,10374632640.0,150302,6905.0,15,6904.0,4,nan,0,nan,0,nan,0,nan,0,nan,0,nan,0,nan,0,nan,0
1597988386260311040,1597988386704999936,2020-08-21 13:39:46.705000,6905.0,6926.0,6826.0,6888.0,nan,6879.0,150820,10374907800.0,150304,6905.0,13,6904.0,10,nan,0,nan,0,nan,0,nan,0,nan,0,nan,0,nan,0,nan,0
1597988386755182080,1597988387200999936,2020-08-21 13:39:47.201000,6905.0,6926.0,6826.0,6888.0,nan,6879.0,150834,10375870860.0,150297,6905.0,10,6903.0,2,nan,0,nan,0,nan,0,nan,0,nan,0,nan,0,nan,0,nan,0
1597988387258456064,1597988387728000000,2020-08-21 13:39:47.728000,6905.0,6926.0,6826.0,6888.0,nan,6879.0,150834,10375870860.0,150297,6905.0,10,6903.0,26,nan,0,nan,0,nan,0,nan,0,nan,0,nan,0,nan,0,nan,0
1597988387752976896,1597988388223000064,2020-08-21 13:39:48.223000,6903.0,6926.0,6826.0,6888.0,nan,6879.0,150848,10376833920.0,150301,6905.0,9,6903.0,21,nan,0,nan,0,nan,0,nan,0,nan,0,nan,0,nan,0,nan,0
1597988388265682944,1597988388739000064,2020-08-21 13:39:48.739000,6904.0,6926.0,6826.0,6888.0,nan,6879.0,150891,10379791890.0,150309,6905.0,8,6903.0,5,nan,0,nan,0,nan,0,nan,0,nan,0,nan,0,nan,0,nan,0
1597988388761609984,1597988389243000064,2020-08-21 13:39:49.243000,6905.0,6926.0,6826.0,6888.0,nan,6879.0,150915,10381442850.0,150308,6903.0,2,6902.0,33,nan,0,nan,0,nan,0,nan,0,nan,0,nan,0,nan,0,nan,0
1597988389261976064,1597988389707000064,2020-08-21 13:39:49.707000,6903.0,6926.0,6826.0,6888.0,nan,6879.0,150920,10381786800.0,150311,6905.0,11,6903.0,5,nan,0,nan,0,nan,0,nan,0,nan,0,nan,0,nan,0,nan,0
1597988389754224896,1597988390240000000,2020-08-21 13:39:50.240000,6903.0,6926.0,6826.0,6888.0,nan,6879.0,150926,10382199540.0,150310,6905.0,4,6903.0,3,nan,0,nan,0,nan,0,nan,0,nan,0,nan,0,nan,0,nan,0
1597988390254535936,1597988390744000000,2020-08-21 13:39:50.744000,6903.0,6926.0,6826.0,6888.0,nan,6879.0,150937,10382956230.0,150309,6905.0,2,6903.0,18,nan,0,nan,0,nan,0,nan,0,nan,0,nan,0,nan,0,nan,0
1597988390760698112,1597988391240999936,2020-08-21 13:39:51.241000,6903.0,6926.0,6826.0,6888.0,nan,6879.0,150943,10383368970.0,150306,6906.0,71,6903.0,21,nan,0,nan,0,nan,0,nan,0,nan,0,nan,0,nan,0,nan,0
1597988391265340928,1597988391742000128,2020-08-21 13:39:51.742000,6903.0,6926.0,6826.0,6888.0,nan,6879.0,150946,10383575340.0,150306,6905.0,3,6903.0,23,nan,0,nan,0,nan,0,nan,0,nan,0,nan,0,nan,0,nan,0
1597988391759834112,1597988392243000064,2020-08-21 13:39:52.243000,6903.0,6926.0,6826.0,6888.0,nan,6879.0,150950,10383850500.0,150310,6905.0,2,6903.0,21,nan,0,nan,0,nan,0,nan,0,nan,0,nan,0,nan,0,nan,0
1597988392267081984,1597988392736999936,2020-08-21 13:39:52.737000,6903.0,6926.0,6826.0,6888.0,nan,6879.0,150976,10385639040.0,150305,6905.0,7,6903.0,14,nan,0,nan,0,nan,0,nan,0,nan,0,nan,0,nan,0,nan,0
1597988392759459072,1597988393233999872,2020-08-21 13:39:53.234000,6902.0,6926.0,6826.0,6888.0,nan,6879.0,151019,10388597010.0,150319,6903.0,5,6902.0,34,nan,0,nan,0,nan,0,nan,0,nan,0,nan,0,nan,0,nan,0
1597988393269795072,1597988393729000192,2020-08-21 13:39:53.729000,6903.0,6926.0,6826.0,6888.0,nan,6879.0,151054,10391004660.0,150301,6903.0,3,6902.0,12,nan,0,nan,0,nan,0,nan,0,nan,0,nan,0,nan,0,nan,0
1597988393761222912,1597988394243000064,2020-08-21 13:39:54.243000,6902.0,6926.0,6826.0,6888.0,nan,6879.0,151058,10391279820.0,150302,6903.0,2,6902.0,9,nan,0,nan,0,nan,0,nan,0,nan,0,nan,0,nan,0,nan,0
1597988394273847040,1597988394743000064,2020-08-21 13:39:54.743000,6902.0,6926.0,6826.0,6888.0,nan,6879.0,151068,10391967720.0,150307,6902.0,10,6901.0,48,nan,0,nan,0,nan,0,nan,0,nan,0,nan,0,nan,0,nan,0
1597988394765736960,1597988395243000064,2020-08-21 13:39:55.243000,6903.0,6926.0,6826.0,6888.0,nan,6879.0,151096,10393893840.0,150299,6902.0,3,6901.0,48,nan,0,nan,0,nan,0,nan,0,nan,0,nan,0,nan,0,nan,0
1597988395307120128,1597988395743000064,2020-08-21 13:39:55.743000,6902.0,6926.0,6826.0,6888.0,nan,6879.0,151105,10394512950.0,150291,6902.0,6,6901.0,50,nan,0,nan,0,nan,0,nan,0,nan,0,nan,0,nan,0,nan,0
1597988395791023104,1597988396236000000,2020-08-21 13:39:56.236000,6903.0,6926.0,6826.0,6888.0,nan,6879.0,151113,10395063270.0,150288,6904.0,7,6902.0,2,nan,0,nan,0,nan,0,nan,0,nan,0,nan,0,nan,0,nan,0
1597988396282272000,1597988396729000192,2020-08-21 13:39:56.729000,6902.0,6926.0,6826.0,6888.0,nan,6879.0,151130,10396232700.0,150284,6903.0,2,6901.0,48,nan,0,nan,0,nan,0,nan,0,nan,0,nan,0,nan,0,nan,0
1597988396771643904,1597988397231000064,2020-08-21 13:39:57.231000,6901.0,6926.0,6826.0,6888.0,nan,6879.0,151141,10396989390.0,150287,6902.0,2,6901.0,46,nan,0,nan,0,nan,0,nan,0,nan,0,nan,0,nan,0,nan,0
1597988397326414080,1597988397743000064,2020-08-21 13:39:57.743000,6902.0,6926.0,6826.0,6888.0,nan,6879.0,151148,10397470920.0,150292,6902.0,6,6901.0,50,nan,0,nan,0,nan,0,nan,0,nan,0,nan,0,nan,0,nan,0
1597988397922494976,1597988398239000064,2020-08-21 13:39:58.239000,6901.0,6926.0,6826.0,6888.0,nan,6879.0,151162,10398433980.0,150294,6904.0,9,6901.0,52,nan,0,nan,0,nan,0,nan,0,nan,0,nan,0,nan,0,nan,0
1597988398274006016,1597988398740999936,2020-08-21 13:39:58.741000,6902.0,6926.0,6826.0,6888.0,nan,6879.0,151165,10398640350.0,150292,6903.0,2,6902.0,2,nan,0,nan,0,nan,0,nan,0,nan,0,nan,0,nan,0,nan,0
1597988398765991936,1597988399239000064,2020-08-21 13:39:59.239000,6902.0,6926.0,6826.0,6888.0,nan,6879.0,151185,10400016150.0,150284,6904.0,6,6902.0,2,nan,0,nan,0,nan,0,nan,0,nan,0,nan,0,nan,0,nan,0
1597988399275136000,1597988399743000064,2020-08-21 13:39:59.743000,6901.0,6926.0,6826.0,6888.0,nan,6879.0,151205,10401391950.0,150293,6905.0,19,6904.0,4,nan,0,nan,0,nan,0,nan,0,nan,0,nan,0,nan,0,nan,0
1597988399784253952,1597988400224000000,2020-08-21 13:40:00.224000,6902.0,6926.0,6826.0,6888.0,nan,6879.0,151220,10402423800.0,150299,6902.0,3,6901.0,43,nan,0,nan,0,nan,0,nan,0,nan,0,nan,0,nan,0,nan,0
1597988400285017088,1597988400744000000,2020-08-21 13:40:00.744000,6904.0,6926.0,6826.0,6888.0,nan,6879.0,151239,10403730810.0,150291,6904.0,13,6902.0,4,nan,0,nan,0,nan,0,nan,0,nan,0,nan,0,nan,0,nan,0
1597988400785440000,1597988401224999936,2020-08-21 13:40:01.225000,6904.0,6926.0,6826.0,6888.0,nan,6879.0,151243,10404005970.0,150293,6904.0,25,6902.0,10,nan,0,nan,0,nan,0,nan,0,nan,0,nan,0,nan,0,nan,0
1597988401273879040,1597988401703000064,2020-08-21 13:40:01.703000,6904.0,6926.0,6826.0,6888.0,nan,6879.0,151246,10404212340.0,150293,6904.0,28,6903.0,2,nan,0,nan,0,nan,0,nan,0,nan,0,nan,0,nan,0,nan,0
1597988401770566912,1597988402216999936,2020-08-21 13:40:02.217000,6903.0,6926.0,6826.0,6888.0,nan,6879.0,151248,10404349920.0,150295,6904.0,28,6902.0,12,nan,0,nan,0,nan,0,nan,0,nan,0,nan,0,nan,0,nan,0
1597988402280466944,1597988402742000128,2020-08-21 13:40:02.742000,6904.0,6926.0,6826.0,6888.0,nan,6879.0,151251,10404556290.0,150293,6904.0,26,6902.0,12,nan,0,nan,0,nan,0,nan,0,nan,0,nan,0,nan,0,nan,0
1597988402768990976,1597988403240999936,2020-08-21 13:40:03.241000,6904.0,6926.0,6826.0,6888.0,nan,6879.0,151254,10404762660.0,150292,6903.0,10,6902.0,12,nan,0,nan,0,nan,0,nan,0,nan,0,nan,0,nan,0,nan,0
1597988403279435008,1597988403719000064,2020-08-21 13:40:03.719000,6904.0,6926.0,6826.0,6888.0,nan,6879.0,151280,10406551200.0,150304,6903.0,1,6902.0,5,nan,0,nan,0,nan,0,nan,0,nan,0,nan,0,nan,0,nan,0
1597988403796902912,1597988404240000000,2020-08-21 13:40:04.240000,6904.0,6926.0,6826.0,6888.0,nan,6879.0,151289,10407170310.0,150306,6904.0,8,6903.0,2,nan,0,nan,0,nan,0,nan,0,nan,0,nan,0,nan,0,nan,0
1597988404271505920,1597988404734999808,2020-08-21 13:40:04.735000,6903.0,6926.0,6826.0,6888.0,nan,6879.0,151294,10407514260.0,150306,6904.0,10,6903.0,5,nan,0,nan,0,nan,0,nan,0,nan,0,nan,0,nan,0,nan,0
1597988404762568960,1597988405221999872,2020-08-21 13:40:05.222000,6901.0,6926.0,6826.0,6888.0,nan,6879.0,151366,10412467140.0,150339,6905.0,27,6901.0,15,nan,0,nan,0,nan,0,nan,0,nan,0,nan,0,nan,0,nan,0
1597988405277253888,1597988405729000192,2020-08-21 13:40:05.729000,6904.0,6926.0,6826.0,6888.0,nan,6879.0,151372,10412879880.0,150335,6905.0,24,6904.0,1,nan,0,nan,0,nan,0,nan,0,nan,0,nan,0,nan,0,nan,0
1597988405765149952,1597988406210000128,2020-08-21 13:40:06.210000,6904.0,6926.0,6826.0,6888.0,nan,6879.0,151374,10413017460.0,150334,6905.0,24,6904.0,3,nan,0,nan,0,nan,0,nan,0,nan,0,nan,0,nan,0,nan,0
1597988406274930944,1597988406744999936,2020-08-21 13:40:06.745000,6904.0,6926.0,6826.0,6888.0,nan,6879.0,151379,10413361410.0,150336,6905.0,24,6904.0,9,nan,0,nan,0,nan,0,nan,0,nan,0,nan,0,nan,0,nan,0
1597988406812218880,1597988407236999936,2020-08-21 13:40:07.237000,6905.0,6926.0,6826.0,6888.0,nan,6879.0,151381,10413498990.0,150336,6905.0,22,6904.0,9,nan,0,nan,0,nan,0,nan,0,nan,0,nan,0,nan,0,nan,0
1597988407273607936,1597988407719000064,2020-08-21 13:40:07.719000,6905.0,6926.0,6826.0,6888.0,nan,6879.0,151392,10414255680.0,150344,6905.0,17,6904.0,4,nan,0,nan,0,nan,0,nan,0,nan,0,nan,0,nan,0,nan,0
1597988407765985024,1597988408239000064,2020-08-21 13:40:08.239000,6905.0,6926.0,6826.0,6888.0,nan,6879.0,151398,10414668420.0,150347,6905.0,12,6904.0,4,nan,0,nan,0,nan,0,nan,0,nan,0,nan,0,nan,0,nan,0
1597988408270452992,1597988408740000000,2020-08-21 13:40:08.740000,6904.0,6926.0,6826.0,6888.0,nan,6879.0,151424,10416456960.0,150346,6906.0,13,6904.0,10,nan,0,nan,0,nan,0,nan,0,nan,0,nan,0,nan,0,nan,0
1597988408797316096,1597988409211000064,2020-08-21 13:40:09.211000,6906.0,6926.0,6826.0,6888.0,nan,6879.0,151431,10416938490.0,150349,6906.0,13,6904.0,7,nan,0,nan,0,nan,0,nan,0,nan,0,nan,0,nan,0,nan,0
1597988409269210112,1597988409736999936,2020-08-21 13:40:09.737000,6905.0,6926.0,6826.0,6888.0,nan,6879.0,151441,10417626390.0,150349,6906.0,12,6904.0,8,nan,0,nan,0,nan,0,nan,0,nan,0,nan,0,nan,0,nan,0
1597988409769097984,1597988410194999808,2020-08-21 13:40:10.195000,6906.0,6926.0,6826.0,6888.0,nan,6879.0,151445,10417901550.0,150351,6906.0,8,6904.0,56,nan,0,nan,0,nan,0,nan,0,nan,0,nan,0,nan,0,nan,0
1597988410270291968,1597988410712000000,2020-08-21 13:40:10.712000,6905.0,6926.0,6826.0,6888.0,nan,6879.0,151461,10419002190.0,150355,6907.0,29,6906.0,6,nan,0,nan,0,nan,0,nan,0,nan,0,nan,0,nan,0,nan,0
1597988410772539904,1597988411239000064,2020-08-21 13:40:11.239000,6905.0,6926.0,6826.0,6888.0,nan,6879.0,151461,10419002190.0,150355,6907.0,34,6906.0,6,nan,0,nan,0,nan,0,nan,0,nan,0,nan,0,nan,0,nan,0
1597988411273880064,1597988411730000128,2020-08-21 13:40:11.730000,6907.0,6926.0,6826.0,6888.0,nan,6879.0,151462,10419070980.0,150356,6907.0,20,6906.0,7,nan,0,nan,0,nan,0,nan,0,nan,0,nan,0,nan,0,nan,0
1597988411771406080,1597988412224999936,2020-08-21 13:40:12.225000,6906.0,6926.0,6826.0,6888.0,nan,6879.0,151464,10419208560.0,150357,6907.0,13,6906.0,6,nan,0,nan,0,nan,0,nan,0,nan,0,nan,0,nan,0,nan,0
1597988412271123968,1597988412708000000,2020-08-21 13:40:12.708000,6905.0,6926.0,6826.0,6888.0,nan,6879.0,151477,10420102830.0,150355,6907.0,12,6905.0,1,nan,0,nan,0,nan,0,nan,0,nan,0,nan,0,nan,0,nan,0
1597988412769574912,1597988413236999936,2020-08-21 13:40:13.237000,6907.0,6926.0,6826.0,6888.0,nan,6879.0,151478,10420171620.0,150355,6907.0,11,6905.0,1,nan,0,nan,0,nan,0,nan,0,nan,0,nan,0,nan,0,nan,0
1597988413271429888,1597988413709000192,2020-08-21 13:40:13.709000,6907.0,6926.0,6826.0,6888.0,nan,6879.0,151484,10420584360.0,150359,6907.0,5,6906.0,1,nan,0,nan,0,nan,0,nan,0,nan,0,nan,0,nan,0,nan,0
1597988413767076096,1597988414230000128,2020-08-21 13:40:14.230000,6907.0,6926.0,6826.0,6888.0,nan,6879.0,151486,10420721940.0,150358,6907.0,14,6906.0,2,nan,0,nan,0,nan,0,nan,0,nan,0,nan,0,nan,0,nan,0
1597988414270642944,1597988414728000000,2020-08-21 13:40:14.728000,6907.0,6926.0,6826.0,6888.0,nan,6879.0,151488,10420859520.0,150357,6907.0,13,6906.0,5,nan,0,nan,0,nan,0,nan,0,nan,0,nan,0,nan,0,nan,0
1597988414784304896,1597988415240999936,2020-08-21 13:40:15.241000,6907.0,6926.0,6826.0,6888.0,nan,6879.0,151495,10421341050.0,150357,6907.0,6,6906.0,6,nan,0,nan,0,nan,0,nan,0,nan,0,nan,0,nan,0,nan,0
1597988415289555968,1597988415740999936,2020-08-21 13:40:15.741000,6907.0,6926.0,6826.0,6888.0,nan,6879.0,151504,10421960160.0,150364,6908.0,19,6906.0,4,nan,0,nan,0,nan,0,nan,0,nan,0,nan,0,nan,0,nan,0
1597988415773914880,1597988416231000064,2020-08-21 13:40:16.231000,6907.0,6926.0,6826.0,6888.0,nan,6879.0,151504,10421960160.0,150364,6908.0,19,6906.0,3,nan,0,nan,0,nan,0,nan,0,nan,0,nan,0,nan,0,nan,0
1597988416279258112,1597988416740999936,2020-08-21 13:40:16.741000,6906.0,6926.0,6826.0,6888.0,nan,6879.0,151507,10422166530.0,150364,6908.0,18,6906.0,6,nan,0,nan,0,nan,0,nan,0,nan,0,nan,0,nan,0,nan,0
1597988416772142080,1597988417244000000,2020-08-21 13:40:17.244000,6907.0,6926.0,6826.0,6888.0,nan,6879.0,151508,10422235320.0,150364,6908.0,18,6906.0,6,nan,0,nan,0,nan,0,nan,0,nan,0,nan,0,nan,0,nan,0
1597988417274013952,1597988417744000000,2020-08-21 13:40:17.744000,6908.0,6926.0,6826.0,6888.0,nan,6879.0,151512,10422510480.0,150366,6908.0,16,6906.0,6,nan,0,nan,0,nan,0,nan,0,nan,0,nan,0,nan,0,nan,0
1597988417774590976,1597988418243000064,2020-08-21 13:40:18.243000,6906.0,6926.0,6826.0,6888.0,nan,6879.0,151517,10422854430.0,150365,6908.0,12,6906.0,5,nan,0,nan,0,nan,0,nan,0,nan,0,nan,0,nan,0,nan,0
1597988418275397120,1597988418734999808,2020-08-21 13:40:18.735000,6906.0,6926.0,6826.0,6888.0,nan,6879.0,151517,10422854430.0,150365,6908.0,13,6907.0,3,nan,0,nan,0,nan,0,nan,0,nan,0,nan,0,nan,0,nan,0
1597988418778134016,1597988419226000128,2020-08-21 13:40:19.226000,6906.0,6926.0,6826.0,6888.0,nan,6879.0,151517,10422854430.0,150365,6908.0,8,6907.0,4,nan,0,nan,0,nan,0,nan,0,nan,0,nan,0,nan,0,nan,0
1597988419278845952,1597988419665999872,2020-08-21 13:40:19.666000,6907.0,6926.0,6826.0,6888.0,nan,6879.0,151518,10422923220.0,150364,6908.0,17,6907.0,4,nan,0,nan,0,nan,0,nan,0,nan,0,nan,0,nan,0,nan,0
1597988419776402944,1597988420226000128,2020-08-21 13:40:20.226000,6908.0,6926.0,6826.0,6888.0,nan,6879.0,151525,10423404750.0,150367,6908.0,19,6906.0,5,nan,0,nan,0,nan,0,nan,0,nan,0,nan,0,nan,0,nan,0
1597988420274267904,1597988420744000000,2020-08-21 13:40:20.744000,6906.0,6926.0,6826.0,6888.0,nan,6879.0,151530,10423748700.0,150371,6906.0,6,6905.0,9,nan,0,nan,0,nan,0,nan,0,nan,0,nan,0,nan,0,nan,0
1597988420768032000,1597988421230000128,2020-08-21 13:40:21.230000,6908.0,6926.0,6826.0,6888.0,nan,6879.0,151542,10424574180.0,150380,6908.0,18,6905.0,9,nan,0,nan,0,nan,0,nan,0,nan,0,nan,0,nan,0,nan,0
1597988421277329920,1597988421740000000,2020-08-21 13:40:21.740000,6906.0,6926.0,6826.0,6888.0,nan,6879.0,151543,10424642970.0,150379,6907.0,25,6905.0,9,nan,0,nan,0,nan,0,nan,0,nan,0,nan,0,nan,0,nan,0
1597988421766561024,1597988422221999872,2020-08-21 13:40:22.222000,6907.0,6926.0,6826.0,6888.0,nan,6879.0,151544,10424711760.0,150380,6907.0,24,6905.0,9,nan,0,nan,0,nan,0,nan,0,nan,0,nan,0,nan,0,nan,0
1597988422270469120,1597988422721999872,2020-08-21 13:40:22.722000,6907.0,6926.0,6826.0,6888.0,nan,6879.0,151559,10425743610.0,150383,6907.0,12,6905.0,8,nan,0,nan,0,nan,0,nan,0,nan,0,nan,0,nan,0,nan,0
1597988422771460096,1597988423237999872,2020-08-21 13:40:23.238000,6906.0,6926.0,6826.0,6888.0,nan,6879.0,151561,10425881190.0,150384,6907.0,11,6906.0,4,nan,0,nan,0,nan,0,nan,0,nan,0,nan,0,nan,0,nan,0
1597988423283374080,1597988423736999936,2020-08-21 13:40:23.737000,6907.0,6926.0,6826.0,6888.0,nan,6879.0,151563,10426018770.0,150384,6907.0,9,6906.0,4,nan,0,nan,0,nan,0,nan,0,nan,0,nan,0,nan,0,nan,0
1597988423777778944,1597988424240000000,2020-08-21 13:40:24.240000,6906.0,6926.0,6826.0,6888.0,nan,6879.0,151566,10426225140.0,150384,6907.0,8,6906.0,4,nan,0,nan,0,nan,0,nan,0,nan,0,nan,0,nan,0,nan,0
1597988424280051968,1597988424730000128,2020-08-21 13:40:24.730000,6906.0,6926.0,6826.0,6888.0,nan,6879.0,151570,10426500300.0,150388,6907.0,14,6906.0,5,nan,0,nan,0,nan,0,nan,0,nan,0,nan,0,nan,0,nan,0
1597988424771299072,1597988425211000064,2020-08-21 13:40:25.211000,6906.0,6926.0,6826.0,6888.0,nan,6879.0,151579,10427119410.0,150393,6906.0,8,6905.0,31,nan,0,nan,0,nan,0,nan,0,nan,0,nan,0,nan,0,nan,0
1597988425271358976,1597988425719000064,2020-08-21 13:40:25.719000,6905.0,6926.0,6826.0,6888.0,nan,6879.0,151591,10427944890.0,150404,6906.0,17,6905.0,18,nan,0,nan,0,nan,0,nan,0,nan,0,nan,0,nan,0,nan,0
1597988425773466112,1597988426244999936,2020-08-21 13:40:26.245000,6905.0,6926.0,6826.0,6888.0,nan,6879.0,151610,10429251900.0,150423,6905.0,1,6904.0,5,nan,0,nan,0,nan,0,nan,0,nan,0,nan,0,nan,0,nan,0
1597988426318342912,1597988426712000000,2020-08-21 13:40:26.712000,6905.0,6926.0,6826.0,6888.0,nan,6879.0,151615,10429595850.0,150420,6906.0,20,6905.0,9,nan,0,nan,0,nan,0,nan,0,nan,0,nan,0,nan,0,nan,0
1597988426856894976,1597988427206000128,2020-08-21 13:40:27.206000,6906.0,6926.0,6826.0,6888.0,nan,6879.0,151625,10430283750.0,150422,6906.0,20,6905.0,1,nan,0,nan,0,nan,0,nan,0,nan,0,nan,0,nan,0,nan,0
1597988427276675072,1597988427740000000,2020-08-21 13:40:27.740000,6905.0,6926.0,6826.0,6888.0,nan,6879.0,151628,10430490120.0,150422,6906.0,20,6904.0,5,nan,0,nan,0,nan,0,nan,0,nan,0,nan,0,nan,0,nan,0
1597988427809489920,1597988428221999872,2020-08-21 13:40:28.222000,6905.0,6926.0,6826.0,6888.0,nan,6879.0,151630,10430627700.0,150424,6906.0,21,6905.0,5,nan,0,nan,0,nan,0,nan,0,nan,0,nan,0,nan,0,nan,0
1597988428777154048,1597988429244999936,2020-08-21 13:40:29.245000,6906.0,6926.0,6826.0,6888.0,nan,6879.0,151631,10430696490.0,150425,6906.0,20,6905.0,5,nan,0,nan,0,nan,0,nan,0,nan,0,nan,0,nan,0,nan,0
1597988429279836928,1597988429729000192,2020-08-21 13:40:29.729000,6905.0,6926.0,6826.0,6888.0,nan,6879.0,151636,10431040440.0,150426,6906.0,20,6904.0,5,nan,0,nan,0,nan,0,nan,0,nan,0,nan,0,nan,0,nan,0
1597988429788416000,1597988430239000064,2020-08-21 13:40:30.239000,6905.0,6926.0,6826.0,6888.0,nan,6879.0,151638,10431178020.0,150426,6906.0,19,6904.0,5,nan,0,nan,0,nan,0,nan,0,nan,0,nan,0,nan,0,nan,0
1597988430328293120,1597988430742000128,2020-08-21 13:40:30.742000,6905.0,6926.0,6826.0,6888.0,nan,6879.0,151639,10431246810.0,150425,6905.0,1,6904.0,5,nan,0,nan,0,nan,0,nan,0,nan,0,nan,0,nan,0,nan,0
1597988430782457088,1597988431200999936,2020-08-21 13:40:31.201000,6906.0,6926.0,6826.0,6888.0,nan,6879.0,151654,10432278660.0,150422,6906.0,13,6904.0,8,nan,0,nan,0,nan,0,nan,0,nan,0,nan,0,nan,0,nan,0
1597988431325868032,1597988431661999872,2020-08-21 13:40:31.662000,6906.0,6926.0,6826.0,6888.0,nan,6879.0,151654,10432278660.0,150422,6906.0,14,6904.0,8,nan,0,nan,0,nan,0,nan,0,nan,0,nan,0,nan,0,nan,0
1597988431787318016,1597988432244999936,2020-08-21 13:40:32.245000,6904.0,6926.0,6826.0,6888.0,nan,6879.0,151655,10432347450.0,150422,6906.0,15,6904.0,7,nan,0,nan,0,nan,0,nan,0,nan,0,nan,0,nan,0,nan,0
1597988432278800896,1597988432740999936,2020-08-21 13:40:32.741000,6906.0,6926.0,6826.0,6888.0,nan,6879.0,151670,10433379300.0,150435,6907.0,23,6906.0,8,nan,0,nan,0,nan,0,nan,0,nan,0,nan,0,nan,0,nan,0
1597988432789817088,1597988433243000064,2020-08-21 13:40:33.243000,6906.0,6926.0,6826.0,6888.0,nan,6879.0,151670,10433379300.0,150435,6907.0,24,6906.0,8,nan,0,nan,0,nan,0,nan,0,nan,0,nan,0,nan,0,nan,0
1597988433284876032,1597988433737999872,2020-08-21 13:40:33.738000,6906.0,6926.0,6826.0,6888.0,nan,6879.0,151673,10433585670.0,150438,6907.0,24,6906.0,5,nan,0,nan,0,nan,0,nan,0,nan,0,nan,0,nan,0,nan,0
1597988433786812928,1597988434242000128,2020-08-21 13:40:34.242000,6906.0,6926.0,6826.0,6888.0,nan,6879.0,151682,10434204780.0,150440,6907.0,24,6905.0,3,nan,0,nan,0,nan,0,nan,0,nan,0,nan,0,nan,0,nan,0
1597988434287732992,1597988434737999872,2020-08-21 13:40:34.738000,6907.0,6926.0,6826.0,6888.0,nan,6879.0,151713,10436337270.0,150447,6908.0,34,6907.0,3,nan,0,nan,0,nan,0,nan,0,nan,0,nan,0,nan,0,nan,0
1597988434786328064,1597988435239000064,2020-08-21 13:40:35.239000,6906.0,6926.0,6826.0,6888.0,nan,6879.0,151718,10436681220.0,150452,6907.0,12,6906.0,3,nan,0,nan,0,nan,0,nan,0,nan,0,nan,0,nan,0,nan,0
1597988435284444928,1597988435726000128,2020-08-21 13:40:35.726000,6906.0,6926.0,6826.0,6888.0,nan,6879.0,151721,10436887590.0,150455,6906.0,2,6905.0,2,nan,0,nan,0,nan,0,nan,0,nan,0,nan,0,nan,0,nan,0
1597988435779430912,1597988436244000000,2020-08-21 13:40:36.244000,6906.0,6926.0,6826.0,6888.0,nan,6879.0,151723,10437025170.0,150456,6907.0,12,6905.0,3,nan,0,nan,0,nan,0,nan,0,nan,0,nan,0,nan,0,nan,0
1597988436306511104,1597988436740000000,2020-08-21 13:40:36.740000,6907.0,6926.0,6826.0,6888.0,nan,6879.0,151725,10437162750.0,150455,6907.0,10,6905.0,3,nan,0,nan,0,nan,0,nan,0,nan,0,nan,0,nan,0,nan,0
1597988436782934016,1597988437242000128,2020-08-21 13:40:37.242000,6907.0,6926.0,6826.0,6888.0,nan,6879.0,151725,10437162750.0,150455,6907.0,10,6906.0,3,nan,0,nan,0,nan,0,nan,0,nan,0,nan,0,nan,0,nan,0
1597988437341742080,1597988437720000000,2020-08-21 13:40:37.720000,6906.0,6926.0,6826.0,6888.0,nan,6879.0,151729,10437437910.0,150456,6907.0,13,6906.0,3,nan,0,nan,0,nan,0,nan,0,nan,0,nan,0,nan,0,nan,0
1597988437780861952,1597988438233999872,2020-08-21 13:40:38.234000,6904.0,6926.0,6826.0,6888.0,nan,6879.0,151739,10438125810.0,150463,6907.0,13,6904.0,10,nan,0,nan,0,nan,0,nan,0,nan,0,nan,0,nan,0,nan,0
1597988438286448896,1597988438724000000,2020-08-21 13:40:38.724000,6907.0,6926.0,6826.0,6888.0,nan,6879.0,151749,10438813710.0,150463,6907.0,5,6905.0,1,nan,0,nan,0,nan,0,nan,0,nan,0,nan,0,nan,0,nan,0
1597988438800077056,1597988439244999936,2020-08-21 13:40:39.245000,6907.0,6926.0,6826.0,6888.0,nan,6879.0,151751,10438951290.0,150463,6907.0,3,6906.0,2,nan,0,nan,0,nan,0,nan,0,nan,0,nan,0,nan,0,nan,0
1597988439284032000,1597988439734999808,2020-08-21 13:40:39.735000,6906.0,6926.0,6826.0,6888.0,nan,6879.0,151753,10439088870.0,150463,6907.0,3,6906.0,3,nan,0,nan,0,nan,0,nan,0,nan,0,nan,0,nan,0,nan,0
1597988439785741056,1597988440224000000,2020-08-21 13:40:40.224000,6907.0,6926.0,6826.0,6888.0,nan,6879.0,151754,10439157660.0,150463,6907.0,2,6906.0,3,nan,0,nan,0,nan,0,nan,0,nan,0,nan,0,nan,0,nan,0
1597988440287633920,1597988440744999936,2020-08-21 13:40:40.745000,6907.0,6926.0,6826.0,6888.0,nan,6879.0,151761,10439639190.0,150468,6908.0,36,6907.0,3,nan,0,nan,0,nan,0,nan,0,nan,0,nan,0,nan,0,nan,0
1597988440816257024,1597988441234999808,2020-08-21 13:40:41.235000,6907.0,6926.0,6826.0,6888.0,nan,6879.0,151764,10439845560.0,150471,6908.0,37,6907.0,1,nan,0,nan,0,nan,0,nan,0,nan,0,nan,0,nan,0,nan,0
1597988441300751104,1597988441744000000,2020-08-21 13:40:41.744000,6906.0,6926.0,6826.0,6888.0,nan,6879.0,151766,10439983140.0,150471,6908.0,37,6906.0,3,nan,0,nan,0,nan,0,nan,0,nan,0,nan,0,nan,0,nan,0
1597988441773683968,1597988442187000064,2020-08-21 13:40:42.187000,6906.0,6926.0,6826.0,6888.0,nan,6879.0,151766,10439983140.0,150471,6908.0,38,6907.0,1,nan,0,nan,0,nan,0,nan,0,nan,0,nan,0,nan,0,nan,0
1597988442309368064,1597988442744999936,2020-08-21 13:40:42.745000,6908.0,6926.0,6826.0,6888.0,nan,6879.0,151771,10440327090.0,150473,6908.0,35,6906.0,2,nan,0,nan,0,nan,0,nan,0,nan,0,nan,0,nan,0,nan,0
1597988442794416128,1597988443239000064,2020-08-21 13:40:43.239000,6906.0,6926.0,6826.0,6888.0,nan,6879.0,151777,10440739830.0,150473,6907.0,3,6906.0,16,nan,0,nan,0,nan,0,nan,0,nan,0,nan,0,nan,0,nan,0
1597988443295063040,1597988443744999936,2020-08-21 13:40:43.745000,6908.0,6926.0,6826.0,6888.0,nan,6879.0,151787,10441427730.0,150480,6908.0,28,6906.0,16,nan,0,nan,0,nan,0,nan,0,nan,0,nan,0,nan,0,nan,0
1597988443780670976,1597988444208000000,2020-08-21 13:40:44.208000,6906.0,6926.0,6826.0,6888.0,nan,6879.0,151793,10441840470.0,150486,6908.0,27,6906.0,11,nan,0,nan,0,nan,0,nan,0,nan,0,nan,0,nan,0,nan,0
1597988444335041024,1597988444746000128,2020-08-21 13:40:44.746000,6906.0,6926.0,6826.0,6888.0,nan,6879.0,151794,10441909260.0,150486,6908.0,28,6907.0,4,nan,0,nan,0,nan,0,nan,0,nan,0,nan,0,nan,0,nan,0
1597988444784335104,1597988445216999936,2020-08-21 13:40:45.217000,6907.0,6926.0,6826.0,6888.0,nan,6879.0,151798,10442184420.0,150490,6907.0,12,6906.0,12,nan,0,nan,0,nan,0,nan,0,nan,0,nan,0,nan,0,nan,0
1597988445298970112,1597988445717999872,2020-08-21 13:40:45.718000,6907.0,6926.0,6826.0,6888.0,nan,6879.0,151800,10442322000.0,150491,6907.0,11,6906.0,11,nan,0,nan,0,nan,0,nan,0,nan,0,nan,0,nan,0,nan,0
1597988445782123008,1597988446243000064,2020-08-21 13:40:46.243000,6907.0,6926.0,6826.0,6888.0,nan,6879.0,151802,10442459580.0,150491,6907.0,25,6906.0,11,nan,0,nan,0,nan,0,nan,0,nan,0,nan,0,nan,0,nan,0
1597988446277395968,1597988446740999936,2020-08-21 13:40:46.741000,6907.0,6926.0,6826.0,6888.0,nan,6879.0,151807,10442803530.0,150492,6907.0,21,6906.0,11,nan,0,nan,0,nan,0,nan,0,nan,0,nan,0,nan,0,nan,0
1597988446786423040,1597988447240000000,2020-08-21 13:40:47.240000,6907.0,6926.0,6826.0,6888.0,nan,6879.0,151808,10442872320.0,150493,6907.0,21,6906.0,11,nan,0,nan,0,nan,0,nan,0,nan,0,nan,0,nan,0,nan,0
1597988447285341952,1597988447744999936,2020-08-21 13:40:47.745000,6907.0,6926.0,6826.0,6888.0,nan,6879.0,151810,10443009900.0,150494,6907.0,20,6906.0,10,nan,0,nan,0,nan,0,nan,0,nan,0,nan,0,nan,0,nan,0
1597988447782054912,1597988448232000000,2020-08-21 13:40:48.232000,6907.0,6926.0,6826.0,6888.0,nan,6879.0,151811,10443078690.0,150494,6907.0,20,6906.0,10,nan,0,nan,0,nan,0,nan,0,nan,0,nan,0,nan,0,nan,0
1597988448291780096,1597988448746000128,2020-08-21 13:40:48.746000,6906.0,6926.0,6826.0,6888.0,nan,6879.0,151813,10443216270.0,150496,6907.0,19,6906.0,9,nan,0,nan,0,nan,0,nan,0,nan,0,nan,0,nan,0,nan,0
1597988448872640000,1597988449244999936,2020-08-21 13:40:49.245000,6906.0,6926.0,6826.0,6888.0,nan,6879.0,151819,10443629010.0,150495,6907.0,15,6906.0,8,nan,0,nan,0,nan,0,nan,0,nan,0,nan,0,nan,0,nan,0
1597988449293219072,1597988449632999936,2020-08-21 13:40:49.633000,6906.0,6926.0,6826.0,6888.0,nan,6879.0,151819,10443629010.0,150495,6907.0,16,6906.0,8,nan,0,nan,0,nan,0,nan,0,nan,0,nan,0,nan,0,nan,0
1597988449793871872,1597988450244000000,2020-08-21 13:40:50.244000,6906.0,6926.0,6826.0,6888.0,nan,6879.0,151820,10443697800.0,150495,6907.0,16,6906.0,7,nan,0,nan,0,nan,0,nan,0,nan,0,nan,0,nan,0,nan,0
1597988450291351040,1597988450732000000,2020-08-21 13:40:50.732000,6906.0,6926.0,6826.0,6888.0,nan,6879.0,151824,10443972960.0,150495,6907.0,14,6906.0,5,nan,0,nan,0,nan,0,nan,0,nan,0,nan,0,nan,0,nan,0
1597988451827151104,1597988452242000128,2020-08-21 13:40:52.242000,6906.0,6926.0,6826.0,6888.0,nan,6879.0,151829,10444316910.0,150499,6906.0,1,6905.0,25,nan,0,nan,0,nan,0,nan,0,nan,0,nan,0,nan,0,nan,0
1597988452291108096,1597988452732999936,2020-08-21 13:40:52.733000,6905.0,6926.0,6826.0,6888.0,nan,6879.0,151830,10444385700.0,150499,6906.0,5,6905.0,13,nan,0,nan,0,nan,0,nan,0,nan,0,nan,0,nan,0,nan,0
1597988452790176000,1597988453180999936,2020-08-21 13:40:53.181000,6905.0,6926.0,6826.0,6888.0,nan,6879.0,151843,10445279970.0,150510,6905.0,2,6904.0,26,nan,0,nan,0,nan,0,nan,0,nan,0,nan,0,nan,0,nan,0
1597988453278272000,1597988453731000064,2020-08-21 13:40:53.731000,6904.0,6926.0,6826.0,6888.0,nan,6879.0,151860,10446449400.0,150508,6905.0,6,6903.0,19,nan,0,nan,0,nan,0,nan,0,nan,0,nan,0,nan,0,nan,0
1597988453779619072,1597988454232999936,2020-08-21 13:40:54.233000,6904.0,6926.0,6826.0,6888.0,nan,6879.0,151861,10446518190.0,150509,6904.0,4,6903.0,19,nan,0,nan,0,nan,0,nan,0,nan,0,nan,0,nan,0,nan,0
1597988454286631936,1597988454709000192,2020-08-21 13:40:54.709000,6903.0,6926.0,6826.0,6888.0,nan,6879.0,151871,10447206090.0,150504,6904.0,4,6903.0,9,nan,0,nan,0,nan,0,nan,0,nan,0,nan,0,nan,0,nan,0
1597988454780903936,1597988455242000128,2020-08-21 13:40:55.242000,6903.0,6926.0,6826.0,6888.0,nan,6879.0,151872,10447274880.0,150504,6904.0,4,6903.0,8,nan,0,nan,0,nan,0,nan,0,nan,0,nan,0,nan,0,nan,0
1597988455330836992,1597988455744000000,2020-08-21 13:40:55.744000,6903.0,6926.0,6826.0,6888.0,nan,6879.0,151873,10447343670.0,150503,6904.0,4,6903.0,8,nan,0,nan,0,nan,0,nan,0,nan,0,nan,0,nan,0,nan,0
1597988455784879104,1597988456220999936,2020-08-21 13:40:56.221000,6904.0,6926.0,6826.0,6888.0,nan,6879.0,151875,10447481250.0,150504,6905.0,7,6903.0,7,nan,0,nan,0,nan,0,nan,0,nan,0,nan,0,nan,0,nan,0
1597988456290533120,1597988456736000000,2020-08-21 13:40:56.736000,6903.0,6926.0,6826.0,6888.0,nan,6879.0,151877,10447618830.0,150504,6905.0,7,6903.0,5,nan,0,nan,0,nan,0,nan,0,nan,0,nan,0,nan,0,nan,0
1597988456789172992,1597988457240000000,2020-08-21 13:40:57.240000,6906.0,6926.0,6826.0,6888.0,nan,6879.0,151889,10448444310.0,150509,6906.0,6,6904.0,9,nan,0,nan,0,nan,0,nan,0,nan,0,nan,0,nan,0,nan,0
1597988457282476032,1597988457743000064,2020-08-21 13:40:57.743000,6906.0,6926.0,6826.0,6888.0,nan,6879.0,151890,10448513100.0,150509,6906.0,2,6904.0,9,nan,0,nan,0,nan,0,nan,0,nan,0,nan,0,nan,0,nan,0
1597988457785697024,1597988458244000000,2020-08-21 13:40:58.244000,6904.0,6926.0,6826.0,6888.0,nan,6879.0,151891,10448581890.0,150509,6906.0,9,6904.0,8,nan,0,nan,0,nan,0,nan,0,nan,0,nan,0,nan,0,nan,0
1597988458299546880,1597988458742000128,2020-08-21 13:40:58.742000,6904.0,6926.0,6826.0,6888.0,nan,6879.0,151895,10448857050.0,150509,6906.0,9,6904.0,4,nan,0,nan,0,nan,0,nan,0,nan,0,nan,0,nan,0,nan,0
1597988458788659968,1597988459173000192,2020-08-21 13:40:59.173000,6904.0,6926.0,6826.0,6888.0,nan,6879.0,151899,10449132210.0,150509,6904.0,6,6903.0,4,nan,0,nan,0,nan,0,nan,0,nan,0,nan,0,nan,0,nan,0
1597988459782285056,1597988460242000128,2020-08-21 13:41:00.242000,6904.0,6926.0,6826.0,6888.0,nan,6879.0,151900,10449201000.0,150509,6904.0,5,6903.0,5,nan,0,nan,0,nan,0,nan,0,nan,0,nan,0,nan,0,nan,0
1597988460300108032,1597988460742000128,2020-08-21 13:41:00.742000,6904.0,6926.0,6826.0,6888.0,nan,6879.0,151901,10449269790.0,150509,6904.0,4,6903.0,5,nan,0,nan,0,nan,0,nan,0,nan,0,nan,0,nan,0,nan,0
1597988460783855104,1597988461244000000,2020-08-21 13:41:01.244000,6904.0,6926.0,6826.0,6888.0,nan,6879.0,151906,10449613740.0,150509,6906.0,10,6903.0,5,nan,0,nan,0,nan,0,nan,0,nan,0,nan,0,nan,0,nan,0
1597988461292813056,1597988461696999936,2020-08-21 13:41:01.697000,6904.0,6926.0,6826.0,6888.0,nan,6879.0,151907,10449682530.0,150509,6905.0,2,6903.0,5,nan,0,nan,0,nan,0,nan,0,nan,0,nan,0,nan,0,nan,0
1597988461792423936,1597988462244999936,2020-08-21 13:41:02.245000,6904.0,6926.0,6826.0,6888.0,nan,6879.0,151907,10449682530.0,150509,6905.0,2,6903.0,6,nan,0,nan,0,nan,0,nan,0,nan,0,nan,0,nan,0,nan,0
1597988462300881920,1597988462739000064,2020-08-21 13:41:02.739000,6904.0,6926.0,6826.0,6888.0,nan,6879.0,151908,10449751320.0,150510,6905.0,3,6904.0,1,nan,0,nan,0,nan,0,nan,0,nan,0,nan,0,nan,0,nan,0
1597988462798020096,1597988463236000000,2020-08-21 13:41:03.236000,6904.0,6926.0,6826.0,6888.0,nan,6879.0,151908,10449751320.0,150510,6905.0,3,6904.0,2,nan,0,nan,0,nan,0,nan,0,nan,0,nan,0,nan,0,nan,0
1597988464796748032,1597988465236999936,2020-08-21 13:41:05.237000,6905.0,6926.0,6826.0,6888.0,nan,6879.0,151922,10450714380.0,150510,6904.0,13,6903.0,6,nan,0,nan,0,nan,0,nan,0,nan,0,nan,0,nan,0,nan,0
1597988465794940928,1597988466186000128,2020-08-21 13:41:06.186000,6904.0,6926.0,6826.0,6888.0,nan,6879.0,151925,10450920750.0,150509,6904.0,14,6903.0,5,nan,0,nan,0,nan,0,nan,0,nan,0,nan,0,nan,0,nan,0
1597988466298984960,1597988466744999936,2020-08-21 13:41:06.745000,6904.0,6926.0,6826.0,6888.0,nan,6879.0,151925,10450920750.0,150509,6904.0,14,6903.0,7,nan,0,nan,0,nan,0,nan,0,nan,0,nan,0,nan,0,nan,0
1597988466791334912,1597988467242000128,2020-08-21 13:41:07.242000,6904.0,6926.0,6826.0,6888.0,nan,6879.0,151927,10451058330.0,150507,6904.0,12,6903.0,7,nan,0,nan,0,nan,0,nan,0,nan,0,nan,0,nan,0,nan,0
1597988467298063872,1597988467708000000,2020-08-21 13:41:07.708000,6904.0,6926.0,6826.0,6888.0,nan,6879.0,151929,10451195910.0,150507,6904.0,11,6903.0,7,nan,0,nan,0,nan,0,nan,0,nan,0,nan,0,nan,0,nan,0
1597988468295367936,1597988468670000128,2020-08-21 13:41:08.670000,6903.0,6926.0,6826.0,6888.0,nan,6879.0,151931,10451333490.0,150508,6904.0,10,6903.0,6,nan,0,nan,0,nan,0,nan,0,nan,0,nan,0,nan,0,nan,0
1597988469297231104,1597988469713999872,2020-08-21 13:41:09.714000,6903.0,6926.0,6826.0,6888.0,nan,6879.0,151932,10451402280.0,150509,6904.0,10,6903.0,5,nan,0,nan,0,nan,0,nan,0,nan,0,nan,0,nan,0,nan,0
1597988469799305984,1597988470233999872,2020-08-21 13:41:10.234000,6903.0,6926.0,6826.0,6888.0,nan,6879.0,151935,10451608650.0,150508,6904.0,9,6903.0,3,nan,0,nan,0,nan,0,nan,0,nan,0,nan,0,nan,0,nan,0
1597988470319264000,1597988470730000128,2020-08-21 13:41:10.730000,6903.0,6926.0,6826.0,6888.0,nan,6879.0,151937,10451746230.0,150509,6904.0,9,6903.0,1,nan,0,nan,0,nan,0,nan,0,nan,0,nan,0,nan,0,nan,0
1597988470791554048,1597988471236000000,2020-08-21 13:41:11.236000,6903.0,6926.0,6826.0,6888.0,nan,6879.0,151937,10451746230.0,150509,6904.0,9,6902.0,29,nan,0,nan,0,nan,0,nan,0,nan,0,nan,0,nan,0,nan,0
1597988471309115904,1597988471719000064,2020-08-21 13:41:11.719000,6903.0,6926.0,6826.0,6888.0,nan,6879.0,151937,10451746230.0,150509,6904.0,9,6902.0,21,nan,0,nan,0,nan,0,nan,0,nan,0,nan,0,nan,0,nan,0
1597988472305134080,1597988472744000000,2020-08-21 13:41:12.744000,6902.0,6926.0,6826.0,6888.0,nan,6879.0,151938,10451815020.0,150509,6903.0,10,6902.0,20,nan,0,nan,0,nan,0,nan,0,nan,0,nan,0,nan,0,nan,0
1597988472835179008,1597988473236000000,2020-08-21 13:41:13.236000,6903.0,6926.0,6826.0,6888.0,nan,6879.0,151939,10451883810.0,150509,6903.0,9,6902.0,19,nan,0,nan,0,nan,0,nan,0,nan,0,nan,0,nan,0,nan,0
1597988473320549888,1597988473736999936,2020-08-21 13:41:13.737000,6902.0,6926.0,6826.0,6888.0,nan,6879.0,151942,10452090180.0,150509,6903.0,7,6902.0,18,nan,0,nan,0,nan,0,nan,0,nan,0,nan,0,nan,0,nan,0
1597988473792617984,1597988474236000000,2020-08-21 13:41:14.236000,6902.0,6926.0,6826.0,6888.0,nan,6879.0,151942,10452090180.0,150509,6903.0,8,6902.0,18,nan,0,nan,0,nan,0,nan,0,nan,0,nan,0,nan,0,nan,0
1597988474296660992,1597988474733999872,2020-08-21 13:41:14.734000,6902.0,6926.0,6826.0,6888.0,nan,6879.0,151947,10452434130.0,150507,6903.0,19,6902.0,16,nan,0,nan,0,nan,0,nan,0,nan,0,nan,0,nan,0,nan,0
1597988474790041088,1597988475232000000,2020-08-21 13:41:15.232000,6901.0,6926.0,6826.0,6888.0,nan,6879.0,152019,10457387010.0,150577,6902.0,1,6900.0,102,nan,0,nan,0,nan,0,nan,0,nan,0,nan,0,nan,0,nan,0
1597988475296688896,1597988475724999936,2020-08-21 13:41:15.725000,6901.0,6926.0,6826.0,6888.0,nan,6879.0,152031,10458212490.0,150576,6901.0,1,6900.0,103,nan,0,nan,0,nan,0,nan,0,nan,0,nan,0,nan,0,nan,0
1597988475792497920,1597988476232000000,2020-08-21 13:41:16.232000,6900.0,6926.0,6826.0,6888.0,nan,6879.0,152114,10463922060.0,150611,6902.0,8,6900.0,30,nan,0,nan,0,nan,0,nan,0,nan,0,nan,0,nan,0,nan,0
1597988476301891072,1597988476743000064,2020-08-21 13:41:16.743000,6898.0,6926.0,6826.0,6888.0,nan,6879.0,152176,10468187040.0,150589,6900.0,2,6899.0,7,nan,0,nan,0,nan,0,nan,0,nan,0,nan,0,nan,0,nan,0
1597988476797274112,1597988477193000192,2020-08-21 13:41:17.193000,6897.0,6926.0,6826.0,6888.0,nan,6879.0,152207,10470319530.0,150583,6899.0,20,6897.0,17,nan,0,nan,0,nan,0,nan,0,nan,0,nan,0,nan,0,nan,0
1597988477296730112,1597988477734999808,2020-08-21 13:41:17.735000,6898.0,6926.0,6826.0,6888.0,nan,6879.0,152218,10471076220.0,150579,6899.0,29,6897.0,7,nan,0,nan,0,nan,0,nan,0,nan,0,nan,0,nan,0,nan,0
1597988477795576064,1597988478232000000,2020-08-21 13:41:18.232000,6896.0,6926.0,6826.0,6888.0,nan,6879.0,152242,10472727180.0,150575,6897.0,1,6896.0,28,nan,0,nan,0,nan,0,nan,0,nan,0,nan,0,nan,0,nan,0
1597988478315985920,1597988478742000128,2020-08-21 13:41:18.742000,6893.0,6926.0,6826.0,6888.0,nan,6879.0,152362,10480981980.0,150638,6895.0,5,6893.0,4,nan,0,nan,0,nan,0,nan,0,nan,0,nan,0,nan,0,nan,0
1597988478792335104,1597988479240999936,2020-08-21 13:41:19.241000,6895.0,6926.0,6826.0,6888.0,nan,6879.0,152392,10483045680.0,150614,6896.0,32,6895.0,1,nan,0,nan,0,nan,0,nan,0,nan,0,nan,0,nan,0,nan,0
1597988479325730048,1597988479746000128,2020-08-21 13:41:19.746000,6897.0,6926.0,6826.0,6888.0,nan,6879.0,152428,10485522120.0,150647,6897.0,21,6895.0,22,nan,0,nan,0,nan,0,nan,0,nan,0,nan,0,nan,0,nan,0
1597988479792282112,1597988480232000000,2020-08-21 13:41:20.232000,6899.0,6926.0,6826.0,6888.0,nan,6879.0,152479,10489030410.0,150622,6899.0,42,6897.0,1,nan,0,nan,0,nan,0,nan,0,nan,0,nan,0,nan,0,nan,0
1597988480300505088,1597988480733999872,2020-08-21 13:41:20.734000,6897.0,6926.0,6826.0,6888.0,nan,6879.0,152500,10490475000.0,150624,6897.0,4,6896.0,20,nan,0,nan,0,nan,0,nan,0,nan,0,nan,0,nan,0,nan,0
1597988480792737024,1597988481242000128,2020-08-21 13:41:21.242000,6896.0,6926.0,6826.0,6888.0,nan,6879.0,152521,10491919590.0,150631,6899.0,40,6896.0,8,nan,0,nan,0,nan,0,nan,0,nan,0,nan,0,nan,0,nan,0
1597988481298821888,1597988481740999936,2020-08-21 13:41:21.741000,6896.0,6926.0,6826.0,6888.0,nan,6879.0,152525,10492194750.0,150629,6898.0,11,6896.0,18,nan,0,nan,0,nan,0,nan,0,nan,0,nan,0,nan,0,nan,0
1597988481854452992,1597988482243000064,2020-08-21 13:41:22.243000,6898.0,6926.0,6826.0,6888.0,nan,6879.0,152532,10492676280.0,150629,6898.0,6,6896.0,22,nan,0,nan,0,nan,0,nan,0,nan,0,nan,0,nan,0,nan,0
1597988482298690048,1597988482739000064,2020-08-21 13:41:22.739000,6896.0,6926.0,6826.0,6888.0,nan,6879.0,152554,10494189660.0,150618,6899.0,77,6896.0,9,nan,0,nan,0,nan,0,nan,0,nan,0,nan,0,nan,0,nan,0
1597988482803645952,1597988483240000000,2020-08-21 13:41:23.240000,6898.0,6926.0,6826.0,6888.0,nan,6879.0,152557,10494396030.0,150616,6898.0,1,6897.0,5,nan,0,nan,0,nan,0,nan,0,nan,0,nan,0,nan,0,nan,0
1597988483302304000,1597988483746000128,2020-08-21 13:41:23.746000,6898.0,6926.0,6826.0,6888.0,nan,6879.0,152568,10495152720.0,150622,6899.0,98,6897.0,13,nan,0,nan,0,nan,0,nan,0,nan,0,nan,0,nan,0,nan,0
1597988483802818048,1597988484239000064,2020-08-21 13:41:24.239000,6897.0,6926.0,6826.0,6888.0,nan,6879.0,152574,10495565460.0,150623,6899.0,94,6897.0,15,nan,0,nan,0,nan,0,nan,0,nan,0,nan,0,nan,0,nan,0
