local_nano_time,quote_nano_time,datetime,last_price,highest,lowest,open,close,average,volume,amount,open_interest,ask_price1,ask_volume1,bid_price1,bid_volume1,ask_price2,ask_volume2,bid_price2,bid_volume2,ask_price3,ask_volume3,bid_price3,bid_volume3,ask_price4,ask_volume4,bid_price4,bid_volume4,ask_price5,ask_volume5,bid_price5,bid_volume5
1597988229710842880,1597988230000000000,2020-08-21 13:37:10.000000,12900.0,12930.0,12795.0,12845.0,nan,12865.0,216109,13901211425.0,333924,12900.0,26,12895.0,182,nan,0,nan,0,nan,0,nan,0,nan,0,nan,0,nan,0,nan,0
1597988230230715904,1597988230000001024,2020-08-21 13:37:10.000001,12900.0,12930.0,12795.0,12845.0,nan,12865.0,216123,13902111975.0,333926,12905.0,254,12900.0,51,nan,0,nan,0,nan,0,nan,0,nan,0,nan,0,nan,0,nan,0
1597988230691345920,1597988231000000000,2020-08-21 13:37:11.000000,12900.0,12930.0,12795.0,12845.0,nan,12865.0,216123,13902111975.0,333926,12905.0,254,12900.0,64,nan,0,nan,0,nan,0,nan,0,nan,0,nan,0,nan,0,nan,0
1597988231222106880,1597988231000001024,2020-08-21 13:37:11.000001,12900.0,12930.0,12795.0,12845.0,nan,12865.0,216131,13902626575.0,333922,12905.0,229,12900.0,84,nan,0,nan,0,nan,0,nan,0,nan,0,nan,0,nan,0,nan,0
1597988231695431936,1597988232000000000,2020-08-21 13:37:12.000000,12900.0,12930.0,12795.0,12845.0,nan,12865.0,216131,13902626575.0,333922,12905.0,219,12900.0,93,nan,0,nan,0,nan,0,nan,0,nan,0,nan,0,nan,0,nan,0
1597988232221785088,1597988232000001024,2020-08-21 13:37:12.000001,12900.0,12930.0,12795.0,12845.0,nan,12865.0,216131,13902626575.0,333922,12905.0,218,12900.0,102,nan,0,nan,0,nan,0,nan,0,nan,0,nan,0,nan,0,nan,0
1597988232688250112,1597988233000000000,2020-08-21 13:37:13.000000,12900.0,12930.0,12795.0,12845.0,nan,12865.0,216161,13904556325.0,333892,12905.0,219,12900.0,82,nan,0,nan,0,nan,0,nan,0,nan,0,nan,0,nan,0,nan,0
1597988233187951104,1597988233000001024,2020-08-21 13:37:13.000001,12905.0,12930.0,12795.0,12845.0,nan,12865.0,216162,13904620650.0,333892,12905.0,226,12900.0,82,nan,0,nan,0,nan,0,nan,0,nan,0,nan,0,nan,0,nan,0
1597988233693638912,1597988234000000000,2020-08-21 13:37:14.000000,12905.0,12930.0,12795.0,12845.0,nan,12865.0,216162,13904620650.0,333892,12905.0,226,12900.0,96,nan,0,nan,0,nan,0,nan,0,nan,0,nan,0,nan,0,nan,0
1597988234209060096,1597988234000001024,2020-08-21 13:37:14.000001,12905.0,12930.0,12795.0,12845.0,nan,12865.0,216162,13904620650.0,333892,12905.0,226,12900.0,98,nan,0,nan,0,nan,0,nan,0,nan,0,nan,0,nan,0,nan,0
1597988234693180928,1597988235000000000,2020-08-21 13:37:15.000000,12905.0,12930.0,12795.0,12845.0,nan,12865.0,216162,13904620650.0,333892,12905.0,226,12900.0,100,nan,0,nan,0,nan,0,nan,0,nan,0,nan,0,nan,0,nan,0
1597988235213931008,1597988235000001024,2020-08-21 13:37:15.000001,12900.0,12930.0,12795.0,12845.0,nan,12865.0,216167,13904942275.0,333893,12905.0,226,12900.0,95,nan,0,nan,0,nan,0,nan,0,nan,0,nan,0,nan,0,nan,0
1597988235694195968,1597988236000000000,2020-08-21 13:37:16.000000,12900.0,12930.0,12795.0,12845.0,nan,12865.0,216167,13904942275.0,333893,12905.0,229,12900.0,102,nan,0,nan,0,nan,0,nan,0,nan,0,nan,0,nan,0,nan,0
1597988236201085952,1597988236000001024,2020-08-21 13:37:16.000001,12900.0,12930.0,12795.0,12845.0,nan,12865.0,216168,13905006600.0,333893,12905.0,229,12900.0,105,nan,0,nan,0,nan,0,nan,0,nan,0,nan,0,nan,0,nan,0
1597988236692189952,1597988237000000000,2020-08-21 13:37:17.000000,12900.0,12930.0,12795.0,12845.0,nan,12865.0,216168,13905006600.0,333893,12905.0,224,12900.0,105,nan,0,nan,0,nan,0,nan,0,nan,0,nan,0,nan,0,nan,0
1597988237221177088,1597988237000001024,2020-08-21 13:37:17.000001,12905.0,12930.0,12795.0,12845.0,nan,12865.0,216169,13905070925.0,333893,12905.0,223,12900.0,105,nan,0,nan,0,nan,0,nan,0,nan,0,nan,0,nan,0,nan,0
1597988237698862080,1597988238000000000,2020-08-21 13:37:18.000000,12905.0,12930.0,12795.0,12845.0,nan,12865.0,216169,13905070925.0,333893,12905.0,223,12900.0,113,nan,0,nan,0,nan,0,nan,0,nan,0,nan,0,nan,0,nan,0
1597988238233816064,1597988238000001024,2020-08-21 13:37:18.000001,12900.0,12930.0,12795.0,12845.0,nan,12865.0,216181,13905842825.0,333887,12905.0,226,12900.0,107,nan,0,nan,0,nan,0,nan,0,nan,0,nan,0,nan,0,nan,0
1597988238695380992,1597988239000000000,2020-08-21 13:37:19.000000,12900.0,12930.0,12795.0,12845.0,nan,12865.0,216181,13905842825.0,333887,12905.0,227,12900.0,108,nan,0,nan,0,nan,0,nan,0,nan,0,nan,0,nan,0,nan,0
1597988239184260096,1597988239000001024,2020-08-21 13:37:19.000001,12900.0,12930.0,12795.0,12845.0,nan,12865.0,216181,13905842825.0,333887,12905.0,218,12900.0,113,nan,0,nan,0,nan,0,nan,0,nan,0,nan,0,nan,0,nan,0
1597988239688992000,1597988240000000000,2020-08-21 13:37:20.000000,12900.0,12930.0,12795.0,12845.0,nan,12865.0,216181,13905842825.0,333887,12905.0,218,12900.0,118,nan,0,nan,0,nan,0,nan,0,nan,0,nan,0,nan,0,nan,0
1597988240220506880,1597988240000001024,2020-08-21 13:37:20.000001,12900.0,12930.0,12795.0,12845.0,nan,12865.0,216181,13905842825.0,333887,12905.0,218,12900.0,120,nan,0,nan,0,nan,0,nan,0,nan,0,nan,0,nan,0,nan,0
1597988240692224000,1597988241000000000,2020-08-21 13:37:21.000000,12905.0,12930.0,12795.0,12845.0,nan,12865.0,216212,13907836900.0,333912,12905.0,217,12900.0,121,nan,0,nan,0,nan,0,nan,0,nan,0,nan,0,nan,0,nan,0
1597988241195521024,1597988241000001024,2020-08-21 13:37:21.000001,12905.0,12930.0,12795.0,12845.0,nan,12865.0,216212,13907836900.0,333912,12905.0,218,12900.0,122,nan,0,nan,0,nan,0,nan,0,nan,0,nan,0,nan,0,nan,0
1597988242188576000,1597988242000001024,2020-08-21 13:37:22.000001,12905.0,12930.0,12795.0,12845.0,nan,12865.0,216212,13907836900.0,333912,12905.0,210,12900.0,124,nan,0,nan,0,nan,0,nan,0,nan,0,nan,0,nan,0,nan,0
1597988243690104064,1597988244000000000,2020-08-21 13:37:24.000000,12905.0,12930.0,12795.0,12845.0,nan,12865.0,216212,13907836900.0,333912,12905.0,210,12900.0,118,nan,0,nan,0,nan,0,nan,0,nan,0,nan,0,nan,0,nan,0
1597988244208151040,1597988244000001024,2020-08-21 13:37:24.000001,12905.0,12930.0,12795.0,12845.0,nan,12865.0,216212,13907836900.0,333912,12905.0,211,12900.0,118,nan,0,nan,0,nan,0,nan,0,nan,0,nan,0,nan,0,nan,0
1597988245696025088,1597988246000000000,2020-08-21 13:37:26.000000,12905.0,12930.0,12795.0,12845.0,nan,12865.0,216213,13907901225.0,333913,12905.0,210,12900.0,120,nan,0,nan,0,nan,0,nan,0,nan,0,nan,0,nan,0,nan,0
1597988246257959936,1597988246000001024,2020-08-21 13:37:26.000001,12905.0,12930.0,12795.0,12845.0,nan,12865.0,216213,13907901225.0,333913,12905.0,222,12900.0,120,nan,0,nan,0,nan,0,nan,0,nan,0,nan,0,nan,0,nan,0
1597988246719734016,1597988247000000000,2020-08-21 13:37:27.000000,12905.0,12930.0,12795.0,12845.0,nan,12865.0,216213,13907901225.0,333913,12905.0,222,12900.0,121,nan,0,nan,0,nan,0,nan,0,nan,0,nan,0,nan,0,nan,0
1597988247220425984,1597988247000001024,2020-08-21 13:37:27.000001,12905.0,12930.0,12795.0,12845.0,nan,12865.0,216214,13907965550.0,333914,12905.0,226,12900.0,121,nan,0,nan,0,nan,0,nan,0,nan,0,nan,0,nan,0,nan,0
1597988247698221056,1597988248000000000,2020-08-21 13:37:28.000000,12905.0,12930.0,12795.0,12845.0,nan,12865.0,216232,13909123400.0,333914,12905.0,237,12900.0,126,nan,0,nan,0,nan,0,nan,0,nan,0,nan,0,nan,0,nan,0
1597988248220759040,1597988248000001024,2020-08-21 13:37:28.000001,12905.0,12930.0,12795.0,12845.0,nan,12865.0,216237,13909445025.0,333919,12905.0,233,12900.0,129,nan,0,nan,0,nan,0,nan,0,nan,0,nan,0,nan,0,nan,0
1597988248694167040,1597988249000000000,2020-08-21 13:37:29.000000,12900.0,12930.0,12795.0,12845.0,nan,12865.0,216238,13909509350.0,333919,12905.0,233,12900.0,128,nan,0,nan,0,nan,0,nan,0,nan,0,nan,0,nan,0,nan,0
1597988249700915968,1597988250000000000,2020-08-21 13:37:30.000000,12900.0,12930.0,12795.0,12845.0,nan,12865.0,216238,13909509350.0,333919,12905.0,234,12900.0,129,nan,0,nan,0,nan,0,nan,0,nan,0,nan,0,nan,0,nan,0
1597988250696776960,1597988251000000000,2020-08-21 13:37:31.000000,12905.0,12930.0,12795.0,12845.0,nan,12865.0,216239,13909573675.0,333920,12905.0,233,12900.0,129,nan,0,nan,0,nan,0,nan,0,nan,0,nan,0,nan,0,nan,0
1597988251702547968,1597988252000000000,2020-08-21 13:37:32.000000,12905.0,12930.0,12795.0,12845.0,nan,12865.0,216239,13909573675.0,333920,12905.0,233,12900.0,126,nan,0,nan,0,nan,0,nan,0,nan,0,nan,0,nan,0,nan,0
1597988253726039040,1597988254000000000,2020-08-21 13:37:34.000000,12905.0,12930.0,12795.0,12845.0,nan,12865.0,216247,13910088275.0,333928,12905.0,217,12900.0,126,nan,0,nan,0,nan,0,nan,0,nan,0,nan,0,nan,0,nan,0
1597988254200896000,1597988254000001024,2020-08-21 13:37:34.000001,12900.0,12930.0,12795.0,12845.0,nan,12865.0,216267,13911374775.0,333942,12905.0,213,12900.0,122,nan,0,nan,0,nan,0,nan,0,nan,0,nan,0,nan,0,nan,0
1597988254710675968,1597988255000000000,2020-08-21 13:37:35.000000,12905.0,12930.0,12795.0,12845.0,nan,12865.0,216277,13912018025.0,333948,12905.0,203,12900.0,124,nan,0,nan,0,nan,0,nan,0,nan,0,nan,0,nan,0,nan,0
1597988255701207040,1597988256000000000,2020-08-21 13:37:36.000000,12905.0,12930.0,12795.0,12845.0,nan,12865.0,216277,13912018025.0,333948,12905.0,205,12900.0,131,nan,0,nan,0,nan,0,nan,0,nan,0,nan,0,nan,0,nan,0
1597988256223983104,1597988256000001024,2020-08-21 13:37:36.000001,12905.0,12930.0,12795.0,12845.0,nan,12865.0,216284,13912468300.0,333952,12905.0,199,12900.0,131,nan,0,nan,0,nan,0,nan,0,nan,0,nan,0,nan,0,nan,0
1597988256702053120,1597988257000000000,2020-08-21 13:37:37.000000,12900.0,12930.0,12795.0,12845.0,nan,12865.0,216289,13912789925.0,333951,12905.0,199,12900.0,126,nan,0,nan,0,nan,0,nan,0,nan,0,nan,0,nan,0,nan,0
1597988257205053952,1597988257000001024,2020-08-21 13:37:37.000001,12900.0,12930.0,12795.0,12845.0,nan,12865.0,216289,13912789925.0,333951,12905.0,204,12900.0,143,nan,0,nan,0,nan,0,nan,0,nan,0,nan,0,nan,0,nan,0
1597988257727216128,1597988258000000000,2020-08-21 13:37:38.000000,12905.0,12930.0,12795.0,12845.0,nan,12865.0,216290,13912854250.0,333951,12905.0,203,12900.0,144,nan,0,nan,0,nan,0,nan,0,nan,0,nan,0,nan,0,nan,0
1597988258224030976,1597988258000001024,2020-08-21 13:37:38.000001,12905.0,12930.0,12795.0,12845.0,nan,12865.0,216290,13912854250.0,333951,12905.0,203,12900.0,176,nan,0,nan,0,nan,0,nan,0,nan,0,nan,0,nan,0,nan,0
1597988258705794048,1597988259000000000,2020-08-21 13:37:39.000000,12900.0,12930.0,12795.0,12845.0,nan,12865.0,216291,13912918575.0,333951,12905.0,203,12900.0,179,nan,0,nan,0,nan,0,nan,0,nan,0,nan,0,nan,0,nan,0
1597988259231396096,1597988259000001024,2020-08-21 13:37:39.000001,12900.0,12930.0,12795.0,12845.0,nan,12865.0,216291,13912918575.0,333951,12905.0,203,12900.0,187,nan,0,nan,0,nan,0,nan,0,nan,0,nan,0,nan,0,nan,0
1597988259709690880,1597988260000000000,2020-08-21 13:37:40.000000,12900.0,12930.0,12795.0,12845.0,nan,12865.0,216291,13912918575.0,333951,12905.0,203,12900.0,190,nan,0,nan,0,nan,0,nan,0,nan,0,nan,0,nan,0,nan,0
1597988260202420992,1597988260000001024,2020-08-21 13:37:40.000001,12900.0,12930.0,12795.0,12845.0,nan,12865.0,216291,13912918575.0,333951,12905.0,203,12900.0,196,nan,0,nan,0,nan,0,nan,0,nan,0,nan,0,nan,0,nan,0
1597988260704134912,1597988261000000000,2020-08-21 13:37:41.000000,12900.0,12930.0,12795.0,12845.0,nan,12865.0,216291,13912918575.0,333951,12905.0,205,12900.0,202,nan,0,nan,0,nan,0,nan,0,nan,0,nan,0,nan,0,nan,0
1597988261696765952,1597988262000000000,2020-08-21 13:37:42.000000,12900.0,12930.0,12795.0,12845.0,nan,12865.0,216291,13912918575.0,333951,12905.0,204,12900.0,204,nan,0,nan,0,nan,0,nan,0,nan,0,nan,0,nan,0,nan,0
1597988262259511040,1597988262000001024,2020-08-21 13:37:42.000001,12900.0,12930.0,12795.0,12845.0,nan,12865.0,216291,13912918575.0,333951,12905.0,204,12900.0,206,nan,0,nan,0,nan,0,nan,0,nan,0,nan,0,nan,0,nan,0
1597988264701761024,1597988265000000000,2020-08-21 13:37:45.000000,12905.0,12930.0,12795.0,12845.0,nan,12865.0,216292,13912982900.0,333951,12905.0,203,12900.0,206,nan,0,nan,0,nan,0,nan,0,nan,0,nan,0,nan,0,nan,0
1597988265208314880,1597988265000001024,2020-08-21 13:37:45.000001,12905.0,12930.0,12795.0,12845.0,nan,12865.0,216292,13912982900.0,333951,12905.0,208,12900.0,206,nan,0,nan,0,nan,0,nan,0,nan,0,nan,0,nan,0,nan,0
1597988265701195008,1597988266000000000,2020-08-21 13:37:46.000000,12905.0,12930.0,12795.0,12845.0,nan,12865.0,216293,13913047225.0,333951,12905.0,207,12900.0,206,nan,0,nan,0,nan,0,nan,0,nan,0,nan,0,nan,0,nan,0
1597988266716961024,1597988267000000000,2020-08-21 13:37:47.000000,12905.0,12930.0,12795.0,12845.0,nan,12865.0,216293,13913047225.0,333951,12905.0,207,12900.0,208,nan,0,nan,0,nan,0,nan,0,nan,0,nan,0,nan,0,nan,0
1597988267229893888,1597988267000001024,2020-08-21 13:37:47.000001,12905.0,12930.0,12795.0,12845.0,nan,12865.0,216293,13913047225.0,333951,12905.0,208,12900.0,208,nan,0,nan,0,nan,0,nan,0,nan,0,nan,0,nan,0,nan,0
1597988267705367040,1597988268000000000,2020-08-21 13:37:48.000000,12905.0,12930.0,12795.0,12845.0,nan,12865.0,216293,13913047225.0,333951,12905.0,208,12900.0,215,nan,0,nan,0,nan,0,nan,0,nan,0,nan,0,nan,0,nan,0
1597988268224123904,1597988268000001024,2020-08-21 13:37:48.000001,12900.0,12930.0,12795.0,12845.0,nan,12865.0,216296,13913240200.0,333951,12905.0,207,12900.0,212,nan,0,nan,0,nan,0,nan,0,nan,0,nan,0,nan,0,nan,0
1597988270228722944,1597988270000001024,2020-08-21 13:37:50.000001,12900.0,12930.0,12795.0,12845.0,nan,12865.0,216296,13913240200.0,333951,12905.0,207,12900.0,213,nan,0,nan,0,nan,0,nan,0,nan,0,nan,0,nan,0,nan,0
1597988270706661120,1597988271000000000,2020-08-21 13:37:51.000000,12900.0,12930.0,12795.0,12845.0,nan,12865.0,216296,13913240200.0,333951,12905.0,212,12900.0,219,nan,0,nan,0,nan,0,nan,0,nan,0,nan,0,nan,0,nan,0
1597988271227922944,1597988271000001024,2020-08-21 13:37:51.000001,12900.0,12930.0,12795.0,12845.0,nan,12865.0,216296,13913240200.0,333951,12905.0,214,12900.0,219,nan,0,nan,0,nan,0,nan,0,nan,0,nan,0,nan,0,nan,0
1597988272204101888,1597988272000001024,2020-08-21 13:37:52.000001,12900.0,12930.0,12795.0,12845.0,nan,12865.0,216296,13913240200.0,333951,12905.0,214,12900.0,220,nan,0,nan,0,nan,0,nan,0,nan,0,nan,0,nan,0,nan,0
1597988272717186048,1597988273000000000,2020-08-21 13:37:53.000000,12900.0,12930.0,12795.0,12845.0,nan,12865.0,216296,13913240200.0,333951,12905.0,218,12900.0,220,nan,0,nan,0,nan,0,nan,0,nan,0,nan,0,nan,0,nan,0
1597988273220517120,1597988273000001024,2020-08-21 13:37:53.000001,12900.0,12930.0,12795.0,12845.0,nan,12865.0,216296,13913240200.0,333951,12905.0,219,12900.0,220,nan,0,nan,0,nan,0,nan,0,nan,0,nan,0,nan,0,nan,0
1597988275211745024,1597988275000001024,2020-08-21 13:37:55.000001,12900.0,12930.0,12795.0,12845.0,nan,12865.0,216296,13913240200.0,333951,12905.0,219,12900.0,217,nan,0,nan,0,nan,0,nan,0,nan,0,nan,0,nan,0,nan,0
1597988275752696064,1597988276000000000,2020-08-21 13:37:56.000000,12905.0,12930.0,12795.0,12845.0,nan,12865.0,216299,13913433175.0,333951,12905.0,216,12900.0,205,nan,0,nan,0,nan,0,nan,0,nan,0,nan,0,nan,0,nan,0
1597988276254183936,1597988276000001024,2020-08-21 13:37:56.000001,12905.0,12930.0,12795.0,12845.0,nan,12865.0,216307,13913947775.0,333951,12905.0,213,12900.0,205,nan,0,nan,0,nan,0,nan,0,nan,0,nan,0,nan,0,nan,0
1597988276809532928,1597988277000000000,2020-08-21 13:37:57.000000,12900.0,12930.0,12795.0,12845.0,nan,12865.0,216308,13914012100.0,333952,12905.0,216,12900.0,195,nan,0,nan,0,nan,0,nan,0,nan,0,nan,0,nan,0,nan,0
1597988277260951040,1597988277000001024,2020-08-21 13:37:57.000001,12905.0,12930.0,12795.0,12845.0,nan,12865.0,216328,13915298600.0,333963,12905.0,197,12900.0,195,nan,0,nan,0,nan,0,nan,0,nan,0,nan,0,nan,0,nan,0
1597988277747347968,1597988278000000000,2020-08-21 13:37:58.000000,12905.0,12930.0,12795.0,12845.0,nan,12865.0,216333,13915620225.0,333964,12905.0,192,12900.0,195,nan,0,nan,0,nan,0,nan,0,nan,0,nan,0,nan,0,nan,0
1597988278209145088,1597988278000001024,2020-08-21 13:37:58.000001,12905.0,12930.0,12795.0,12845.0,nan,12865.0,216338,13915941850.0,333960,12905.0,187,12900.0,195,nan,0,nan,0,nan,0,nan,0,nan,0,nan,0,nan,0,nan,0
1597988278713921024,1597988279000000000,2020-08-21 13:37:59.000000,12905.0,12930.0,12795.0,12845.0,nan,12865.0,216339,13916006175.0,333960,12905.0,186,12900.0,199,nan,0,nan,0,nan,0,nan,0,nan,0,nan,0,nan,0,nan,0
1597988279221616896,1597988279000001024,2020-08-21 13:37:59.000001,12905.0,12930.0,12795.0,12845.0,nan,12865.0,216339,13916006175.0,333960,12905.0,186,12900.0,198,nan,0,nan,0,nan,0,nan,0,nan,0,nan,0,nan,0,nan,0
1597988279710516992,1597988280000000000,2020-08-21 13:38:00.000000,12905.0,12930.0,12795.0,12845.0,nan,12865.0,216339,13916006175.0,333960,12905.0,190,12900.0,200,nan,0,nan,0,nan,0,nan,0,nan,0,nan,0,nan,0,nan,0
1597988282228978944,1597988282000001024,2020-08-21 13:38:02.000001,12905.0,12930.0,12795.0,12845.0,nan,12865.0,216339,13916006175.0,333960,12905.0,195,12900.0,201,nan,0,nan,0,nan,0,nan,0,nan,0,nan,0,nan,0,nan,0
1597988282704890112,1597988283000000000,2020-08-21 13:38:03.000000,12905.0,12930.0,12795.0,12845.0,nan,12865.0,216339,13916006175.0,333960,12905.0,196,12900.0,202,nan,0,nan,0,nan,0,nan,0,nan,0,nan,0,nan,0,nan,0
1597988283710830080,1597988284000000000,2020-08-21 13:38:04.000000,12905.0,12930.0,12795.0,12845.0,nan,12865.0,216339,13916006175.0,333960,12905.0,196,12900.0,203,nan,0,nan,0,nan,0,nan,0,nan,0,nan,0,nan,0,nan,0
1597988284210182912,1597988284000001024,2020-08-21 13:38:04.000001,12905.0,12930.0,12795.0,12845.0,nan,12865.0,216339,13916006175.0,333960,12905.0,196,12900.0,204,nan,0,nan,0,nan,0,nan,0,nan,0,nan,0,nan,0,nan,0
1597988284709968896,1597988285000000000,2020-08-21 13:38:05.000000,12900.0,12930.0,12795.0,12845.0,nan,12865.0,216340,13916070500.0,333960,12905.0,196,12900.0,203,nan,0,nan,0,nan,0,nan,0,nan,0,nan,0,nan,0,nan,0
1597988285221383936,1597988285000001024,2020-08-21 13:38:05.000001,12900.0,12930.0,12795.0,12845.0,nan,12865.0,216341,13916134825.0,333960,12905.0,198,12900.0,202,nan,0,nan,0,nan,0,nan,0,nan,0,nan,0,nan,0,nan,0
1597988285709643008,1597988286000000000,2020-08-21 13:38:06.000000,12900.0,12930.0,12795.0,12845.0,nan,12865.0,216341,13916134825.0,333960,12905.0,199,12900.0,206,nan,0,nan,0,nan,0,nan,0,nan,0,nan,0,nan,0,nan,0
1597988287213665024,1597988287000001024,2020-08-21 13:38:07.000001,12905.0,12930.0,12795.0,12845.0,nan,12865.0,216342,13916199150.0,333960,12905.0,199,12900.0,217,nan,0,nan,0,nan,0,nan,0,nan,0,nan,0,nan,0,nan,0
1597988287714392064,1597988288000000000,2020-08-21 13:38:08.000000,12905.0,12930.0,12795.0,12845.0,nan,12865.0,216342,13916199150.0,333960,12905.0,199,12900.0,219,nan,0,nan,0,nan,0,nan,0,nan,0,nan,0,nan,0,nan,0
1597988288248302080,1597988288000001024,2020-08-21 13:38:08.000001,12905.0,12930.0,12795.0,12845.0,nan,12865.0,216342,13916199150.0,333960,12905.0,200,12900.0,230,nan,0,nan,0,nan,0,nan,0,nan,0,nan,0,nan,0,nan,0
1597988288714806016,1597988289000000000,2020-08-21 13:38:09.000000,12905.0,12930.0,12795.0,12845.0,nan,12865.0,216342,13916199150.0,333960,12905.0,200,12900.0,239,nan,0,nan,0,nan,0,nan,0,nan,0,nan,0,nan,0,nan,0
1597988289215256064,1597988289000001024,2020-08-21 13:38:09.000001,12905.0,12930.0,12795.0,12845.0,nan,12865.0,216343,13916263475.0,333960,12905.0,200,12900.0,239,nan,0,nan,0,nan,0,nan,0,nan,0,nan,0,nan,0,nan,0
1597988289709795072,1597988290000000000,2020-08-21 13:38:10.000000,12905.0,12930.0,12795.0,12845.0,nan,12865.0,216343,13916263475.0,333960,12905.0,215,12900.0,239,nan,0,nan,0,nan,0,nan,0,nan,0,nan,0,nan,0,nan,0
1597988290216229888,1597988290000001024,2020-08-21 13:38:10.000001,12905.0,12930.0,12795.0,12845.0,nan,12865.0,216343,13916263475.0,333960,12905.0,216,12900.0,239,nan,0,nan,0,nan,0,nan,0,nan,0,nan,0,nan,0,nan,0
1597988290711279104,1597988291000000000,2020-08-21 13:38:11.000000,12905.0,12930.0,12795.0,12845.0,nan,12865.0,216343,13916263475.0,333960,12905.0,224,12900.0,255,nan,0,nan,0,nan,0,nan,0,nan,0,nan,0,nan,0,nan,0
1597988291239613952,1597988291000001024,2020-08-21 13:38:11.000001,12905.0,12930.0,12795.0,12845.0,nan,12865.0,216343,13916263475.0,333960,12905.0,207,12900.0,259,nan,0,nan,0,nan,0,nan,0,nan,0,nan,0,nan,0,nan,0
1597988291715952896,1597988291000001792,2020-08-21 13:38:11.000002,12905.0,12930.0,12795.0,12845.0,nan,12865.0,216343,13916263475.0,333960,12905.0,207,12900.0,260,nan,0,nan,0,nan,0,nan,0,nan,0,nan,0,nan,0,nan,0
1597988293215141120,1597988293000001024,2020-08-21 13:38:13.000001,12905.0,12930.0,12795.0,12845.0,nan,12865.0,216344,13916327800.0,333960,12905.0,206,12900.0,260,nan,0,nan,0,nan,0,nan,0,nan,0,nan,0,nan,0,nan,0
1597988294227987968,1597988294000001024,2020-08-21 13:38:14.000001,12905.0,12930.0,12795.0,12845.0,nan,12865.0,216344,13916327800.0,333960,12905.0,207,12900.0,266,nan,0,nan,0,nan,0,nan,0,nan,0,nan,0,nan,0,nan,0
1597988295247354880,1597988295000001024,2020-08-21 13:38:15.000001,12905.0,12930.0,12795.0,12845.0,nan,12865.0,216346,13916456450.0,333962,12905.0,220,12900.0,266,nan,0,nan,0,nan,0,nan,0,nan,0,nan,0,nan,0,nan,0
1597988295719758080,1597988296000000000,2020-08-21 13:38:16.000000,12900.0,12930.0,12795.0,12845.0,nan,12865.0,216372,13918128900.0,333986,12905.0,220,12900.0,241,nan,0,nan,0,nan,0,nan,0,nan,0,nan,0,nan,0,nan,0
1597988296215537920,1597988296000001024,2020-08-21 13:38:16.000001,12905.0,12930.0,12795.0,12845.0,nan,12865.0,216374,13918257550.0,333988,12905.0,222,12900.0,243,nan,0,nan,0,nan,0,nan,0,nan,0,nan,0,nan,0,nan,0
1597988296727800064,1597988297000000000,2020-08-21 13:38:17.000000,12905.0,12930.0,12795.0,12845.0,nan,12865.0,216374,13918257550.0,333988,12905.0,210,12900.0,243,nan,0,nan,0,nan,0,nan,0,nan,0,nan,0,nan,0,nan,0
1597988297223938048,1597988297000001024,2020-08-21 13:38:17.000001,12905.0,12930.0,12795.0,12845.0,nan,12865.0,216374,13918257550.0,333988,12905.0,223,12900.0,244,nan,0,nan,0,nan,0,nan,0,nan,0,nan,0,nan,0,nan,0
1597988297719142912,1597988298000000000,2020-08-21 13:38:18.000000,12905.0,12930.0,12795.0,12845.0,nan,12865.0,216374,13918257550.0,333988,12905.0,223,12900.0,245,nan,0,nan,0,nan,0,nan,0,nan,0,nan,0,nan,0,nan,0
1597988298242876928,1597988298000001024,2020-08-21 13:38:18.000001,12905.0,12930.0,12795.0,12845.0,nan,12865.0,216374,13918257550.0,333988,12905.0,209,12900.0,245,nan,0,nan,0,nan,0,nan,0,nan,0,nan,0,nan,0,nan,0
1597988299218714112,1597988299000001024,2020-08-21 13:38:19.000001,12905.0,12930.0,12795.0,12845.0,nan,12865.0,216379,13918579175.0,333993,12905.0,204,12900.0,245,nan,0,nan,0,nan,0,nan,0,nan,0,nan,0,nan,0,nan,0
1597988299749171968,1597988300000000000,2020-08-21 13:38:20.000000,12905.0,12930.0,12795.0,12845.0,nan,12865.0,216379,13918579175.0,333993,12905.0,208,12900.0,249,nan,0,nan,0,nan,0,nan,0,nan,0,nan,0,nan,0,nan,0
1597988300748429056,1597988301000000000,2020-08-21 13:38:21.000000,12905.0,12930.0,12795.0,12845.0,nan,12865.0,216380,13918643500.0,333994,12905.0,207,12900.0,249,nan,0,nan,0,nan,0,nan,0,nan,0,nan,0,nan,0,nan,0
1597988301459841024,1597988301000001024,2020-08-21 13:38:21.000001,12905.0,12930.0,12795.0,12845.0,nan,12865.0,216381,13918707825.0,333995,12905.0,206,12900.0,249,nan,0,nan,0,nan,0,nan,0,nan,0,nan,0,nan,0,nan,0
1597988301835001088,1597988302000000000,2020-08-21 13:38:22.000000,12905.0,12930.0,12795.0,12845.0,nan,12865.0,216396,13919672700.0,334000,12905.0,191,12900.0,250,nan,0,nan,0,nan,0,nan,0,nan,0,nan,0,nan,0,nan,0
1597988302214551040,1597988302000001024,2020-08-21 13:38:22.000001,12900.0,12930.0,12795.0,12845.0,nan,12865.0,216398,13919801350.0,334000,12905.0,191,12900.0,248,nan,0,nan,0,nan,0,nan,0,nan,0,nan,0,nan,0,nan,0
1597988302730689024,1597988303000000000,2020-08-21 13:38:23.000000,12900.0,12930.0,12795.0,12845.0,nan,12865.0,216402,13920058650.0,334001,12905.0,189,12900.0,243,nan,0,nan,0,nan,0,nan,0,nan,0,nan,0,nan,0,nan,0
1597988303222973952,1597988303000001024,2020-08-21 13:38:23.000001,12905.0,12930.0,12795.0,12845.0,nan,12865.0,216410,13920573250.0,334001,12905.0,184,12900.0,238,nan,0,nan,0,nan,0,nan,0,nan,0,nan,0,nan,0,nan,0
1597988303796133888,1597988304000000000,2020-08-21 13:38:24.000000,12905.0,12930.0,12795.0,12845.0,nan,12865.0,216410,13920573250.0,334001,12905.0,184,12900.0,236,nan,0,nan,0,nan,0,nan,0,nan,0,nan,0,nan,0,nan,0
1597988304256994048,1597988304000001024,2020-08-21 13:38:24.000001,12905.0,12930.0,12795.0,12845.0,nan,12865.0,216412,13920701900.0,334002,12905.0,183,12900.0,233,nan,0,nan,0,nan,0,nan,0,nan,0,nan,0,nan,0,nan,0
1597988304716435968,1597988305000000000,2020-08-21 13:38:25.000000,12905.0,12930.0,12795.0,12845.0,nan,12865.0,216414,13920830550.0,334004,12905.0,181,12900.0,232,nan,0,nan,0,nan,0,nan,0,nan,0,nan,0,nan,0,nan,0
1597988305216231936,1597988305000001024,2020-08-21 13:38:25.000001,12905.0,12930.0,12795.0,12845.0,nan,12865.0,216416,13920959200.0,334006,12905.0,179,12900.0,230,nan,0,nan,0,nan,0,nan,0,nan,0,nan,0,nan,0,nan,0
1597988306227894016,1597988306000001024,2020-08-21 13:38:26.000001,12905.0,12930.0,12795.0,12845.0,nan,12865.0,216416,13920959200.0,334006,12905.0,180,12900.0,232,nan,0,nan,0,nan,0,nan,0,nan,0,nan,0,nan,0,nan,0
1597988306745103872,1597988307000000000,2020-08-21 13:38:27.000000,12905.0,12930.0,12795.0,12845.0,nan,12865.0,216416,13920959200.0,334006,12905.0,181,12900.0,229,nan,0,nan,0,nan,0,nan,0,nan,0,nan,0,nan,0,nan,0
1597988307228199936,1597988307000001024,2020-08-21 13:38:27.000001,12905.0,12930.0,12795.0,12845.0,nan,12865.0,216416,13920959200.0,334006,12905.0,182,12900.0,231,nan,0,nan,0,nan,0,nan,0,nan,0,nan,0,nan,0,nan,0
1597988307738181120,1597988308000000000,2020-08-21 13:38:28.000000,12905.0,12930.0,12795.0,12845.0,nan,12865.0,216416,13920959200.0,334006,12905.0,181,12900.0,231,nan,0,nan,0,nan,0,nan,0,nan,0,nan,0,nan,0,nan,0
1597988308224061952,1597988308000001024,2020-08-21 13:38:28.000001,12905.0,12930.0,12795.0,12845.0,nan,12865.0,216418,13921087850.0,334008,12905.0,179,12900.0,239,nan,0,nan,0,nan,0,nan,0,nan,0,nan,0,nan,0,nan,0
1597988308721078016,1597988309000000000,2020-08-21 13:38:29.000000,12905.0,12930.0,12795.0,12845.0,nan,12865.0,216439,13922438675.0,333987,12905.0,138,12900.0,239,nan,0,nan,0,nan,0,nan,0,nan,0,nan,0,nan,0,nan,0
1597988309249260032,1597988309000001024,2020-08-21 13:38:29.000001,12905.0,12930.0,12795.0,12845.0,nan,12865.0,216439,13922438675.0,333987,12905.0,138,12900.0,249,nan,0,nan,0,nan,0,nan,0,nan,0,nan,0,nan,0,nan,0
1597988309917462016,1597988310000000000,2020-08-21 13:38:30.000000,12905.0,12930.0,12795.0,12845.0,nan,12865.0,216450,13923146250.0,333987,12905.0,132,12900.0,245,nan,0,nan,0,nan,0,nan,0,nan,0,nan,0,nan,0,nan,0
1597988310301248000,1597988310000001024,2020-08-21 13:38:30.000001,12900.0,12930.0,12795.0,12845.0,nan,12865.0,216470,13924432750.0,334007,12905.0,132,12900.0,230,nan,0,nan,0,nan,0,nan,0,nan,0,nan,0,nan,0,nan,0
1597988310723697920,1597988311000000000,2020-08-21 13:38:31.000000,12900.0,12930.0,12795.0,12845.0,nan,12865.0,216470,13924432750.0,334007,12905.0,132,12900.0,229,nan,0,nan,0,nan,0,nan,0,nan,0,nan,0,nan,0,nan,0
1597988311226319104,1597988311000001024,2020-08-21 13:38:31.000001,12905.0,12930.0,12795.0,12845.0,nan,12865.0,216473,13924625725.0,334007,12905.0,129,12900.0,231,nan,0,nan,0,nan,0,nan,0,nan,0,nan,0,nan,0,nan,0
1597988311725047040,1597988312000000000,2020-08-21 13:38:32.000000,12900.0,12930.0,12795.0,12845.0,nan,12865.0,216475,13924754375.0,334009,12905.0,131,12900.0,251,nan,0,nan,0,nan,0,nan,0,nan,0,nan,0,nan,0,nan,0
1597988312244403968,1597988312000001024,2020-08-21 13:38:32.000001,12900.0,12930.0,12795.0,12845.0,nan,12865.0,216475,13924754375.0,334009,12905.0,131,12900.0,252,nan,0,nan,0,nan,0,nan,0,nan,0,nan,0,nan,0,nan,0
1597988312724468992,1597988313000000000,2020-08-21 13:38:33.000000,12905.0,12930.0,12795.0,12845.0,nan,12865.0,216477,13924883025.0,334007,12905.0,129,12900.0,252,nan,0,nan,0,nan,0,nan,0,nan,0,nan,0,nan,0,nan,0
1597988313723922944,1597988314000000000,2020-08-21 13:38:34.000000,12905.0,12930.0,12795.0,12845.0,nan,12865.0,216477,13924883025.0,334007,12905.0,130,12900.0,257,nan,0,nan,0,nan,0,nan,0,nan,0,nan,0,nan,0,nan,0
1597988314724482048,1597988315000000000,2020-08-21 13:38:35.000000,12900.0,12930.0,12795.0,12845.0,nan,12865.0,216482,13925204650.0,334010,12905.0,130,12900.0,253,nan,0,nan,0,nan,0,nan,0,nan,0,nan,0,nan,0,nan,0
1597988315245711104,1597988315000001024,2020-08-21 13:38:35.000001,12900.0,12930.0,12795.0,12845.0,nan,12865.0,216483,13925268975.0,334009,12905.0,130,12900.0,252,nan,0,nan,0,nan,0,nan,0,nan,0,nan,0,nan,0,nan,0
1597988316237310976,1597988316000001024,2020-08-21 13:38:36.000001,12900.0,12930.0,12795.0,12845.0,nan,12865.0,216483,13925268975.0,334009,12905.0,130,12900.0,253,nan,0,nan,0,nan,0,nan,0,nan,0,nan,0,nan,0,nan,0
1597988316726897920,1597988317000000000,2020-08-21 13:38:37.000000,12900.0,12930.0,12795.0,12845.0,nan,12865.0,216483,13925268975.0,334009,12905.0,130,12900.0,253,nan,0,nan,0,nan,0,nan,0,nan,0,nan,0,nan,0,nan,0
1597988317229221120,1597988317000001024,2020-08-21 13:38:37.000001,12905.0,12930.0,12795.0,12845.0,nan,12865.0,216484,13925333300.0,334009,12905.0,129,12900.0,253,nan,0,nan,0,nan,0,nan,0,nan,0,nan,0,nan,0,nan,0
1597988317728516096,1597988318000000000,2020-08-21 13:38:38.000000,12900.0,12930.0,12795.0,12845.0,nan,12865.0,216493,13925912225.0,334001,12905.0,125,12900.0,250,nan,0,nan,0,nan,0,nan,0,nan,0,nan,0,nan,0,nan,0
1597988318249426944,1597988318000001024,2020-08-21 13:38:38.000001,12900.0,12930.0,12795.0,12845.0,nan,12865.0,216493,13925912225.0,334001,12905.0,125,12900.0,251,nan,0,nan,0,nan,0,nan,0,nan,0,nan,0,nan,0,nan,0
1597988319264364032,1597988319000001024,2020-08-21 13:38:39.000001,12905.0,12930.0,12795.0,12845.0,nan,12865.0,216495,13926040875.0,333999,12905.0,123,12900.0,251,nan,0,nan,0,nan,0,nan,0,nan,0,nan,0,nan,0,nan,0
1597988319732979968,1597988320000000000,2020-08-21 13:38:40.000000,12905.0,12930.0,12795.0,12845.0,nan,12865.0,216495,13926040875.0,333999,12905.0,124,12900.0,251,nan,0,nan,0,nan,0,nan,0,nan,0,nan,0,nan,0,nan,0
1597988320229216000,1597988320000001024,2020-08-21 13:38:40.000001,12905.0,12930.0,12795.0,12845.0,nan,12865.0,216495,13926040875.0,333999,12905.0,125,12900.0,251,nan,0,nan,0,nan,0,nan,0,nan,0,nan,0,nan,0,nan,0
1597988320732935936,1597988321000000000,2020-08-21 13:38:41.000000,12900.0,12930.0,12795.0,12845.0,nan,12865.0,216500,13926362500.0,333997,12905.0,127,12900.0,257,nan,0,nan,0,nan,0,nan,0,nan,0,nan,0,nan,0,nan,0
1597988323220679936,1597988323000001024,2020-08-21 13:38:43.000001,12900.0,12930.0,12795.0,12845.0,nan,12865.0,216500,13926362500.0,333997,12905.0,129,12900.0,257,nan,0,nan,0,nan,0,nan,0,nan,0,nan,0,nan,0,nan,0
1597988323723316992,1597988324000000000,2020-08-21 13:38:44.000000,12900.0,12930.0,12795.0,12845.0,nan,12865.0,216500,13926362500.0,333997,12905.0,126,12900.0,257,nan,0,nan,0,nan,0,nan,0,nan,0,nan,0,nan,0,nan,0
1597988324234717952,1597988324000001024,2020-08-21 13:38:44.000001,12905.0,12930.0,12795.0,12845.0,nan,12865.0,216503,13926555475.0,333997,12905.0,123,12900.0,257,nan,0,nan,0,nan,0,nan,0,nan,0,nan,0,nan,0,nan,0
1597988325285485056,1597988325000001024,2020-08-21 13:38:45.000001,12905.0,12930.0,12795.0,12845.0,nan,12865.0,216504,13926619800.0,333997,12905.0,122,12900.0,257,nan,0,nan,0,nan,0,nan,0,nan,0,nan,0,nan,0,nan,0
1597988325873747968,1597988326000000000,2020-08-21 13:38:46.000000,12905.0,12930.0,12795.0,12845.0,nan,12865.0,216504,13926619800.0,333997,12905.0,122,12900.0,259,nan,0,nan,0,nan,0,nan,0,nan,0,nan,0,nan,0,nan,0
1597988329731902976,1597988330000000000,2020-08-21 13:38:50.000000,12905.0,12930.0,12795.0,12845.0,nan,12865.0,216504,13926619800.0,333997,12905.0,122,12900.0,263,nan,0,nan,0,nan,0,nan,0,nan,0,nan,0,nan,0,nan,0
1597988330260609024,1597988330000001024,2020-08-21 13:38:50.000001,12905.0,12930.0,12795.0,12845.0,nan,12865.0,216504,13926619800.0,333997,12905.0,122,12900.0,264,nan,0,nan,0,nan,0,nan,0,nan,0,nan,0,nan,0,nan,0
1597988331739496960,1597988332000000000,2020-08-21 13:38:52.000000,12905.0,12930.0,12795.0,12845.0,nan,12865.0,216505,13926684125.0,333997,12905.0,121,12900.0,264,nan,0,nan,0,nan,0,nan,0,nan,0,nan,0,nan,0,nan,0
1597988332250050048,1597988332000001024,2020-08-21 13:38:52.000001,12905.0,12930.0,12795.0,12845.0,nan,12865.0,216511,13927070075.0,334000,12905.0,115,12900.0,257,nan,0,nan,0,nan,0,nan,0,nan,0,nan,0,nan,0,nan,0
1597988332729331968,1597988333000000000,2020-08-21 13:38:53.000000,12905.0,12930.0,12795.0,12845.0,nan,12865.0,216520,13927649000.0,334004,12905.0,106,12900.0,249,nan,0,nan,0,nan,0,nan,0,nan,0,nan,0,nan,0,nan,0
1597988333245457920,1597988333000001024,2020-08-21 13:38:53.000001,12905.0,12930.0,12795.0,12845.0,nan,12865.0,216521,13927713325.0,334005,12905.0,108,12900.0,249,nan,0,nan,0,nan,0,nan,0,nan,0,nan,0,nan,0,nan,0
1597988333788284928,1597988334000000000,2020-08-21 13:38:54.000000,12905.0,12930.0,12795.0,12845.0,nan,12865.0,216522,13927777650.0,334006,12905.0,107,12900.0,251,nan,0,nan,0,nan,0,nan,0,nan,0,nan,0,nan,0,nan,0
1597988334263427072,1597988334000001024,2020-08-21 13:38:54.000001,12905.0,12930.0,12795.0,12845.0,nan,12865.0,216523,13927841975.0,334007,12905.0,108,12900.0,251,nan,0,nan,0,nan,0,nan,0,nan,0,nan,0,nan,0,nan,0
1597988334743709952,1597988335000000000,2020-08-21 13:38:55.000000,12900.0,12930.0,12795.0,12845.0,nan,12865.0,216623,13934274475.0,334066,12905.0,108,12900.0,251,nan,0,nan,0,nan,0,nan,0,nan,0,nan,0,nan,0,nan,0
1597988335234345984,1597988335000001024,2020-08-21 13:38:55.000001,12900.0,12930.0,12795.0,12845.0,nan,12865.0,216733,13941350225.0,334070,12905.0,100,12900.0,251,nan,0,nan,0,nan,0,nan,0,nan,0,nan,0,nan,0,nan,0
1597988335733273088,1597988336000000000,2020-08-21 13:38:56.000000,12900.0,12930.0,12795.0,12845.0,nan,12865.0,216833,13947782725.0,334126,12905.0,102,12900.0,254,nan,0,nan,0,nan,0,nan,0,nan,0,nan,0,nan,0,nan,0
1597988336274112000,1597988336000001024,2020-08-21 13:38:56.000001,12900.0,12930.0,12795.0,12845.0,nan,12865.0,216933,13954215225.0,334226,12905.0,180,12900.0,255,nan,0,nan,0,nan,0,nan,0,nan,0,nan,0,nan,0,nan,0
1597988336755685888,1597988337000000000,2020-08-21 13:38:57.000000,12900.0,12930.0,12795.0,12845.0,nan,12865.0,217051,13961805575.0,334316,12905.0,188,12900.0,203,nan,0,nan,0,nan,0,nan,0,nan,0,nan,0,nan,0,nan,0
1597988337261588992,1597988337000001024,2020-08-21 13:38:57.000001,12900.0,12930.0,12795.0,12845.0,nan,12865.0,217154,13968431050.0,334416,12905.0,188,12900.0,199,nan,0,nan,0,nan,0,nan,0,nan,0,nan,0,nan,0,nan,0
1597988337860099072,1597988338000000000,2020-08-21 13:38:58.000000,12900.0,12930.0,12795.0,12845.0,nan,12865.0,217254,13974863550.0,334516,12905.0,188,12900.0,199,nan,0,nan,0,nan,0,nan,0,nan,0,nan,0,nan,0,nan,0
1597988338235283968,1597988338000001024,2020-08-21 13:38:58.000001,12900.0,12930.0,12795.0,12845.0,nan,12865.0,217354,13981296050.0,334616,12905.0,196,12900.0,196,nan,0,nan,0,nan,0,nan,0,nan,0,nan,0,nan,0,nan,0
1597988338743246080,1597988339000000000,2020-08-21 13:38:59.000000,12900.0,12930.0,12795.0,12845.0,nan,12865.0,217467,13988564775.0,334694,12905.0,270,12900.0,84,nan,0,nan,0,nan,0,nan,0,nan,0,nan,0,nan,0,nan,0
1597988339325966080,1597988339000001024,2020-08-21 13:38:59.000001,12900.0,12930.0,12795.0,12845.0,nan,12865.0,217651,14000400575.0,334857,12900.0,165,12895.0,201,nan,0,nan,0,nan,0,nan,0,nan,0,nan,0,nan,0,nan,0
1597988339737916928,1597988340000000000,2020-08-21 13:39:00.000000,12900.0,12930.0,12795.0,12845.0,nan,12865.0,217654,14000593550.0,334857,12900.0,126,12895.0,174,nan,0,nan,0,nan,0,nan,0,nan,0,nan,0,nan,0,nan,0
1597988340281134080,1597988340000001024,2020-08-21 13:39:00.000001,12900.0,12930.0,12795.0,12845.0,nan,12865.0,217654,14000593550.0,334857,12900.0,128,12895.0,189,nan,0,nan,0,nan,0,nan,0,nan,0,nan,0,nan,0,nan,0
1597988340743944960,1597988341000000000,2020-08-21 13:39:01.000000,12895.0,12930.0,12795.0,12845.0,nan,12865.0,217656,14000722200.0,334857,12900.0,128,12895.0,188,nan,0,nan,0,nan,0,nan,0,nan,0,nan,0,nan,0,nan,0
1597988341246670080,1597988341000001024,2020-08-21 13:39:01.000001,12900.0,12930.0,12795.0,12845.0,nan,12865.0,217657,14000786525.0,334856,12900.0,127,12895.0,188,nan,0,nan,0,nan,0,nan,0,nan,0,nan,0,nan,0,nan,0
1597988342758223104,1597988343000000000,2020-08-21 13:39:03.000000,12900.0,12930.0,12795.0,12845.0,nan,12865.0,217657,14000786525.0,334856,12900.0,128,12895.0,188,nan,0,nan,0,nan,0,nan,0,nan,0,nan,0,nan,0,nan,0
1597988343267723008,1597988343000001024,2020-08-21 13:39:03.000001,12900.0,12930.0,12795.0,12845.0,nan,12865.0,217657,14000786525.0,334856,12900.0,132,12895.0,188,nan,0,nan,0,nan,0,nan,0,nan,0,nan,0,nan,0,nan,0
1597988343737261056,1597988344000000000,2020-08-21 13:39:04.000000,12900.0,12930.0,12795.0,12845.0,nan,12865.0,217658,14000850850.0,334856,12900.0,129,12895.0,188,nan,0,nan,0,nan,0,nan,0,nan,0,nan,0,nan,0,nan,0
1597988344238080000,1597988344000001024,2020-08-21 13:39:04.000001,12900.0,12930.0,12795.0,12845.0,nan,12865.0,217658,14000850850.0,334856,12900.0,131,12895.0,188,nan,0,nan,0,nan,0,nan,0,nan,0,nan,0,nan,0,nan,0
1597988344741812992,1597988345000000000,2020-08-21 13:39:05.000000,12900.0,12930.0,12795.0,12845.0,nan,12865.0,217658,14000850850.0,334856,12900.0,131,12895.0,189,nan,0,nan,0,nan,0,nan,0,nan,0,nan,0,nan,0,nan,0
1597988345265487104,1597988345000001024,2020-08-21 13:39:05.000001,12900.0,12930.0,12795.0,12845.0,nan,12865.0,217658,14000850850.0,334856,12900.0,132,12895.0,197,nan,0,nan,0,nan,0,nan,0,nan,0,nan,0,nan,0,nan,0
1597988345745426944,1597988346000000000,2020-08-21 13:39:06.000000,12900.0,12930.0,12795.0,12845.0,nan,12865.0,217658,14000850850.0,334856,12900.0,131,12895.0,206,nan,0,nan,0,nan,0,nan,0,nan,0,nan,0,nan,0,nan,0
1597988346268705024,1597988346000001024,2020-08-21 13:39:06.000001,12900.0,12930.0,12795.0,12845.0,nan,12865.0,217658,14000850850.0,334856,12900.0,131,12895.0,207,nan,0,nan,0,nan,0,nan,0,nan,0,nan,0,nan,0,nan,0
1597988346753210112,1597988347000000000,2020-08-21 13:39:07.000000,12900.0,12930.0,12795.0,12845.0,nan,12865.0,217659,14000915175.0,334856,12900.0,130,12895.0,208,nan,0,nan,0,nan,0,nan,0,nan,0,nan,0,nan,0,nan,0
1597988347239006976,1597988347000001024,2020-08-21 13:39:07.000001,12900.0,12930.0,12795.0,12845.0,nan,12865.0,217661,14001043825.0,334856,12900.0,137,12895.0,209,nan,0,nan,0,nan,0,nan,0,nan,0,nan,0,nan,0,nan,0
1597988347737910016,1597988348000000000,2020-08-21 13:39:08.000000,12900.0,12930.0,12795.0,12845.0,nan,12865.0,217683,14002458975.0,334851,12900.0,115,12895.0,209,nan,0,nan,0,nan,0,nan,0,nan,0,nan,0,nan,0,nan,0
1597988348260326912,1597988348000001024,2020-08-21 13:39:08.000001,12900.0,12930.0,12795.0,12845.0,nan,12865.0,217683,14002458975.0,334851,12900.0,115,12895.0,219,nan,0,nan,0,nan,0,nan,0,nan,0,nan,0,nan,0,nan,0
1597988348735635968,1597988349000000000,2020-08-21 13:39:09.000000,12900.0,12930.0,12795.0,12845.0,nan,12865.0,217683,14002458975.0,334851,12900.0,115,12895.0,221,nan,0,nan,0,nan,0,nan,0,nan,0,nan,0,nan,0,nan,0
1597988349261292032,1597988349000001024,2020-08-21 13:39:09.000001,12900.0,12930.0,12795.0,12845.0,nan,12865.0,217685,14002587625.0,334852,12900.0,114,12895.0,219,nan,0,nan,0,nan,0,nan,0,nan,0,nan,0,nan,0,nan,0
1597988349734470912,1597988350000000000,2020-08-21 13:39:10.000000,12895.0,12930.0,12795.0,12845.0,nan,12865.0,217687,14002716275.0,334853,12900.0,113,12895.0,219,nan,0,nan,0,nan,0,nan,0,nan,0,nan,0,nan,0,nan,0
1597988350259181056,1597988350000001024,2020-08-21 13:39:10.000001,12895.0,12930.0,12795.0,12845.0,nan,12865.0,217687,14002716275.0,334853,12900.0,113,12895.0,225,nan,0,nan,0,nan,0,nan,0,nan,0,nan,0,nan,0,nan,0
1597988350832749056,1597988351000000000,2020-08-21 13:39:11.000000,12900.0,12930.0,12795.0,12845.0,nan,12865.0,217688,14002780600.0,334854,12900.0,116,12895.0,225,nan,0,nan,0,nan,0,nan,0,nan,0,nan,0,nan,0,nan,0
1597988351253843968,1597988351000001024,2020-08-21 13:39:11.000001,12900.0,12930.0,12795.0,12845.0,nan,12865.0,217688,14002780600.0,334854,12900.0,116,12895.0,228,nan,0,nan,0,nan,0,nan,0,nan,0,nan,0,nan,0,nan,0
1597988352253869056,1597988352000001024,2020-08-21 13:39:12.000001,12895.0,12930.0,12795.0,12845.0,nan,12865.0,217690,14002909250.0,334854,12900.0,118,12895.0,226,nan,0,nan,0,nan,0,nan,0,nan,0,nan,0,nan,0,nan,0
1597988352775557120,1597988353000000000,2020-08-21 13:39:13.000000,12895.0,12930.0,12795.0,12845.0,nan,12865.0,217692,14003037900.0,334856,12900.0,117,12895.0,230,nan,0,nan,0,nan,0,nan,0,nan,0,nan,0,nan,0,nan,0
1597988353749555968,1597988354000000000,2020-08-21 13:39:14.000000,12900.0,12930.0,12795.0,12845.0,nan,12865.0,217694,14003166550.0,334858,12900.0,109,12895.0,230,nan,0,nan,0,nan,0,nan,0,nan,0,nan,0,nan,0,nan,0
1597988354244109056,1597988354000001024,2020-08-21 13:39:14.000001,12895.0,12930.0,12795.0,12845.0,nan,12865.0,217702,14003681150.0,334858,12900.0,109,12895.0,223,nan,0,nan,0,nan,0,nan,0,nan,0,nan,0,nan,0,nan,0
1597988354746653952,1597988355000000000,2020-08-21 13:39:15.000000,12895.0,12930.0,12795.0,12845.0,nan,12865.0,217702,14003681150.0,334858,12900.0,110,12895.0,227,nan,0,nan,0,nan,0,nan,0,nan,0,nan,0,nan,0,nan,0
1597988355247970048,1597988355000001024,2020-08-21 13:39:15.000001,12895.0,12930.0,12795.0,12845.0,nan,12865.0,217704,14003809800.0,334860,12900.0,111,12895.0,225,nan,0,nan,0,nan,0,nan,0,nan,0,nan,0,nan,0,nan,0
1597988355736105984,1597988356000000000,2020-08-21 13:39:16.000000,12895.0,12930.0,12795.0,12845.0,nan,12865.0,217704,14003809800.0,334860,12900.0,112,12895.0,225,nan,0,nan,0,nan,0,nan,0,nan,0,nan,0,nan,0,nan,0
1597988356739803904,1597988357000000000,2020-08-21 13:39:17.000000,12895.0,12930.0,12795.0,12845.0,nan,12865.0,217704,14003809800.0,334860,12900.0,113,12895.0,225,nan,0,nan,0,nan,0,nan,0,nan,0,nan,0,nan,0,nan,0
1597988357741181952,1597988358000000000,2020-08-21 13:39:18.000000,12900.0,12930.0,12795.0,12845.0,nan,12865.0,217708,14004067100.0,334860,12900.0,109,12895.0,225,nan,0,nan,0,nan,0,nan,0,nan,0,nan,0,nan,0,nan,0
1597988358739971072,1597988359000000000,2020-08-21 13:39:19.000000,12895.0,12930.0,12795.0,12845.0,nan,12865.0,217710,14004195750.0,334860,12900.0,109,12895.0,223,nan,0,nan,0,nan,0,nan,0,nan,0,nan,0,nan,0,nan,0
1597988359241331968,1597988359000001024,2020-08-21 13:39:19.000001,12900.0,12930.0,12795.0,12845.0,nan,12865.0,217711,14004260075.0,334861,12900.0,108,12895.0,224,nan,0,nan,0,nan,0,nan,0,nan,0,nan,0,nan,0,nan,0
1597988359741576960,1597988360000000000,2020-08-21 13:39:20.000000,12895.0,12930.0,12795.0,12845.0,nan,12865.0,217718,14004710350.0,334861,12900.0,108,12895.0,219,nan,0,nan,0,nan,0,nan,0,nan,0,nan,0,nan,0,nan,0
1597988360740489984,1597988361000000000,2020-08-21 13:39:21.000000,12900.0,12930.0,12795.0,12845.0,nan,12865.0,217721,14004903325.0,334864,12900.0,106,12895.0,216,nan,0,nan,0,nan,0,nan,0,nan,0,nan,0,nan,0,nan,0
1597988361262070016,1597988361000001024,2020-08-21 13:39:21.000001,12895.0,12930.0,12795.0,12845.0,nan,12865.0,217722,14004967650.0,334865,12900.0,106,12895.0,214,nan,0,nan,0,nan,0,nan,0,nan,0,nan,0,nan,0,nan,0
1597988361744561920,1597988362000000000,2020-08-21 13:39:22.000000,12895.0,12930.0,12795.0,12845.0,nan,12865.0,217722,14004967650.0,334865,12900.0,126,12895.0,214,nan,0,nan,0,nan,0,nan,0,nan,0,nan,0,nan,0,nan,0
1597988363264816128,1597988363000001024,2020-08-21 13:39:23.000001,12895.0,12930.0,12795.0,12845.0,nan,12865.0,217722,14004967650.0,334865,12900.0,127,12895.0,214,nan,0,nan,0,nan,0,nan,0,nan,0,nan,0,nan,0,nan,0
1597988364748090112,1597988365000000000,2020-08-21 13:39:25.000000,12895.0,12930.0,12795.0,12845.0,nan,12865.0,217732,14005610900.0,334866,12900.0,127,12895.0,196,nan,0,nan,0,nan,0,nan,0,nan,0,nan,0,nan,0,nan,0
1597988365745411072,1597988366000000000,2020-08-21 13:39:26.000000,12895.0,12930.0,12795.0,12845.0,nan,12865.0,217733,14005675225.0,334866,12900.0,128,12895.0,195,nan,0,nan,0,nan,0,nan,0,nan,0,nan,0,nan,0,nan,0
1597988366268514048,1597988366000001024,2020-08-21 13:39:26.000001,12895.0,12930.0,12795.0,12845.0,nan,12865.0,217735,14005803875.0,334866,12900.0,133,12895.0,193,nan,0,nan,0,nan,0,nan,0,nan,0,nan,0,nan,0,nan,0
1597988366794458112,1597988367000000000,2020-08-21 13:39:27.000000,12895.0,12930.0,12795.0,12845.0,nan,12865.0,217735,14005803875.0,334866,12900.0,138,12895.0,195,nan,0,nan,0,nan,0,nan,0,nan,0,nan,0,nan,0,nan,0
1597988367262987008,1597988367000001024,2020-08-21 13:39:27.000001,12895.0,12930.0,12795.0,12845.0,nan,12865.0,217743,14006318475.0,334866,12900.0,139,12895.0,187,nan,0,nan,0,nan,0,nan,0,nan,0,nan,0,nan,0,nan,0
1597988367745880064,1597988368000000000,2020-08-21 13:39:28.000000,12895.0,12930.0,12795.0,12845.0,nan,12865.0,217749,14006704425.0,334866,12900.0,139,12895.0,181,nan,0,nan,0,nan,0,nan,0,nan,0,nan,0,nan,0,nan,0
1597988368254605056,1597988368000001024,2020-08-21 13:39:28.000001,12895.0,12930.0,12795.0,12845.0,nan,12865.0,217749,14006704425.0,334866,12900.0,142,12895.0,181,nan,0,nan,0,nan,0,nan,0,nan,0,nan,0,nan,0,nan,0
1597988368747933952,1597988369000000000,2020-08-21 13:39:29.000000,12900.0,12930.0,12795.0,12845.0,nan,12865.0,217750,14006768750.0,334866,12900.0,141,12895.0,181,nan,0,nan,0,nan,0,nan,0,nan,0,nan,0,nan,0,nan,0
1597988369762573056,1597988370000000000,2020-08-21 13:39:30.000000,12895.0,12930.0,12795.0,12845.0,nan,12865.0,217751,14006833075.0,334866,12900.0,141,12895.0,180,nan,0,nan,0,nan,0,nan,0,nan,0,nan,0,nan,0,nan,0
1597988371253956096,1597988371000001024,2020-08-21 13:39:31.000001,12900.0,12930.0,12795.0,12845.0,nan,12865.0,217752,14006897400.0,334867,12900.0,140,12895.0,184,nan,0,nan,0,nan,0,nan,0,nan,0,nan,0,nan,0,nan,0
1597988371753396992,1597988372000000000,2020-08-21 13:39:32.000000,12900.0,12930.0,12795.0,12845.0,nan,12865.0,217752,14006897400.0,334867,12900.0,159,12895.0,184,nan,0,nan,0,nan,0,nan,0,nan,0,nan,0,nan,0,nan,0
1597988372259934976,1597988372000001024,2020-08-21 13:39:32.000001,12900.0,12930.0,12795.0,12845.0,nan,12865.0,217752,14006897400.0,334867,12900.0,164,12895.0,184,nan,0,nan,0,nan,0,nan,0,nan,0,nan,0,nan,0,nan,0
1597988372763813120,1597988373000000000,2020-08-21 13:39:33.000000,12900.0,12930.0,12795.0,12845.0,nan,12865.0,217753,14006961725.0,334868,12900.0,161,12895.0,184,nan,0,nan,0,nan,0,nan,0,nan,0,nan,0,nan,0,nan,0
1597988373264742912,1597988373000001024,2020-08-21 13:39:33.000001,12900.0,12930.0,12795.0,12845.0,nan,12865.0,217754,14007026050.0,334869,12900.0,161,12895.0,184,nan,0,nan,0,nan,0,nan,0,nan,0,nan,0,nan,0,nan,0
1597988373756684032,1597988374000000000,2020-08-21 13:39:34.000000,12900.0,12930.0,12795.0,12845.0,nan,12865.0,217754,14007026050.0,334869,12900.0,160,12895.0,184,nan,0,nan,0,nan,0,nan,0,nan,0,nan,0,nan,0,nan,0
1597988374255601920,1597988374000001024,2020-08-21 13:39:34.000001,12900.0,12930.0,12795.0,12845.0,nan,12865.0,217754,14007026050.0,334869,12900.0,170,12895.0,184,nan,0,nan,0,nan,0,nan,0,nan,0,nan,0,nan,0,nan,0
1597988375251601920,1597988375000001024,2020-08-21 13:39:35.000001,12900.0,12930.0,12795.0,12845.0,nan,12865.0,217754,14007026050.0,334869,12900.0,170,12895.0,185,nan,0,nan,0,nan,0,nan,0,nan,0,nan,0,nan,0,nan,0
1597988376267168000,1597988376000001024,2020-08-21 13:39:36.000001,12895.0,12930.0,12795.0,12845.0,nan,12865.0,217755,14007090375.0,334869,12900.0,172,12895.0,184,nan,0,nan,0,nan,0,nan,0,nan,0,nan,0,nan,0,nan,0
1597988376756971008,1597988377000000000,2020-08-21 13:39:37.000000,12895.0,12930.0,12795.0,12845.0,nan,12865.0,217755,14007090375.0,334869,12900.0,173,12895.0,184,nan,0,nan,0,nan,0,nan,0,nan,0,nan,0,nan,0,nan,0
1597988377257370880,1597988377000001024,2020-08-21 13:39:37.000001,12895.0,12930.0,12795.0,12845.0,nan,12865.0,217756,14007154700.0,334870,12900.0,173,12895.0,185,nan,0,nan,0,nan,0,nan,0,nan,0,nan,0,nan,0,nan,0
1597988377757922048,1597988378000000000,2020-08-21 13:39:38.000000,12895.0,12930.0,12795.0,12845.0,nan,12865.0,217764,14007669300.0,334878,12900.0,173,12895.0,177,nan,0,nan,0,nan,0,nan,0,nan,0,nan,0,nan,0,nan,0
1597988379274548992,1597988379000001024,2020-08-21 13:39:39.000001,12895.0,12930.0,12795.0,12845.0,nan,12865.0,217834,14012172050.0,334840,12900.0,191,12895.0,108,nan,0,nan,0,nan,0,nan,0,nan,0,nan,0,nan,0,nan,0
1597988379745776896,1597988380000000000,2020-08-21 13:39:40.000000,12895.0,12930.0,12795.0,12845.0,nan,12865.0,217834,14012172050.0,334840,12900.0,196,12895.0,98,nan,0,nan,0,nan,0,nan,0,nan,0,nan,0,nan,0,nan,0
1597988380251111936,1597988380000001024,2020-08-21 13:39:40.000001,12895.0,12930.0,12795.0,12845.0,nan,12865.0,217835,14012236375.0,334839,12900.0,196,12895.0,97,nan,0,nan,0,nan,0,nan,0,nan,0,nan,0,nan,0,nan,0
1597988380750673920,1597988381000000000,2020-08-21 13:39:41.000000,12900.0,12930.0,12795.0,12845.0,nan,12865.0,217837,14012365025.0,334838,12900.0,198,12895.0,113,nan,0,nan,0,nan,0,nan,0,nan,0,nan,0,nan,0,nan,0
1597988381274403072,1597988381000001024,2020-08-21 13:39:41.000001,12900.0,12930.0,12795.0,12845.0,nan,12865.0,217837,14012365025.0,334838,12900.0,201,12895.0,123,nan,0,nan,0,nan,0,nan,0,nan,0,nan,0,nan,0,nan,0
1597988382251535872,1597988382000001024,2020-08-21 13:39:42.000001,12895.0,12930.0,12795.0,12845.0,nan,12865.0,217847,14013008275.0,334835,12900.0,203,12895.0,130,nan,0,nan,0,nan,0,nan,0,nan,0,nan,0,nan,0,nan,0
1597988382751482112,1597988383000000000,2020-08-21 13:39:43.000000,12895.0,12930.0,12795.0,12845.0,nan,12865.0,217847,14013008275.0,334835,12900.0,208,12895.0,150,nan,0,nan,0,nan,0,nan,0,nan,0,nan,0,nan,0,nan,0
1597988383253254912,1597988383000001024,2020-08-21 13:39:43.000001,12895.0,12930.0,12795.0,12845.0,nan,12865.0,217847,14013008275.0,334835,12900.0,208,12895.0,158,nan,0,nan,0,nan,0,nan,0,nan,0,nan,0,nan,0,nan,0
1597988383776976896,1597988384000000000,2020-08-21 13:39:44.000000,12895.0,12930.0,12795.0,12845.0,nan,12865.0,217847,14013008275.0,334835,12900.0,208,12895.0,170,nan,0,nan,0,nan,0,nan,0,nan,0,nan,0,nan,0,nan,0
1597988384750895104,1597988385000000000,2020-08-21 13:39:45.000000,12895.0,12930.0,12795.0,12845.0,nan,12865.0,217887,14015581275.0,334827,12900.0,206,12895.0,132,nan,0,nan,0,nan,0,nan,0,nan,0,nan,0,nan,0,nan,0
1597988385275198976,1597988385000001024,2020-08-21 13:39:45.000001,12895.0,12930.0,12795.0,12845.0,nan,12865.0,217887,14015581275.0,334827,12900.0,206,12895.0,147,nan,0,nan,0,nan,0,nan,0,nan,0,nan,0,nan,0,nan,0
1597988385751224064,1597988386000000000,2020-08-21 13:39:46.000000,12895.0,12930.0,12795.0,12845.0,nan,12865.0,217887,14015581275.0,334827,12900.0,190,12895.0,147,nan,0,nan,0,nan,0,nan,0,nan,0,nan,0,nan,0,nan,0
1597988386251292928,1597988386000001024,2020-08-21 13:39:46.000001,12895.0,12930.0,12795.0,12845.0,nan,12865.0,217889,14015709925.0,334826,12900.0,190,12895.0,145,nan,0,nan,0,nan,0,nan,0,nan,0,nan,0,nan,0,nan,0
1597988387253969920,1597988387000001024,2020-08-21 13:39:47.000001,12895.0,12930.0,12795.0,12845.0,nan,12865.0,217889,14015709925.0,334826,12900.0,191,12895.0,145,nan,0,nan,0,nan,0,nan,0,nan,0,nan,0,nan,0,nan,0
1597988387751155968,1597988388000000000,2020-08-21 13:39:48.000000,12895.0,12930.0,12795.0,12845.0,nan,12865.0,217889,14015709925.0,334826,12900.0,189,12895.0,145,nan,0,nan,0,nan,0,nan,0,nan,0,nan,0,nan,0,nan,0
1597988388757389056,1597988389000000000,2020-08-21 13:39:49.000000,12900.0,12930.0,12795.0,12845.0,nan,12865.0,217890,14015774250.0,334827,12900.0,188,12895.0,144,nan,0,nan,0,nan,0,nan,0,nan,0,nan,0,nan,0,nan,0
1597988389257592064,1597988389000001024,2020-08-21 13:39:49.000001,12900.0,12930.0,12795.0,12845.0,nan,12865.0,217892,14015902900.0,334829,12900.0,187,12895.0,137,nan,0,nan,0,nan,0,nan,0,nan,0,nan,0,nan,0,nan,0
1597988389752450048,1597988390000000000,2020-08-21 13:39:50.000000,12900.0,12930.0,12795.0,12845.0,nan,12865.0,217901,14016481825.0,334838,12900.0,178,12895.0,129,nan,0,nan,0,nan,0,nan,0,nan,0,nan,0,nan,0,nan,0
1597988390252588032,1597988390000001024,2020-08-21 13:39:50.000001,12895.0,12930.0,12795.0,12845.0,nan,12865.0,217907,14016867775.0,334842,12900.0,173,12895.0,128,nan,0,nan,0,nan,0,nan,0,nan,0,nan,0,nan,0,nan,0
1597988390756581120,1597988391000000000,2020-08-21 13:39:51.000000,12895.0,12930.0,12795.0,12845.0,nan,12865.0,217909,14016996425.0,334840,12900.0,173,12895.0,127,nan,0,nan,0,nan,0,nan,0,nan,0,nan,0,nan,0,nan,0
1597988391261858048,1597988391000001024,2020-08-21 13:39:51.000001,12895.0,12930.0,12795.0,12845.0,nan,12865.0,217909,14016996425.0,334840,12900.0,175,12895.0,126,nan,0,nan,0,nan,0,nan,0,nan,0,nan,0,nan,0,nan,0
1597988391758531072,1597988392000000000,2020-08-21 13:39:52.000000,12895.0,12930.0,12795.0,12845.0,nan,12865.0,217910,14017060750.0,334840,12900.0,185,12895.0,125,nan,0,nan,0,nan,0,nan,0,nan,0,nan,0,nan,0,nan,0
1597988392261170944,1597988392000001024,2020-08-21 13:39:52.000001,12895.0,12930.0,12795.0,12845.0,nan,12865.0,217910,14017060750.0,334840,12900.0,201,12895.0,146,nan,0,nan,0,nan,0,nan,0,nan,0,nan,0,nan,0,nan,0
1597988392755706880,1597988393000000000,2020-08-21 13:39:53.000000,12895.0,12930.0,12795.0,12845.0,nan,12865.0,217911,14017125075.0,334839,12900.0,207,12895.0,145,nan,0,nan,0,nan,0,nan,0,nan,0,nan,0,nan,0,nan,0
1597988393263527936,1597988393000001024,2020-08-21 13:39:53.000001,12895.0,12930.0,12795.0,12845.0,nan,12865.0,217912,14017189400.0,334838,12900.0,209,12895.0,145,nan,0,nan,0,nan,0,nan,0,nan,0,nan,0,nan,0,nan,0
1597988393757857024,1597988394000000000,2020-08-21 13:39:54.000000,12895.0,12930.0,12795.0,12845.0,nan,12865.0,217914,14017318050.0,334836,12900.0,209,12895.0,146,nan,0,nan,0,nan,0,nan,0,nan,0,nan,0,nan,0,nan,0
1597988394266364928,1597988394000001024,2020-08-21 13:39:54.000001,12895.0,12930.0,12795.0,12845.0,nan,12865.0,217914,14017318050.0,334836,12900.0,212,12895.0,144,nan,0,nan,0,nan,0,nan,0,nan,0,nan,0,nan,0,nan,0
1597988394794434048,1597988395000000000,2020-08-21 13:39:55.000000,12900.0,12930.0,12795.0,12845.0,nan,12865.0,217932,14018475900.0,334853,12900.0,200,12895.0,120,nan,0,nan,0,nan,0,nan,0,nan,0,nan,0,nan,0,nan,0
1597988395259089920,1597988395000001024,2020-08-21 13:39:55.000001,12900.0,12930.0,12795.0,12845.0,nan,12865.0,217939,14018926175.0,334858,12900.0,196,12895.0,127,nan,0,nan,0,nan,0,nan,0,nan,0,nan,0,nan,0,nan,0
1597988395757912064,1597988396000000000,2020-08-21 13:39:56.000000,12895.0,12930.0,12795.0,12845.0,nan,12865.0,217940,14018990500.0,334857,12900.0,196,12895.0,126,nan,0,nan,0,nan,0,nan,0,nan,0,nan,0,nan,0,nan,0
1597988396274714112,1597988396000001024,2020-08-21 13:39:56.000001,12895.0,12930.0,12795.0,12845.0,nan,12865.0,217941,14019054825.0,334856,12900.0,197,12895.0,113,nan,0,nan,0,nan,0,nan,0,nan,0,nan,0,nan,0,nan,0
1597988396767446016,1597988397000000000,2020-08-21 13:39:57.000000,12900.0,12930.0,12795.0,12845.0,nan,12865.0,217950,14019633750.0,334865,12900.0,193,12895.0,116,nan,0,nan,0,nan,0,nan,0,nan,0,nan,0,nan,0,nan,0
1597988397318552064,1597988397000001024,2020-08-21 13:39:57.000001,12900.0,12930.0,12795.0,12845.0,nan,12865.0,217954,14019891050.0,334869,12900.0,188,12895.0,119,nan,0,nan,0,nan,0,nan,0,nan,0,nan,0,nan,0,nan,0
1597988397897385984,1597988398000000000,2020-08-21 13:39:58.000000,12900.0,12930.0,12795.0,12845.0,nan,12865.0,217954,14019891050.0,334869,12900.0,188,12895.0,123,nan,0,nan,0,nan,0,nan,0,nan,0,nan,0,nan,0,nan,0
1597988398266864896,1597988398000001024,2020-08-21 13:39:58.000001,12900.0,12930.0,12795.0,12845.0,nan,12865.0,217956,14020019700.0,334871,12900.0,191,12895.0,109,nan,0,nan,0,nan,0,nan,0,nan,0,nan,0,nan,0,nan,0
1597988398761719040,1597988399000000000,2020-08-21 13:39:59.000000,12900.0,12930.0,12795.0,12845.0,nan,12865.0,217965,14020598625.0,334880,12900.0,182,12895.0,109,nan,0,nan,0,nan,0,nan,0,nan,0,nan,0,nan,0,nan,0
1597988399270632960,1597988399000001024,2020-08-21 13:39:59.000001,12895.0,12930.0,12795.0,12845.0,nan,12865.0,217976,14021306200.0,334883,12900.0,181,12895.0,99,nan,0,nan,0,nan,0,nan,0,nan,0,nan,0,nan,0,nan,0
1597988399780705024,1597988400000000000,2020-08-21 13:40:00.000000,12895.0,12930.0,12795.0,12845.0,nan,12865.0,217976,14021306200.0,334883,12900.0,186,12895.0,91,nan,0,nan,0,nan,0,nan,0,nan,0,nan,0,nan,0,nan,0
1597988400278537984,1597988400000001024,2020-08-21 13:40:00.000001,12900.0,12930.0,12795.0,12845.0,nan,12865.0,217977,14021370525.0,334884,12900.0,185,12895.0,93,nan,0,nan,0,nan,0,nan,0,nan,0,nan,0,nan,0,nan,0
1597988400780883968,1597988401000000000,2020-08-21 13:40:01.000000,12900.0,12930.0,12795.0,12845.0,nan,12865.0,217977,14021370525.0,334884,12900.0,187,12895.0,94,nan,0,nan,0,nan,0,nan,0,nan,0,nan,0,nan,0,nan,0
1597988401768325888,1597988402000000000,2020-08-21 13:40:02.000000,12900.0,12930.0,12795.0,12845.0,nan,12865.0,217979,14021499175.0,334884,12900.0,186,12895.0,107,nan,0,nan,0,nan,0,nan,0,nan,0,nan,0,nan,0,nan,0
1597988402272227072,1597988402000001024,2020-08-21 13:40:02.000001,12900.0,12930.0,12795.0,12845.0,nan,12865.0,217982,14021692150.0,334884,12900.0,177,12895.0,116,nan,0,nan,0,nan,0,nan,0,nan,0,nan,0,nan,0,nan,0
1597988402765125120,1597988403000000000,2020-08-21 13:40:03.000000,12900.0,12930.0,12795.0,12845.0,nan,12865.0,217983,14021756475.0,334885,12900.0,176,12895.0,162,nan,0,nan,0,nan,0,nan,0,nan,0,nan,0,nan,0,nan,0
1597988403275110912,1597988403000001024,2020-08-21 13:40:03.000001,12900.0,12930.0,12795.0,12845.0,nan,12865.0,217983,14021756475.0,334885,12900.0,183,12895.0,162,nan,0,nan,0,nan,0,nan,0,nan,0,nan,0,nan,0,nan,0
1597988403760311040,1597988404000000000,2020-08-21 13:40:04.000000,12895.0,12930.0,12795.0,12845.0,nan,12865.0,217984,14021820800.0,334885,12900.0,183,12895.0,158,nan,0,nan,0,nan,0,nan,0,nan,0,nan,0,nan,0,nan,0
1597988404257442048,1597988404000001024,2020-08-21 13:40:04.000001,12895.0,12930.0,12795.0,12845.0,nan,12865.0,217984,14021820800.0,334885,12900.0,175,12895.0,188,nan,0,nan,0,nan,0,nan,0,nan,0,nan,0,nan,0,nan,0
1597988405270000896,1597988405000001024,2020-08-21 13:40:05.000001,12900.0,12930.0,12795.0,12845.0,nan,12865.0,217985,14021885125.0,334886,12900.0,174,12895.0,191,nan,0,nan,0,nan,0,nan,0,nan,0,nan,0,nan,0,nan,0
1597988405759055872,1597988406000000000,2020-08-21 13:40:06.000000,12900.0,12930.0,12795.0,12845.0,nan,12865.0,217985,14021885125.0,334886,12900.0,217,12895.0,194,nan,0,nan,0,nan,0,nan,0,nan,0,nan,0,nan,0,nan,0
1597988406267984896,1597988406000001024,2020-08-21 13:40:06.000001,12900.0,12930.0,12795.0,12845.0,nan,12865.0,217995,14022528375.0,334877,12900.0,212,12895.0,190,nan,0,nan,0,nan,0,nan,0,nan,0,nan,0,nan,0,nan,0
1597988406766653952,1597988407000000000,2020-08-21 13:40:07.000000,12895.0,12930.0,12795.0,12845.0,nan,12865.0,217996,14022592700.0,334876,12900.0,213,12895.0,189,nan,0,nan,0,nan,0,nan,0,nan,0,nan,0,nan,0,nan,0
1597988407266477056,1597988407000001024,2020-08-21 13:40:07.000001,12900.0,12930.0,12795.0,12845.0,nan,12865.0,217997,14022657025.0,334876,12900.0,212,12895.0,189,nan,0,nan,0,nan,0,nan,0,nan,0,nan,0,nan,0,nan,0
1597988407761948928,1597988408000000000,2020-08-21 13:40:08.000000,12900.0,12930.0,12795.0,12845.0,nan,12865.0,217997,14022657025.0,334876,12900.0,213,12895.0,190,nan,0,nan,0,nan,0,nan,0,nan,0,nan,0,nan,0,nan,0
1597988408263928064,1597988408000001024,2020-08-21 13:40:08.000001,12900.0,12930.0,12795.0,12845.0,nan,12865.0,217997,14022657025.0,334876,12900.0,212,12895.0,190,nan,0,nan,0,nan,0,nan,0,nan,0,nan,0,nan,0,nan,0
1597988408791747072,1597988409000000000,2020-08-21 13:40:09.000000,12900.0,12930.0,12795.0,12845.0,nan,12865.0,217998,14022721350.0,334876,12900.0,211,12895.0,190,nan,0,nan,0,nan,0,nan,0,nan,0,nan,0,nan,0,nan,0
1597988409266841088,1597988409000001024,2020-08-21 13:40:09.000001,12900.0,12930.0,12795.0,12845.0,nan,12865.0,217998,14022721350.0,334876,12900.0,214,12895.0,191,nan,0,nan,0,nan,0,nan,0,nan,0,nan,0,nan,0,nan,0
1597988410770554112,1597988411000000000,2020-08-21 13:40:11.000000,12900.0,12930.0,12795.0,12845.0,nan,12865.0,217998,14022721350.0,334876,12900.0,216,12895.0,191,nan,0,nan,0,nan,0,nan,0,nan,0,nan,0,nan,0,nan,0
1597988411267362048,1597988411000001024,2020-08-21 13:40:11.000001,12900.0,12930.0,12795.0,12845.0,nan,12865.0,217998,14022721350.0,334876,12900.0,216,12895.0,193,nan,0,nan,0,nan,0,nan,0,nan,0,nan,0,nan,0,nan,0
1597988411769007104,1597988412000000000,2020-08-21 13:40:12.000000,12900.0,12930.0,12795.0,12845.0,nan,12865.0,218000,14022850000.0,334874,12900.0,214,12895.0,196,nan,0,nan,0,nan,0,nan,0,nan,0,nan,0,nan,0,nan,0
1597988412265628928,1597988412000001024,2020-08-21 13:40:12.000001,12900.0,12930.0,12795.0,12845.0,nan,12865.0,218001,14022914325.0,334874,12900.0,213,12895.0,196,nan,0,nan,0,nan,0,nan,0,nan,0,nan,0,nan,0,nan,0
1597988412765088000,1597988413000000000,2020-08-21 13:40:13.000000,12900.0,12930.0,12795.0,12845.0,nan,12865.0,218001,14022914325.0,334874,12900.0,218,12895.0,196,nan,0,nan,0,nan,0,nan,0,nan,0,nan,0,nan,0,nan,0
1597988413764601088,1597988414000000000,2020-08-21 13:40:14.000000,12895.0,12930.0,12795.0,12845.0,nan,12865.0,218003,14023042975.0,334873,12900.0,217,12895.0,195,nan,0,nan,0,nan,0,nan,0,nan,0,nan,0,nan,0,nan,0
1597988414266013952,1597988414000001024,2020-08-21 13:40:14.000001,12900.0,12930.0,12795.0,12845.0,nan,12865.0,218004,14023107300.0,334873,12900.0,219,12895.0,195,nan,0,nan,0,nan,0,nan,0,nan,0,nan,0,nan,0,nan,0
1597988414779913984,1597988415000000000,2020-08-21 13:40:15.000000,12900.0,12930.0,12795.0,12845.0,nan,12865.0,218009,14023428925.0,334873,12900.0,214,12895.0,195,nan,0,nan,0,nan,0,nan,0,nan,0,nan,0,nan,0,nan,0
1597988415281110016,1597988415000001024,2020-08-21 13:40:15.000001,12900.0,12930.0,12795.0,12845.0,nan,12865.0,218009,14023428925.0,334873,12900.0,214,12895.0,196,nan,0,nan,0,nan,0,nan,0,nan,0,nan,0,nan,0,nan,0
1597988416767883008,1597988417000000000,2020-08-21 13:40:17.000000,12895.0,12930.0,12795.0,12845.0,nan,12865.0,218010,14023493250.0,334872,12900.0,214,12895.0,195,nan,0,nan,0,nan,0,nan,0,nan,0,nan,0,nan,0,nan,0
1597988417269562112,1597988417000001024,2020-08-21 13:40:17.000001,12895.0,12930.0,12795.0,12845.0,nan,12865.0,218010,14023493250.0,334872,12900.0,214,12895.0,198,nan,0,nan,0,nan,0,nan,0,nan,0,nan,0,nan,0,nan,0
1597988417808944128,1597988418000000000,2020-08-21 13:40:18.000000,12895.0,12930.0,12795.0,12845.0,nan,12865.0,218011,14023557575.0,334872,12900.0,215,12895.0,197,nan,0,nan,0,nan,0,nan,0,nan,0,nan,0,nan,0,nan,0
1597988418270289920,1597988418000001024,2020-08-21 13:40:18.000001,12895.0,12930.0,12795.0,12845.0,nan,12865.0,218011,14023557575.0,334872,12900.0,227,12895.0,197,nan,0,nan,0,nan,0,nan,0,nan,0,nan,0,nan,0,nan,0
1597988418775130112,1597988419000000000,2020-08-21 13:40:19.000000,12895.0,12930.0,12795.0,12845.0,nan,12865.0,218011,14023557575.0,334872,12900.0,255,12895.0,170,nan,0,nan,0,nan,0,nan,0,nan,0,nan,0,nan,0,nan,0
1597988419274343936,1597988419000001024,2020-08-21 13:40:19.000001,12895.0,12930.0,12795.0,12845.0,nan,12865.0,218091,14028703575.0,334867,12900.0,239,12895.0,40,nan,0,nan,0,nan,0,nan,0,nan,0,nan,0,nan,0,nan,0
1597988419799642112,1597988420000000000,2020-08-21 13:40:20.000000,12895.0,12930.0,12795.0,12845.0,nan,12865.0,218178,14034299850.0,334858,12895.0,36,12890.0,203,nan,0,nan,0,nan,0,nan,0,nan,0,nan,0,nan,0,nan,0
1597988420271549952,1597988420000001024,2020-08-21 13:40:20.000001,12895.0,12930.0,12795.0,12845.0,nan,12865.0,218209,14036293925.0,334843,12895.0,65,12890.0,213,nan,0,nan,0,nan,0,nan,0,nan,0,nan,0,nan,0,nan,0
1597988420763888896,1597988421000000000,2020-08-21 13:40:21.000000,12890.0,12930.0,12795.0,12845.0,nan,12865.0,218215,14036679875.0,334839,12895.0,62,12890.0,207,nan,0,nan,0,nan,0,nan,0,nan,0,nan,0,nan,0,nan,0
1597988421268280064,1597988421000001024,2020-08-21 13:40:21.000001,12890.0,12930.0,12795.0,12845.0,nan,12865.0,218286,14041246950.0,334829,12895.0,77,12890.0,148,nan,0,nan,0,nan,0,nan,0,nan,0,nan,0,nan,0,nan,0
1597988421764399104,1597988422000000000,2020-08-21 13:40:22.000000,12895.0,12930.0,12795.0,12845.0,nan,12865.0,218306,14042533450.0,334821,12895.0,110,12890.0,143,nan,0,nan,0,nan,0,nan,0,nan,0,nan,0,nan,0,nan,0
1597988422266052096,1597988422000001024,2020-08-21 13:40:22.000001,12890.0,12930.0,12795.0,12845.0,nan,12865.0,218312,14042919400.0,334820,12895.0,106,12890.0,150,nan,0,nan,0,nan,0,nan,0,nan,0,nan,0,nan,0,nan,0
1597988422767269888,1597988423000000000,2020-08-21 13:40:23.000000,12895.0,12930.0,12795.0,12845.0,nan,12865.0,218318,14043305350.0,334814,12895.0,100,12890.0,150,nan,0,nan,0,nan,0,nan,0,nan,0,nan,0,nan,0,nan,0
1597988423273206016,1597988423000001024,2020-08-21 13:40:23.000001,12895.0,12930.0,12795.0,12845.0,nan,12865.0,218318,14043305350.0,334814,12895.0,99,12890.0,179,nan,0,nan,0,nan,0,nan,0,nan,0,nan,0,nan,0,nan,0
1597988423774092032,1597988424000000000,2020-08-21 13:40:24.000000,12890.0,12930.0,12795.0,12845.0,nan,12865.0,218319,14043369675.0,334815,12895.0,99,12890.0,178,nan,0,nan,0,nan,0,nan,0,nan,0,nan,0,nan,0,nan,0
1597988424273110016,1597988424000001024,2020-08-21 13:40:24.000001,12890.0,12930.0,12795.0,12845.0,nan,12865.0,218319,14043369675.0,334815,12895.0,100,12890.0,179,nan,0,nan,0,nan,0,nan,0,nan,0,nan,0,nan,0,nan,0
1597988424766725120,1597988425000000000,2020-08-21 13:40:25.000000,12890.0,12930.0,12795.0,12845.0,nan,12865.0,218320,14043434000.0,334815,12895.0,100,12890.0,179,nan,0,nan,0,nan,0,nan,0,nan,0,nan,0,nan,0,nan,0
1597988425267136000,1597988425000001024,2020-08-21 13:40:25.000001,12890.0,12930.0,12795.0,12845.0,nan,12865.0,218322,14043562650.0,334815,12895.0,99,12890.0,178,nan,0,nan,0,nan,0,nan,0,nan,0,nan,0,nan,0,nan,0
1597988425771844096,1597988426000000000,2020-08-21 13:40:26.000000,12890.0,12930.0,12795.0,12845.0,nan,12865.0,218325,14043755625.0,334814,12895.0,99,12890.0,176,nan,0,nan,0,nan,0,nan,0,nan,0,nan,0,nan,0,nan,0
1597988426298934016,1597988426000001024,2020-08-21 13:40:26.000001,12890.0,12930.0,12795.0,12845.0,nan,12865.0,218325,14043755625.0,334814,12895.0,99,12890.0,177,nan,0,nan,0,nan,0,nan,0,nan,0,nan,0,nan,0,nan,0
1597988426840524032,1597988427000000000,2020-08-21 13:40:27.000000,12890.0,12930.0,12795.0,12845.0,nan,12865.0,218331,14044141575.0,334809,12895.0,95,12890.0,171,nan,0,nan,0,nan,0,nan,0,nan,0,nan,0,nan,0,nan,0
1597988427272687104,1597988427000001024,2020-08-21 13:40:27.000001,12895.0,12930.0,12795.0,12845.0,nan,12865.0,218332,14044205900.0,334808,12895.0,96,12890.0,171,nan,0,nan,0,nan,0,nan,0,nan,0,nan,0,nan,0,nan,0
1597988427776143104,1597988428000000000,2020-08-21 13:40:28.000000,12895.0,12930.0,12795.0,12845.0,nan,12865.0,218332,14044205900.0,334808,12895.0,96,12890.0,177,nan,0,nan,0,nan,0,nan,0,nan,0,nan,0,nan,0,nan,0
1597988429274569984,1597988429000001024,2020-08-21 13:40:29.000001,12890.0,12930.0,12795.0,12845.0,nan,12865.0,218340,14044720500.0,334806,12895.0,99,12890.0,169,nan,0,nan,0,nan,0,nan,0,nan,0,nan,0,nan,0,nan,0
1597988429782114048,1597988430000000000,2020-08-21 13:40:30.000000,12890.0,12930.0,12795.0,12845.0,nan,12865.0,218340,14044720500.0,334806,12895.0,101,12890.0,169,nan,0,nan,0,nan,0,nan,0,nan,0,nan,0,nan,0,nan,0
1597988430297649920,1597988430000001024,2020-08-21 13:40:30.000001,12890.0,12930.0,12795.0,12845.0,nan,12865.0,218340,14044720500.0,334806,12895.0,101,12890.0,170,nan,0,nan,0,nan,0,nan,0,nan,0,nan,0,nan,0,nan,0
1597988430778718976,1597988431000000000,2020-08-21 13:40:31.000000,12895.0,12930.0,12795.0,12845.0,nan,12865.0,218341,14044784825.0,334806,12895.0,98,12890.0,170,nan,0,nan,0,nan,0,nan,0,nan,0,nan,0,nan,0,nan,0
1597988431292974080,1597988431000001024,2020-08-21 13:40:31.000001,12895.0,12930.0,12795.0,12845.0,nan,12865.0,218341,14044784825.0,334806,12895.0,99,12890.0,170,nan,0,nan,0,nan,0,nan,0,nan,0,nan,0,nan,0,nan,0
1597988431782433024,1597988432000000000,2020-08-21 13:40:32.000000,12890.0,12930.0,12795.0,12845.0,nan,12865.0,218342,14044849150.0,334806,12895.0,101,12890.0,169,nan,0,nan,0,nan,0,nan,0,nan,0,nan,0,nan,0,nan,0
1597988432273756928,1597988432000001024,2020-08-21 13:40:32.000001,12890.0,12930.0,12795.0,12845.0,nan,12865.0,218342,14044849150.0,334806,12895.0,103,12890.0,169,nan,0,nan,0,nan,0,nan,0,nan,0,nan,0,nan,0,nan,0
1597988432783332096,1597988433000000000,2020-08-21 13:40:33.000000,12895.0,12930.0,12795.0,12845.0,nan,12865.0,218343,14044913475.0,334806,12895.0,102,12890.0,169,nan,0,nan,0,nan,0,nan,0,nan,0,nan,0,nan,0,nan,0
1597988433279674880,1597988433000001024,2020-08-21 13:40:33.000001,12890.0,12930.0,12795.0,12845.0,nan,12865.0,218344,14044977800.0,334807,12895.0,121,12890.0,168,nan,0,nan,0,nan,0,nan,0,nan,0,nan,0,nan,0,nan,0
1597988433779675904,1597988434000000000,2020-08-21 13:40:34.000000,12890.0,12930.0,12795.0,12845.0,nan,12865.0,218355,14045685375.0,334798,12895.0,111,12890.0,178,nan,0,nan,0,nan,0,nan,0,nan,0,nan,0,nan,0,nan,0
1597988434782052096,1597988435000000000,2020-08-21 13:40:35.000000,12890.0,12930.0,12795.0,12845.0,nan,12865.0,218358,14045878350.0,334801,12895.0,111,12890.0,176,nan,0,nan,0,nan,0,nan,0,nan,0,nan,0,nan,0,nan,0
1597988435276264960,1597988435000001024,2020-08-21 13:40:35.000001,12890.0,12930.0,12795.0,12845.0,nan,12865.0,218359,14045942675.0,334801,12895.0,111,12890.0,177,nan,0,nan,0,nan,0,nan,0,nan,0,nan,0,nan,0,nan,0
1597988436281751040,1597988436000001024,2020-08-21 13:40:36.000001,12890.0,12930.0,12795.0,12845.0,nan,12865.0,218362,14046135650.0,334800,12895.0,111,12890.0,174,nan,0,nan,0,nan,0,nan,0,nan,0,nan,0,nan,0,nan,0
1597988436779772928,1597988437000000000,2020-08-21 13:40:37.000000,12890.0,12930.0,12795.0,12845.0,nan,12865.0,218362,14046135650.0,334800,12895.0,111,12890.0,177,nan,0,nan,0,nan,0,nan,0,nan,0,nan,0,nan,0,nan,0
1597988437329451008,1597988437000001024,2020-08-21 13:40:37.000001,12895.0,12930.0,12795.0,12845.0,nan,12865.0,218368,14046521600.0,334794,12895.0,106,12890.0,173,nan,0,nan,0,nan,0,nan,0,nan,0,nan,0,nan,0,nan,0
1597988437777988096,1597988438000000000,2020-08-21 13:40:38.000000,12895.0,12930.0,12795.0,12845.0,nan,12865.0,218368,14046521600.0,334794,12895.0,72,12890.0,174,nan,0,nan,0,nan,0,nan,0,nan,0,nan,0,nan,0,nan,0
1597988438281899008,1597988438000001024,2020-08-21 13:40:38.000001,12895.0,12930.0,12795.0,12845.0,nan,12865.0,218439,14051088675.0,334766,12900.0,222,12895.0,49,nan,0,nan,0,nan,0,nan,0,nan,0,nan,0,nan,0,nan,0
1597988438815973888,1597988439000000000,2020-08-21 13:40:39.000000,12895.0,12930.0,12795.0,12845.0,nan,12865.0,218461,14052503825.0,334744,12900.0,204,12895.0,53,nan,0,nan,0,nan,0,nan,0,nan,0,nan,0,nan,0,nan,0
1597988439280199936,1597988439000001024,2020-08-21 13:40:39.000001,12895.0,12930.0,12795.0,12845.0,nan,12865.0,218475,14053404375.0,334732,12900.0,204,12895.0,62,nan,0,nan,0,nan,0,nan,0,nan,0,nan,0,nan,0,nan,0
1597988439780099072,1597988440000000000,2020-08-21 13:40:40.000000,12895.0,12930.0,12795.0,12845.0,nan,12865.0,218475,14053404375.0,334732,12900.0,205,12895.0,62,nan,0,nan,0,nan,0,nan,0,nan,0,nan,0,nan,0,nan,0
1597988440282752000,1597988440000001024,2020-08-21 13:40:40.000001,12895.0,12930.0,12795.0,12845.0,nan,12865.0,218475,14053404375.0,334732,12900.0,213,12895.0,63,nan,0,nan,0,nan,0,nan,0,nan,0,nan,0,nan,0,nan,0
1597988441288016896,1597988441000001024,2020-08-21 13:40:41.000001,12895.0,12930.0,12795.0,12845.0,nan,12865.0,218543,14057778475.0,334670,12895.0,27,12890.0,279,nan,0,nan,0,nan,0,nan,0,nan,0,nan,0,nan,0,nan,0
1597988441770795008,1597988442000000000,2020-08-21 13:40:42.000000,12895.0,12930.0,12795.0,12845.0,nan,12865.0,218551,14058293075.0,334670,12895.0,78,12890.0,243,nan,0,nan,0,nan,0,nan,0,nan,0,nan,0,nan,0,nan,0
1597988442298318080,1597988442000001024,2020-08-21 13:40:42.000001,12895.0,12930.0,12795.0,12845.0,nan,12865.0,218551,14058293075.0,334670,12895.0,86,12890.0,247,nan,0,nan,0,nan,0,nan,0,nan,0,nan,0,nan,0,nan,0
1597988442790178048,1597988443000000000,2020-08-21 13:40:43.000000,12895.0,12930.0,12795.0,12845.0,nan,12865.0,218551,14058293075.0,334670,12895.0,91,12890.0,258,nan,0,nan,0,nan,0,nan,0,nan,0,nan,0,nan,0,nan,0
1597988443279217920,1597988443000001024,2020-08-21 13:40:43.000001,12895.0,12930.0,12795.0,12845.0,nan,12865.0,218552,14058357400.0,334670,12895.0,91,12890.0,258,nan,0,nan,0,nan,0,nan,0,nan,0,nan,0,nan,0,nan,0
1597988443777387008,1597988444000000000,2020-08-21 13:40:44.000000,12890.0,12930.0,12795.0,12845.0,nan,12865.0,218553,14058421725.0,334671,12895.0,93,12890.0,257,nan,0,nan,0,nan,0,nan,0,nan,0,nan,0,nan,0,nan,0
1597988444308733952,1597988444000001024,2020-08-21 13:40:44.000001,12890.0,12930.0,12795.0,12845.0,nan,12865.0,218555,14058550375.0,334671,12895.0,105,12890.0,255,nan,0,nan,0,nan,0,nan,0,nan,0,nan,0,nan,0,nan,0
1597988444780471040,1597988445000000000,2020-08-21 13:40:45.000000,12895.0,12930.0,12795.0,12845.0,nan,12865.0,218560,14058872000.0,334666,12895.0,108,12890.0,255,nan,0,nan,0,nan,0,nan,0,nan,0,nan,0,nan,0,nan,0
1597988445291864064,1597988445000001024,2020-08-21 13:40:45.000001,12895.0,12930.0,12795.0,12845.0,nan,12865.0,218560,14058872000.0,334666,12895.0,110,12890.0,258,nan,0,nan,0,nan,0,nan,0,nan,0,nan,0,nan,0,nan,0
1597988446273395968,1597988446000001024,2020-08-21 13:40:46.000001,12895.0,12930.0,12795.0,12845.0,nan,12865.0,218560,14058872000.0,334666,12895.0,110,12890.0,261,nan,0,nan,0,nan,0,nan,0,nan,0,nan,0,nan,0,nan,0
1597988446780171008,1597988447000000000,2020-08-21 13:40:47.000000,12895.0,12930.0,12795.0,12845.0,nan,12865.0,218561,14058936325.0,334666,12895.0,109,12890.0,261,nan,0,nan,0,nan,0,nan,0,nan,0,nan,0,nan,0,nan,0
1597988447280813056,1597988447000001024,2020-08-21 13:40:47.000001,12895.0,12930.0,12795.0,12845.0,nan,12865.0,218561,14058936325.0,334666,12895.0,110,12890.0,264,nan,0,nan,0,nan,0,nan,0,nan,0,nan,0,nan,0,nan,0
1597988447779079936,1597988448000000000,2020-08-21 13:40:48.000000,12895.0,12930.0,12795.0,12845.0,nan,12865.0,218561,14058936325.0,334666,12895.0,112,12890.0,274,nan,0,nan,0,nan,0,nan,0,nan,0,nan,0,nan,0,nan,0
1597988448286981120,1597988448000001024,2020-08-21 13:40:48.000001,12895.0,12930.0,12795.0,12845.0,nan,12865.0,218561,14058936325.0,334666,12895.0,113,12890.0,274,nan,0,nan,0,nan,0,nan,0,nan,0,nan,0,nan,0,nan,0
1597988448804100096,1597988449000000000,2020-08-21 13:40:49.000000,12895.0,12930.0,12795.0,12845.0,nan,12865.0,218562,14059000650.0,334666,12895.0,112,12890.0,274,nan,0,nan,0,nan,0,nan,0,nan,0,nan,0,nan,0,nan,0
1597988449290092032,1597988449000001024,2020-08-21 13:40:49.000001,12895.0,12930.0,12795.0,12845.0,nan,12865.0,218562,14059000650.0,334666,12895.0,119,12890.0,274,nan,0,nan,0,nan,0,nan,0,nan,0,nan,0,nan,0,nan,0
1597988449790639104,1597988450000000000,2020-08-21 13:40:50.000000,12890.0,12930.0,12795.0,12845.0,nan,12865.0,218564,14059129300.0,334665,12895.0,120,12890.0,275,nan,0,nan,0,nan,0,nan,0,nan,0,nan,0,nan,0,nan,0
1597988450286504960,1597988450000001024,2020-08-21 13:40:50.000001,12895.0,12930.0,12795.0,12845.0,nan,12865.0,218565,14059193625.0,334665,12895.0,119,12890.0,285,nan,0,nan,0,nan,0,nan,0,nan,0,nan,0,nan,0,nan,0
1597988450782980096,1597988451000000000,2020-08-21 13:40:51.000000,12895.0,12930.0,12795.0,12845.0,nan,12865.0,218566,14059257950.0,334665,12895.0,118,12890.0,285,nan,0,nan,0,nan,0,nan,0,nan,0,nan,0,nan,0,nan,0
1597988451287799040,1597988451000001024,2020-08-21 13:40:51.000001,12895.0,12930.0,12795.0,12845.0,nan,12865.0,218566,14059257950.0,334665,12895.0,119,12890.0,287,nan,0,nan,0,nan,0,nan,0,nan,0,nan,0,nan,0,nan,0
1597988451820157952,1597988452000000000,2020-08-21 13:40:52.000000,12895.0,12930.0,12795.0,12845.0,nan,12865.0,218568,14059386600.0,334664,12895.0,118,12890.0,287,nan,0,nan,0,nan,0,nan,0,nan,0,nan,0,nan,0,nan,0
1597988452287040000,1597988452000001024,2020-08-21 13:40:52.000001,12890.0,12930.0,12795.0,12845.0,nan,12865.0,218569,14059450925.0,334663,12895.0,119,12890.0,287,nan,0,nan,0,nan,0,nan,0,nan,0,nan,0,nan,0,nan,0
1597988452782955008,1597988453000000000,2020-08-21 13:40:53.000000,12890.0,12930.0,12795.0,12845.0,nan,12865.0,218730,14069807250.0,334547,12895.0,119,12890.0,299,nan,0,nan,0,nan,0,nan,0,nan,0,nan,0,nan,0,nan,0
1597988453275182080,1597988453000001024,2020-08-21 13:40:53.000001,12895.0,12930.0,12795.0,12845.0,nan,12865.0,218731,14069871575.0,334547,12895.0,119,12890.0,302,nan,0,nan,0,nan,0,nan,0,nan,0,nan,0,nan,0,nan,0
1597988453777200896,1597988454000000000,2020-08-21 13:40:54.000000,12890.0,12930.0,12795.0,12845.0,nan,12865.0,218733,14070000225.0,334547,12895.0,118,12890.0,300,nan,0,nan,0,nan,0,nan,0,nan,0,nan,0,nan,0,nan,0
1597988454282281984,1597988454000001024,2020-08-21 13:40:54.000001,12890.0,12930.0,12795.0,12845.0,nan,12865.0,218733,14070000225.0,334547,12895.0,120,12890.0,302,nan,0,nan,0,nan,0,nan,0,nan,0,nan,0,nan,0,nan,0
1597988454777957888,1597988455000000000,2020-08-21 13:40:55.000000,12895.0,12930.0,12795.0,12845.0,nan,12865.0,218734,14070064550.0,334547,12895.0,119,12890.0,302,nan,0,nan,0,nan,0,nan,0,nan,0,nan,0,nan,0,nan,0
1597988455277073920,1597988455000001024,2020-08-21 13:40:55.000001,12895.0,12930.0,12795.0,12845.0,nan,12865.0,218735,14070128875.0,334547,12895.0,120,12890.0,302,nan,0,nan,0,nan,0,nan,0,nan,0,nan,0,nan,0,nan,0
1597988455779174912,1597988456000000000,2020-08-21 13:40:56.000000,12895.0,12930.0,12795.0,12845.0,nan,12865.0,218737,14070257525.0,334548,12895.0,118,12890.0,301,nan,0,nan,0,nan,0,nan,0,nan,0,nan,0,nan,0,nan,0
1597988456283920896,1597988456000001024,2020-08-21 13:40:56.000001,12890.0,12930.0,12795.0,12845.0,nan,12865.0,218739,14070386175.0,334546,12895.0,118,12890.0,299,nan,0,nan,0,nan,0,nan,0,nan,0,nan,0,nan,0,nan,0
1597988456784965888,1597988457000000000,2020-08-21 13:40:57.000000,12895.0,12930.0,12795.0,12845.0,nan,12865.0,218740,14070450500.0,334547,12895.0,117,12890.0,317,nan,0,nan,0,nan,0,nan,0,nan,0,nan,0,nan,0,nan,0
1597988457279109888,1597988457000001024,2020-08-21 13:40:57.000001,12895.0,12930.0,12795.0,12845.0,nan,12865.0,218742,14070579150.0,334549,12895.0,124,12890.0,318,nan,0,nan,0,nan,0,nan,0,nan,0,nan,0,nan,0,nan,0
1597988457779230976,1597988458000000000,2020-08-21 13:40:58.000000,12895.0,12930.0,12795.0,12845.0,nan,12865.0,218746,14070836450.0,334553,12895.0,120,12890.0,318,nan,0,nan,0,nan,0,nan,0,nan,0,nan,0,nan,0,nan,0
1597988458284868096,1597988458000001024,2020-08-21 13:40:58.000001,12890.0,12930.0,12795.0,12845.0,nan,12865.0,218751,14071158075.0,334552,12895.0,118,12890.0,316,nan,0,nan,0,nan,0,nan,0,nan,0,nan,0,nan,0,nan,0
1597988459282650112,1597988459000000000,2020-08-21 13:40:59.000000,12895.0,12930.0,12795.0,12845.0,nan,12865.0,218761,14071801325.0,334554,12895.0,107,12890.0,316,nan,0,nan,0,nan,0,nan,0,nan,0,nan,0,nan,0,nan,0
1597988459780551936,1597988460000000000,2020-08-21 13:41:00.000000,12895.0,12930.0,12795.0,12845.0,nan,12865.0,218763,14071929975.0,334554,12895.0,83,12890.0,317,nan,0,nan,0,nan,0,nan,0,nan,0,nan,0,nan,0,nan,0
1597988460781711104,1597988461000000000,2020-08-21 13:41:01.000000,12890.0,12930.0,12795.0,12845.0,nan,12865.0,218765,14072058625.0,334552,12895.0,83,12890.0,315,nan,0,nan,0,nan,0,nan,0,nan,0,nan,0,nan,0,nan,0
1597988461288417024,1597988461000001024,2020-08-21 13:41:01.000001,12890.0,12930.0,12795.0,12845.0,nan,12865.0,218776,14072766200.0,334547,12895.0,83,12890.0,294,nan,0,nan,0,nan,0,nan,0,nan,0,nan,0,nan,0,nan,0
1597988461789819904,1597988462000000000,2020-08-21 13:41:02.000000,12895.0,12930.0,12795.0,12845.0,nan,12865.0,218780,14073023500.0,334545,12895.0,88,12890.0,288,nan,0,nan,0,nan,0,nan,0,nan,0,nan,0,nan,0,nan,0
1597988462292589056,1597988462000001024,2020-08-21 13:41:02.000001,12895.0,12930.0,12795.0,12845.0,nan,12865.0,218780,14073023500.0,334545,12895.0,90,12890.0,289,nan,0,nan,0,nan,0,nan,0,nan,0,nan,0,nan,0,nan,0
1597988462785968896,1597988463000000000,2020-08-21 13:41:03.000000,12895.0,12930.0,12795.0,12845.0,nan,12865.0,218787,14073473775.0,334550,12895.0,83,12890.0,289,nan,0,nan,0,nan,0,nan,0,nan,0,nan,0,nan,0,nan,0
1597988463300240896,1597988463000001024,2020-08-21 13:41:03.000001,12890.0,12930.0,12795.0,12845.0,nan,12865.0,218789,14073602425.0,334548,12895.0,76,12890.0,287,nan,0,nan,0,nan,0,nan,0,nan,0,nan,0,nan,0,nan,0
1597988463795781120,1597988464000000000,2020-08-21 13:41:04.000000,12890.0,12930.0,12795.0,12845.0,nan,12865.0,218790,14073666750.0,334548,12895.0,76,12890.0,286,nan,0,nan,0,nan,0,nan,0,nan,0,nan,0,nan,0,nan,0
1597988464286030080,1597988464000001024,2020-08-21 13:41:04.000001,12895.0,12930.0,12795.0,12845.0,nan,12865.0,218791,14073731075.0,334548,12895.0,76,12890.0,286,nan,0,nan,0,nan,0,nan,0,nan,0,nan,0,nan,0,nan,0
1597988464793274112,1597988465000000000,2020-08-21 13:41:05.000000,12895.0,12930.0,12795.0,12845.0,nan,12865.0,218791,14073731075.0,334548,12895.0,76,12890.0,287,nan,0,nan,0,nan,0,nan,0,nan,0,nan,0,nan,0,nan,0
1597988465286246912,1597988465000001024,2020-08-21 13:41:05.000001,12895.0,12930.0,12795.0,12845.0,nan,12865.0,218791,14073731075.0,334548,12895.0,82,12890.0,287,nan,0,nan,0,nan,0,nan,0,nan,0,nan,0,nan,0,nan,0
1597988465791751936,1597988466000000000,2020-08-21 13:41:06.000000,12895.0,12930.0,12795.0,12845.0,nan,12865.0,218820,14075596500.0,334527,12895.0,54,12890.0,288,nan,0,nan,0,nan,0,nan,0,nan,0,nan,0,nan,0,nan,0
1597988466787776000,1597988467000000000,2020-08-21 13:41:07.000000,12895.0,12930.0,12795.0,12845.0,nan,12865.0,218821,14075660825.0,334527,12895.0,53,12890.0,288,nan,0,nan,0,nan,0,nan,0,nan,0,nan,0,nan,0,nan,0
1597988467291801088,1597988467000001024,2020-08-21 13:41:07.000001,12895.0,12930.0,12795.0,12845.0,nan,12865.0,218821,14075660825.0,334527,12895.0,54,12890.0,288,nan,0,nan,0,nan,0,nan,0,nan,0,nan,0,nan,0,nan,0
1597988467788657920,1597988468000000000,2020-08-21 13:41:08.000000,12895.0,12930.0,12795.0,12845.0,nan,12865.0,218821,14075660825.0,334527,12895.0,54,12890.0,308,nan,0,nan,0,nan,0,nan,0,nan,0,nan,0,nan,0,nan,0
1597988468289764096,1597988468000001024,2020-08-21 13:41:08.000001,12895.0,12930.0,12795.0,12845.0,nan,12865.0,218821,14075660825.0,334527,12895.0,55,12890.0,308,nan,0,nan,0,nan,0,nan,0,nan,0,nan,0,nan,0,nan,0
1597988468796239104,1597988469000000000,2020-08-21 13:41:09.000000,12895.0,12930.0,12795.0,12845.0,nan,12865.0,218823,14075789475.0,334527,12895.0,55,12890.0,308,nan,0,nan,0,nan,0,nan,0,nan,0,nan,0,nan,0,nan,0
1597988469290396928,1597988469000001024,2020-08-21 13:41:09.000001,12895.0,12930.0,12795.0,12845.0,nan,12865.0,218823,14075789475.0,334527,12895.0,56,12890.0,311,nan,0,nan,0,nan,0,nan,0,nan,0,nan,0,nan,0,nan,0
1597988469794934016,1597988470000000000,2020-08-21 13:41:10.000000,12895.0,12930.0,12795.0,12845.0,nan,12865.0,218823,14075789475.0,334527,12895.0,57,12890.0,311,nan,0,nan,0,nan,0,nan,0,nan,0,nan,0,nan,0,nan,0
1597988470312442112,1597988470000001024,2020-08-21 13:41:10.000001,12890.0,12930.0,12795.0,12845.0,nan,12865.0,218925,14082350625.0,334482,12895.0,108,12890.0,316,nan,0,nan,0,nan,0,nan,0,nan,0,nan,0,nan,0,nan,0
1597988470789776896,1597988471000000000,2020-08-21 13:41:11.000000,12890.0,12930.0,12795.0,12845.0,nan,12865.0,218925,14082350625.0,334482,12895.0,153,12890.0,294,nan,0,nan,0,nan,0,nan,0,nan,0,nan,0,nan,0,nan,0
1597988471298390016,1597988471000001024,2020-08-21 13:41:11.000001,12890.0,12930.0,12795.0,12845.0,nan,12865.0,218935,14082993875.0,334476,12895.0,158,12890.0,295,nan,0,nan,0,nan,0,nan,0,nan,0,nan,0,nan,0,nan,0
1597988471793496064,1597988472000000000,2020-08-21 13:41:12.000000,12895.0,12930.0,12795.0,12845.0,nan,12865.0,218936,14083058200.0,334476,12895.0,158,12890.0,295,nan,0,nan,0,nan,0,nan,0,nan,0,nan,0,nan,0,nan,0
1597988472298508032,1597988472000001024,2020-08-21 13:41:12.000001,12895.0,12930.0,12795.0,12845.0,nan,12865.0,218936,14083058200.0,334476,12895.0,158,12890.0,297,nan,0,nan,0,nan,0,nan,0,nan,0,nan,0,nan,0,nan,0
1597988472797721088,1597988473000000000,2020-08-21 13:41:13.000000,12890.0,12930.0,12795.0,12845.0,nan,12865.0,218948,14083830100.0,334471,12895.0,158,12890.0,286,nan,0,nan,0,nan,0,nan,0,nan,0,nan,0,nan,0,nan,0
1597988473789084928,1597988474000000000,2020-08-21 13:41:14.000000,12890.0,12930.0,12795.0,12845.0,nan,12865.0,218951,14084023075.0,334473,12895.0,156,12890.0,284,nan,0,nan,0,nan,0,nan,0,nan,0,nan,0,nan,0,nan,0
1597988474291164928,1597988474000001024,2020-08-21 13:41:14.000001,12890.0,12930.0,12795.0,12845.0,nan,12865.0,218952,14084087400.0,334474,12895.0,156,12890.0,284,nan,0,nan,0,nan,0,nan,0,nan,0,nan,0,nan,0,nan,0
1597988475291653888,1597988475000001024,2020-08-21 13:41:15.000001,12890.0,12930.0,12795.0,12845.0,nan,12865.0,218955,14084280375.0,334473,12895.0,155,12890.0,282,nan,0,nan,0,nan,0,nan,0,nan,0,nan,0,nan,0,nan,0
1597988475788364032,1597988476000000000,2020-08-21 13:41:16.000000,12895.0,12930.0,12795.0,12845.0,nan,12865.0,218956,14084344700.0,334474,12895.0,164,12890.0,282,nan,0,nan,0,nan,0,nan,0,nan,0,nan,0,nan,0,nan,0
1597988476296316928,1597988476000001024,2020-08-21 13:41:16.000001,12895.0,12930.0,12795.0,12845.0,nan,12865.0,218956,14084344700.0,334474,12895.0,164,12890.0,285,nan,0,nan,0,nan,0,nan,0,nan,0,nan,0,nan,0,nan,0
1597988476790637056,1597988477000000000,2020-08-21 13:41:17.000000,12895.0,12930.0,12795.0,12845.0,nan,12865.0,218956,14084344700.0,334474,12895.0,163,12890.0,285,nan,0,nan,0,nan,0,nan,0,nan,0,nan,0,nan,0,nan,0
1597988477291947008,1597988477000001024,2020-08-21 13:41:17.000001,12895.0,12930.0,12795.0,12845.0,nan,12865.0,218956,14084344700.0,334474,12895.0,163,12890.0,286,nan,0,nan,0,nan,0,nan,0,nan,0,nan,0,nan,0,nan,0
1597988477792934912,1597988478000000000,2020-08-21 13:41:18.000000,12895.0,12930.0,12795.0,12845.0,nan,12865.0,218956,14084344700.0,334474,12895.0,163,12890.0,288,nan,0,nan,0,nan,0,nan,0,nan,0,nan,0,nan,0,nan,0
1597988478295744000,1597988478000001024,2020-08-21 13:41:18.000001,12895.0,12930.0,12795.0,12845.0,nan,12865.0,218956,14084344700.0,334474,12895.0,172,12890.0,289,nan,0,nan,0,nan,0,nan,0,nan,0,nan,0,nan,0,nan,0
1597988478790204928,1597988479000000000,2020-08-21 13:41:19.000000,12890.0,12930.0,12795.0,12845.0,nan,12865.0,218957,14084409025.0,334474,12895.0,172,12890.0,289,nan,0,nan,0,nan,0,nan,0,nan,0,nan,0,nan,0,nan,0
1597988479317431040,1597988479000001024,2020-08-21 13:41:19.000001,12890.0,12930.0,12795.0,12845.0,nan,12865.0,218957,14084409025.0,334474,12895.0,175,12890.0,289,nan,0,nan,0,nan,0,nan,0,nan,0,nan,0,nan,0,nan,0
1597988479789224960,1597988480000000000,2020-08-21 13:41:20.000000,12890.0,12930.0,12795.0,12845.0,nan,12865.0,218957,14084409025.0,334474,12895.0,177,12890.0,289,nan,0,nan,0,nan,0,nan,0,nan,0,nan,0,nan,0,nan,0
1597988480294991104,1597988480000001024,2020-08-21 13:41:20.000001,12890.0,12930.0,12795.0,12845.0,nan,12865.0,218958,14084473350.0,334473,12895.0,177,12890.0,289,nan,0,nan,0,nan,0,nan,0,nan,0,nan,0,nan,0,nan,0
1597988481294611968,1597988481000001024,2020-08-21 13:41:21.000001,12890.0,12930.0,12795.0,12845.0,nan,12865.0,218958,14084473350.0,334473,12895.0,178,12890.0,299,nan,0,nan,0,nan,0,nan,0,nan,0,nan,0,nan,0,nan,0
1597988481798342912,1597988482000000000,2020-08-21 13:41:22.000000,12890.0,12930.0,12795.0,12845.0,nan,12865.0,218958,14084473350.0,334473,12895.0,178,12890.0,306,nan,0,nan,0,nan,0,nan,0,nan,0,nan,0,nan,0,nan,0
1597988482293817088,1597988482000001024,2020-08-21 13:41:22.000001,12890.0,12930.0,12795.0,12845.0,nan,12865.0,218959,14084537675.0,334472,12895.0,178,12890.0,315,nan,0,nan,0,nan,0,nan,0,nan,0,nan,0,nan,0,nan,0
1597988482800827904,1597988483000000000,2020-08-21 13:41:23.000000,12890.0,12930.0,12795.0,12845.0,nan,12865.0,218959,14084537675.0,334472,12895.0,178,12890.0,316,nan,0,nan,0,nan,0,nan,0,nan,0,nan,0,nan,0,nan,0
1597988483298091008,1597988483000001024,2020-08-21 13:41:23.000001,12890.0,12930.0,12795.0,12845.0,nan,12865.0,218959,14084537675.0,334472,12895.0,180,12890.0,316,nan,0,nan,0,nan,0,nan,0,nan,0,nan,0,nan,0,nan,0
1597988483799127040,1597988484000000000,2020-08-21 13:41:24.000000,12890.0,12930.0,12795.0,12845.0,nan,12865.0,218962,14084730650.0,334470,12895.0,169,12890.0,313,nan,0,nan,0,nan,0,nan,0,nan,0,nan,0,nan,0,nan,0
1597988484300570880,1597988484000001024,2020-08-21 13:41:24.000001,12890.0,12930.0,12795.0,12845.0,nan,12865.0,218967,14085052275.0,334470,12895.0,173,12890.0,306,nan,0,nan,0,nan,0,nan,0,nan,0,nan,0,nan,0,nan,0
1597988484804674048,1597988485000000000,2020-08-21 13:41:25.000000,12890.0,12930.0,12795.0,12845.0,nan,12865.0,218968,14085116600.0,334470,12895.0,173,12890.0,305,nan,0,nan,0,nan,0,nan,0,nan,0,nan,0,nan,0,nan,0
1597988485310343936,1597988485000001024,2020-08-21 13:41:25.000001,12890.0,12930.0,12795.0,12845.0,nan,12865.0,218968,14085116600.0,334470,12895.0,174,12890.0,305,nan,0,nan,0,nan,0,nan,0,nan,0,nan,0,nan,0,nan,0
1597988486827273984,1597988487000000000,2020-08-21 13:41:27.000000,12895.0,12930.0,12795.0,12845.0,nan,12865.0,218983,14086081475.0,334478,12895.0,159,12890.0,300,nan,0,nan,0,nan,0,nan,0,nan,0,nan,0,nan,0,nan,0
1597988487301426944,1597988487000001024,2020-08-21 13:41:27.000001,12895.0,12930.0,12795.0,12845.0,nan,12865.0,218983,14086081475.0,334478,12895.0,163,12890.0,300,nan,0,nan,0,nan,0,nan,0,nan,0,nan,0,nan,0,nan,0
1597988487802326016,1597988488000000000,2020-08-21 13:41:28.000000,12890.0,12930.0,12795.0,12845.0,nan,12865.0,218985,14086210125.0,334478,12895.0,165,12890.0,298,nan,0,nan,0,nan,0,nan,0,nan,0,nan,0,nan,0,nan,0
1597988488305934080,1597988488000001024,2020-08-21 13:41:28.000001,12890.0,12930.0,12795.0,12845.0,nan,12865.0,218985,14086210125.0,334478,12895.0,166,12890.0,299,nan,0,nan,0,nan,0,nan,0,nan,0,nan,0,nan,0,nan,0
1597988488798209024,1597988489000000000,2020-08-21 13:41:29.000000,12890.0,12930.0,12795.0,12845.0,nan,12865.0,218996,14086917700.0,334471,12895.0,166,12890.0,308,nan,0,nan,0,nan,0,nan,0,nan,0,nan,0,nan,0,nan,0
1597988489301743104,1597988489000001024,2020-08-21 13:41:29.000001,12895.0,12930.0,12795.0,12845.0,nan,12865.0,218997,14086982025.0,334471,12895.0,165,12890.0,305,nan,0,nan,0,nan,0,nan,0,nan,0,nan,0,nan,0,nan,0
1597988489798902016,1597988490000000000,2020-08-21 13:41:30.000000,12895.0,12930.0,12795.0,12845.0,nan,12865.0,218997,14086982025.0,334471,12895.0,202,12890.0,305,nan,0,nan,0,nan,0,nan,0,nan,0,nan,0,nan,0,nan,0
1597988490301798912,1597988490000001024,2020-08-21 13:41:30.000001,12895.0,12930.0,12795.0,12845.0,nan,12865.0,218997,14086982025.0,334471,12895.0,208,12890.0,306,nan,0,nan,0,nan,0,nan,0,nan,0,nan,0,nan,0,nan,0
1597988491306277120,1597988491000001024,2020-08-21 13:41:31.000001,12895.0,12930.0,12795.0,12845.0,nan,12865.0,218997,14086982025.0,334471,12895.0,208,12890.0,395,nan,0,nan,0,nan,0,nan,0,nan,0,nan,0,nan,0,nan,0
1597988492310128896,1597988492000001024,2020-08-21 13:41:32.000001,12890.0,12930.0,12795.0,12845.0,nan,12865.0,218999,14087110675.0,334472,12895.0,207,12890.0,394,nan,0,nan,0,nan,0,nan,0,nan,0,nan,0,nan,0,nan,0
1597988492804972032,1597988493000000000,2020-08-21 13:41:33.000000,12890.0,12930.0,12795.0,12845.0,nan,12865.0,218999,14087110675.0,334472,12895.0,213,12890.0,390,nan,0,nan,0,nan,0,nan,0,nan,0,nan,0,nan,0,nan,0
1597988493310740992,1597988493000001024,2020-08-21 13:41:33.000001,12890.0,12930.0,12795.0,12845.0,nan,12865.0,218999,14087110675.0,334472,12895.0,214,12890.0,390,nan,0,nan,0,nan,0,nan,0,nan,0,nan,0,nan,0,nan,0
1597988493804392960,1597988494000000000,2020-08-21 13:41:34.000000,12890.0,12930.0,12795.0,12845.0,nan,12865.0,219000,14087175000.0,334473,12895.0,214,12890.0,389,nan,0,nan,0,nan,0,nan,0,nan,0,nan,0,nan,0,nan,0
1597988494794379008,1597988495000000000,2020-08-21 13:41:35.000000,12890.0,12930.0,12795.0,12845.0,nan,12865.0,219002,14087303650.0,334471,12895.0,214,12890.0,387,nan,0,nan,0,nan,0,nan,0,nan,0,nan,0,nan,0,nan,0
1597988495303813120,1597988495000001024,2020-08-21 13:41:35.000001,12890.0,12930.0,12795.0,12845.0,nan,12865.0,219002,14087303650.0,334471,12895.0,214,12890.0,393,nan,0,nan,0,nan,0,nan,0,nan,0,nan,0,nan,0,nan,0
1597988496299685120,1597988496000001024,2020-08-21 13:41:36.000001,12890.0,12930.0,12795.0,12845.0,nan,12865.0,219003,14087367975.0,334471,12895.0,214,12890.0,392,nan,0,nan,0,nan,0,nan,0,nan,0,nan,0,nan,0,nan,0
1597988496832979968,1597988497000000000,2020-08-21 13:41:37.000000,12890.0,12930.0,12795.0,12845.0,nan,12865.0,219008,14087689600.0,334469,12895.0,218,12890.0,437,nan,0,nan,0,nan,0,nan,0,nan,0,nan,0,nan,0,nan,0
1597988498796857088,1597988499000000000,2020-08-21 13:41:39.000000,12890.0,12930.0,12795.0,12845.0,nan,12865.0,219008,14087689600.0,334469,12895.0,219,12890.0,437,nan,0,nan,0,nan,0,nan,0,nan,0,nan,0,nan,0,nan,0
1597988499802710016,1597988500000000000,2020-08-21 13:41:40.000000,12895.0,12930.0,12795.0,12845.0,nan,12865.0,219010,14087818250.0,334467,12895.0,190,12890.0,437,nan,0,nan,0,nan,0,nan,0,nan,0,nan,0,nan,0,nan,0
1597988500317447936,1597988500000001024,2020-08-21 13:41:40.000001,12895.0,12930.0,12795.0,12845.0,nan,12865.0,219010,14087818250.0,334467,12895.0,193,12890.0,447,nan,0,nan,0,nan,0,nan,0,nan,0,nan,0,nan,0,nan,0
1597988501800109056,1597988502000000000,2020-08-21 13:41:42.000000,12890.0,12930.0,12795.0,12845.0,nan,12865.0,219035,14089426375.0,334451,12895.0,193,12890.0,422,nan,0,nan,0,nan,0,nan,0,nan,0,nan,0,nan,0,nan,0
1597988502300325120,1597988502000001024,2020-08-21 13:41:42.000001,12890.0,12930.0,12795.0,12845.0,nan,12865.0,219035,14089426375.0,334451,12895.0,206,12890.0,436,nan,0,nan,0,nan,0,nan,0,nan,0,nan,0,nan,0,nan,0
1597988502805256960,1597988503000000000,2020-08-21 13:41:43.000000,12890.0,12930.0,12795.0,12845.0,nan,12865.0,219035,14089426375.0,334451,12895.0,205,12890.0,436,nan,0,nan,0,nan,0,nan,0,nan,0,nan,0,nan,0,nan,0
1597988503343634944,1597988503000001024,2020-08-21 13:41:43.000001,12890.0,12930.0,12795.0,12845.0,nan,12865.0,219035,14089426375.0,334451,12895.0,205,12890.0,439,nan,0,nan,0,nan,0,nan,0,nan,0,nan,0,nan,0,nan,0
1597988503803084032,1597988504000000000,2020-08-21 13:41:44.000000,12890.0,12930.0,12795.0,12845.0,nan,12865.0,219038,14089619350.0,334451,12895.0,202,12890.0,438,nan,0,nan,0,nan,0,nan,0,nan,0,nan,0,nan,0,nan,0
1597988504305672960,1597988504000001024,2020-08-21 13:41:44.000001,12890.0,12930.0,12795.0,12845.0,nan,12865.0,219038,14089619350.0,334451,12895.0,202,12890.0,439,nan,0,nan,0,nan,0,nan,0,nan,0,nan,0,nan,0,nan,0
1597988504806511104,1597988505000000000,2020-08-21 13:41:45.000000,12890.0,12930.0,12795.0,12845.0,nan,12865.0,219039,14089683675.0,334451,12895.0,201,12890.0,438,nan,0,nan,0,nan,0,nan,0,nan,0,nan,0,nan,0,nan,0
1597988505306300928,1597988505000001024,2020-08-21 13:41:45.000001,12890.0,12930.0,12795.0,12845.0,nan,12865.0,219040,14089748000.0,334451,12895.0,201,12890.0,437,nan,0,nan,0,nan,0,nan,0,nan,0,nan,0,nan,0,nan,0
1597988505840648960,1597988506000000000,2020-08-21 13:41:46.000000,12895.0,12930.0,12795.0,12845.0,nan,12865.0,219041,14089812325.0,334451,12895.0,200,12890.0,437,nan,0,nan,0,nan,0,nan,0,nan,0,nan,0,nan,0,nan,0
1597988506324662016,1597988506000001024,2020-08-21 13:41:46.000001,12895.0,12930.0,12795.0,12845.0,nan,12865.0,219041,14089812325.0,334451,12895.0,200,12890.0,438,nan,0,nan,0,nan,0,nan,0,nan,0,nan,0,nan,0,nan,0
1597988506806322944,1597988507000000000,2020-08-21 13:41:47.000000,12895.0,12930.0,12795.0,12845.0,nan,12865.0,219041,14089812325.0,334451,12895.0,200,12890.0,444,nan,0,nan,0,nan,0,nan,0,nan,0,nan,0,nan,0,nan,0
1597988507302926080,1597988507000001024,2020-08-21 13:41:47.000001,12895.0,12930.0,12795.0,12845.0,nan,12865.0,219041,14089812325.0,334451,12895.0,200,12890.0,445,nan,0,nan,0,nan,0,nan,0,nan,0,nan,0,nan,0,nan,0
1597988507802810112,1597988508000000000,2020-08-21 13:41:48.000000,12895.0,12930.0,12795.0,12845.0,nan,12865.0,219041,14089812325.0,334451,12895.0,201,12890.0,448,nan,0,nan,0,nan,0,nan,0,nan,0,nan,0,nan,0,nan,0
1597988508808474112,1597988509000000000,2020-08-21 13:41:49.000000,12895.0,12930.0,12795.0,12845.0,nan,12865.0,219041,14089812325.0,334451,12895.0,202,12890.0,448,nan,0,nan,0,nan,0,nan,0,nan,0,nan,0,nan,0,nan,0
1597988509338384896,1597988509000001024,2020-08-21 13:41:49.000001,12895.0,12930.0,12795.0,12845.0,nan,12865.0,219041,14089812325.0,334451,12895.0,204,12890.0,449,nan,0,nan,0,nan,0,nan,0,nan,0,nan,0,nan,0,nan,0
1597988509826893056,1597988510000000000,2020-08-21 13:41:50.000000,12895.0,12930.0,12795.0,12845.0,nan,12865.0,219041,14089812325.0,334451,12895.0,204,12890.0,457,nan,0,nan,0,nan,0,nan,0,nan,0,nan,0,nan,0,nan,0
1597988510308715008,1597988510000001024,2020-08-21 13:41:50.000001,12895.0,12930.0,12795.0,12845.0,nan,12865.0,219041,14089812325.0,334451,12895.0,213,12890.0,457,nan,0,nan,0,nan,0,nan,0,nan,0,nan,0,nan,0,nan,0
1597988510807275008,1597988511000000000,2020-08-21 13:41:51.000000,12895.0,12930.0,12795.0,12845.0,nan,12865.0,219042,14089876650.0,334451,12895.0,212,12890.0,457,nan,0,nan,0,nan,0,nan,0,nan,0,nan,0,nan,0,nan,0
1597988511308069888,1597988511000001024,2020-08-21 13:41:51.000001,12890.0,12930.0,12795.0,12845.0,nan,12865.0,219044,14090005300.0,334452,12895.0,221,12890.0,456,nan,0,nan,0,nan,0,nan,0,nan,0,nan,0,nan,0,nan,0
1597988511804459008,1597988512000000000,2020-08-21 13:41:52.000000,12890.0,12930.0,12795.0,12845.0,nan,12865.0,219044,14090005300.0,334452,12895.0,226,12890.0,462,nan,0,nan,0,nan,0,nan,0,nan,0,nan,0,nan,0,nan,0
1597988512312859904,1597988512000001024,2020-08-21 13:41:52.000001,12890.0,12930.0,12795.0,12845.0,nan,12865.0,219044,14090005300.0,334452,12895.0,228,12890.0,462,nan,0,nan,0,nan,0,nan,0,nan,0,nan,0,nan,0,nan,0
1597988512806547968,1597988513000000000,2020-08-21 13:41:53.000000,12890.0,12930.0,12795.0,12845.0,nan,12865.0,219044,14090005300.0,334452,12895.0,228,12890.0,463,nan,0,nan,0,nan,0,nan,0,nan,0,nan,0,nan,0,nan,0
1597988513313054976,1597988513000001024,2020-08-21 13:41:53.000001,12890.0,12930.0,12795.0,12845.0,nan,12865.0,219044,14090005300.0,334452,12895.0,227,12890.0,463,nan,0,nan,0,nan,0,nan,0,nan,0,nan,0,nan,0,nan,0
1597988513812770048,1597988514000000000,2020-08-21 13:41:54.000000,12890.0,12930.0,12795.0,12845.0,nan,12865.0,219046,14090133950.0,334453,12895.0,226,12890.0,462,nan,0,nan,0,nan,0,nan,0,nan,0,nan,0,nan,0,nan,0
1597988514313485056,1597988514000001024,2020-08-21 13:41:54.000001,12890.0,12930.0,12795.0,12845.0,nan,12865.0,219046,14090133950.0,334453,12895.0,234,12890.0,463,nan,0,nan,0,nan,0,nan,0,nan,0,nan,0,nan,0,nan,0
1597988514808505088,1597988515000000000,2020-08-21 13:41:55.000000,12895.0,12930.0,12795.0,12845.0,nan,12865.0,219047,14090198275.0,334453,12895.0,244,12890.0,461,nan,0,nan,0,nan,0,nan,0,nan,0,nan,0,nan,0,nan,0
1597988515319641088,1597988515000001024,2020-08-21 13:41:55.000001,12895.0,12930.0,12795.0,12845.0,nan,12865.0,219047,14090198275.0,334453,12895.0,247,12890.0,460,nan,0,nan,0,nan,0,nan,0,nan,0,nan,0,nan,0,nan,0
1597988516811548928,1597988517000000000,2020-08-21 13:41:57.000000,12895.0,12930.0,12795.0,12845.0,nan,12865.0,219047,14090198275.0,334453,12895.0,247,12890.0,461,nan,0,nan,0,nan,0,nan,0,nan,0,nan,0,nan,0,nan,0
1597988517315802880,1597988517000001024,2020-08-21 13:41:57.000001,12890.0,12930.0,12795.0,12845.0,nan,12865.0,219050,14090391250.0,334452,12895.0,247,12890.0,458,nan,0,nan,0,nan,0,nan,0,nan,0,nan,0,nan,0,nan,0
1597988518824898048,1597988519000000000,2020-08-21 13:41:59.000000,12890.0,12930.0,12795.0,12845.0,nan,12865.0,219051,14090455575.0,334451,12895.0,247,12890.0,458,nan,0,nan,0,nan,0,nan,0,nan,0,nan,0,nan,0,nan,0
1597988519340100096,1597988519000001024,2020-08-21 13:41:59.000001,12895.0,12930.0,12795.0,12845.0,nan,12865.0,219052,14090519900.0,334450,12895.0,251,12890.0,459,nan,0,nan,0,nan,0,nan,0,nan,0,nan,0,nan,0,nan,0
1597988519814390016,1597988520000000000,2020-08-21 13:42:00.000000,12890.0,12930.0,12795.0,12845.0,nan,12865.0,219102,14093736150.0,334465,12895.0,253,12890.0,428,nan,0,nan,0,nan,0,nan,0,nan,0,nan,0,nan,0,nan,0
1597988520320739072,1597988520000001024,2020-08-21 13:42:00.000001,12890.0,12930.0,12795.0,12845.0,nan,12865.0,219103,14093800475.0,334465,12895.0,256,12890.0,427,nan,0,nan,0,nan,0,nan,0,nan,0,nan,0,nan,0,nan,0
1597988520817970944,1597988521000000000,2020-08-21 13:42:01.000000,12890.0,12930.0,12795.0,12845.0,nan,12865.0,219103,14093800475.0,334465,12895.0,258,12890.0,427,nan,0,nan,0,nan,0,nan,0,nan,0,nan,0,nan,0,nan,0
1597988522313744896,1597988522000001024,2020-08-21 13:42:02.000001,12895.0,12930.0,12795.0,12845.0,nan,12865.0,219104,14093864800.0,334464,12895.0,257,12890.0,427,nan,0,nan,0,nan,0,nan,0,nan,0,nan,0,nan,0,nan,0
1597988522807441920,1597988523000000000,2020-08-21 13:42:03.000000,12895.0,12930.0,12795.0,12845.0,nan,12865.0,219104,14093864800.0,334464,12895.0,257,12890.0,428,nan,0,nan,0,nan,0,nan,0,nan,0,nan,0,nan,0,nan,0
1597988523308914944,1597988523000001024,2020-08-21 13:42:03.000001,12890.0,12930.0,12795.0,12845.0,nan,12865.0,219105,14093929125.0,334464,12895.0,257,12890.0,427,nan,0,nan,0,nan,0,nan,0,nan,0,nan,0,nan,0,nan,0
1597988523809895936,1597988524000000000,2020-08-21 13:42:04.000000,12890.0,12930.0,12795.0,12845.0,nan,12865.0,219117,14094701025.0,334470,12895.0,242,12890.0,426,nan,0,nan,0,nan,0,nan,0,nan,0,nan,0,nan,0,nan,0
