symbol,datetime,last_price,highest,lowest,open,close,average,volume,amount,open_interest,settlement,upper_limit,lower_limit,pre_open_interest,pre_settlement,pre_close,ask_price1,ask_volume1,bid_price1,bid_volume1,ask_price2,ask_volume2,bid_price2,bid_volume2,ask_price3,ask_volume3,bid_price3,bid_volume3,ask_price4,ask_volume4,bid_price4,bid_volume4,ask_price5,ask_volume5,bid_price5,bid_volume5
KQ.i@CFFEX.IF,2020-08-21 14:59:59.938006,4679.856,4706.152,4641.558,4680.44,4679.856,4680.088,141513,199107355500.0,169289,4665.192,nan,nan,180075,4637.022,4646.132,nan,0,nan,0,nan,0,nan,0,nan,0,nan,0,nan,0,nan,0,nan,0,nan,0
KQ.m@CFFEX.IF,2020-08-21 14:59:59.938005,4693.0,4719.6,4650.6,4691.6,4693.0,4692.511,108473,152703221340.0,128025,4676.8,5114.6,4185.0,117004,4649.8,4659.6,4694.0,1,4693.0,4,nan,0,nan,0,nan,0,nan,0,nan,0,nan,0,nan,0,nan,0
KQ.i@CFFEX.IH,2020-08-21 14:59:59.427005,3280.404,3294.893,3254.738,3281.74,3280.404,3274.371,57108,56148631020.0,70631,3268.247,nan,nan,75551,3249.205,3253.62,nan,0,nan,0,nan,0,nan,0,nan,0,nan,0,nan,0,nan,0,nan,0,nan,0
KQ.m@CFFEX.IH,2020-08-21 14:59:59.938005,3286.2,3300.0,3255.8,3282.0,3286.2,3278.786,38875,38238837120.0,48549,3272.2,3579.0,2928.6,41659,3253.8,3258.4,3286.6,6,3285.8,5,nan,0,nan,0,nan,0,nan,0,nan,0,nan,0,nan,0,nan,0
KQ.i@CFFEX.IC,2020-08-21 14:59:59.938006,6453.869,6530.09,6405.803,6467.106,6453.869,6478.01,170984,223228510080.0,204634,6443.201,nan,nan,217077,6420.514,6424.848,nan,0,nan,0,nan,0,nan,0,nan,0,nan,0,nan,0,nan,0,nan,0,nan,0
KQ.m@CFFEX.IC,2020-08-21 14:59:59.938005,6522.2,6605.8,6468.4,6540.0,6522.2,6547.639,123052,161140005320.0,133479,6511.0,7138.6,5841.0,119772,6489.8,6495.8,6522.4,15,6521.2,3,nan,0,nan,0,nan,0,nan,0,nan,0,nan,0,nan,0,nan,0
KQ.i@CFFEX.TF,2020-08-21 15:14:59.999502,100.166,100.274,100.011,100.057,100.166,100.123,20505,20517806500.0,41321,100.197,nan,nan,41016,100.066,100.061,nan,0,nan,0,nan,0,nan,0,nan,0,nan,0,nan,0,nan,0,nan,0,nan,0
KQ.m@CFFEX.TF,2020-08-21 15:14:59.999502,100.045,100.17,99.885,99.935,100.045,100.008,18046,18047508650.0,31016,100.08,101.14,98.75,30000,99.945,99.935,100.05,7,100.045,1,nan,0,nan,0,nan,0,nan,0,nan,0,nan,0,nan,0,nan,0
KQ.i@CFFEX.T,2020-08-21 15:14:59.999502,98.542,98.613,98.38,98.403,98.542,98.492,57171,56279618000.0,95585,98.573,nan,nan,97159,98.375,98.357,nan,0,nan,0,nan,0,nan,0,nan,0,nan,0,nan,0,nan,0,nan,0,nan,0
KQ.m@CFFEX.T,2020-08-21 15:14:59.999502,98.38,98.46,98.19,98.195,98.38,98.337,46839,46060074750.0,71589,98.42,100.165,96.245,69429,98.205,98.185,98.38,41,98.375,94,nan,0,nan,0,nan,0,nan,0,nan,0,nan,0,nan,0,nan,0
KQ.i@SHFE.cu,2020-08-21 14:59:59.427003,51768.389,52243.607,51561.91,52097.971,51768.389,51948.83,248164,64463814800.0,325331,51943.298,nan,nan,331815,52279.519,52021.665,nan,0,nan,0,nan,0,nan,0,nan,0,nan,0,nan,0,nan,0,nan,0,nan,0
KQ.m@SHFE.cu,2020-08-21 14:59:59.938004,51800.0,52280.0,51570.0,52160.0,51800.0,51975.439,126839,32962563850.0,115980,51970.0,56490.0,48120.0,117780,52310.0,52040.0,51800.0,1,51760.0,1,51810.0,74,51750.0,12,51820.0,24,51740.0,3,51830.0,21,51730.0,3,51840.0,13,51720.0,6
KQ.i@SHFE.au,2020-08-21 14:59:59.427003,420.28,421.605,415.732,417.969,420.28,418.659,356231,148970036780.0,333209,418.644,nan,nan,335442,424.051,419.12,nan,0,nan,0,nan,0,nan,0,nan,0,nan,0,nan,0,nan,0,nan,0,nan,0
KQ.m@SHFE.au,2020-08-21 14:59:59.938004,419.48,420.88,414.8,417.0,419.48,417.878,309753,129438862640.0,240658,417.86,448.74,397.92,241803,423.34,418.28,419.5,1,419.44,5,419.52,10,419.38,1,419.54,3,419.36,1,419.6,1,419.34,4,419.62,1,419.32,1
KQ.i@SHFE.ag,2020-08-21 14:59:59.427003,6090.505,6189.24,6055.062,6140.683,6090.505,6116.78,2944522,270119645745.0,712166,6116.673,nan,nan,733737,6187.17,6114.744,nan,0,nan,0,nan,0,nan,0,nan,0,nan,0,nan,0,nan,0,nan,0,nan,0
KQ.m@SHFE.ag,2020-08-21 14:59:59.938004,6088.0,6188.0,6052.0,6138.0,6088.0,6115.05,2674014,245275956975.0,572683,6115.0,6803.0,5566.0,595880,6185.0,6113.0,6089.0,10,6088.0,67,6090.0,25,6087.0,78,6091.0,94,6086.0,82,6092.0,156,6085.0,50,6093.0,152,6084.0,42
KQ.i@SHFE.zn,2020-08-21 14:59:59.427003,19971.16,20126.958,19920.901,20068.152,19971.16,20019.517,275666,27656529075.0,225218,20016.363,nan,nan,231393,20102.031,20004.556,nan,0,nan,0,nan,0,nan,0,nan,0,nan,0,nan,0,nan,0,nan,0,nan,0
KQ.m@SHFE.zn,2020-08-21 14:59:59.938004,20060.0,20220.0,20020.0,20195.0,20060.0,20112.764,118979,11964982675.0,62501,20110.0,21820.0,18585.0,70941,20205.0,20095.0,20065.0,22,20060.0,169,20070.0,11,20055.0,24,20075.0,18,20050.0,9,20080.0,10,20045.0,32,20085.0,8,20040.0,95
KQ.i@SHFE.al,2020-08-21 14:59:59.427003,14494.459,14698.96,14480.004,14505.422,14494.459,14573.913,286714,21036250675.0,346037,14570.731,nan,nan,349462,14471.409,14436.32,nan,0,nan,0,nan,0,nan,0,nan,0,nan,0,nan,0,nan,0,nan,0,nan,0
KQ.m@SHFE.al,2020-08-21 14:59:59.938004,14710.0,14985.0,14690.0,14780.0,14710.0,14823.445,129200,9575945600.0,113300,14820.0,15885.0,13530.0,113636,14710.0,14675.0,14710.0,17,14705.0,74,14720.0,75,14700.0,426,14725.0,14,14695.0,311,14730.0,42,14690.0,258,14735.0,39,14685.0,56
KQ.i@SHFE.ru,2020-08-21 14:59:59.427003,12195.066,12230.518,12098.297,12170.275,12195.066,12166.622,253978,31205520500.0,293125,12162.574,nan,nan,295233,12178.403,12167.75,nan,0,nan,0,nan,0,nan,0,nan,0,nan,0,nan,0,nan,0,nan,0,nan,0
KQ.m@SHFE.ru,2020-08-21 14:59:59.938004,12380.0,12425.0,12280.0,12360.0,12380.0,12354.436,221110,27316894200.0,206645,12350.0,13110.0,11625.0,206333,12370.0,12360.0,12380.0,6,12375.0,114,12385.0,233,12370.0,99,12390.0,200,12365.0,216,12395.0,211,12360.0,232,12400.0,211,12355.0,136
KQ.i@SHFE.rb,2020-08-21 14:59:59.427003,3744.923,3765.817,3733.086,3740.224,3744.923,3748.108,1041539,39131110770.0,1883407,3747.23,nan,nan,1901823,3751.574,3738.015,nan,0,nan,0,nan,0,nan,0,nan,0,nan,0,nan,0,nan,0,nan,0,nan,0
KQ.m@SHFE.rb,2020-08-21 14:59:59.938004,3783.0,3800.0,3764.0,3765.0,3783.0,3780.861,550678,20820370740.0,779082,3780.0,3998.0,3545.0,832444,3772.0,3765.0,3784.0,252,3783.0,3,3785.0,991,3782.0,14,3786.0,258,3781.0,42,3787.0,252,3780.0,258,3788.0,1000,3779.0,148
KQ.i@SHFE.fu,2020-08-21 14:59:59.427003,1952.184,1964.97,1896.13,1921.901,1952.184,1938.015,1608288,31319478050.0,522758,1937.602,nan,nan,511422,1888.56,1922.373,nan,0,nan,0,nan,0,nan,0,nan,0,nan,0,nan,0,nan,0,nan,0,nan,0
KQ.m@SHFE.fu,2020-08-21 14:59:59.938004,1968.0,1985.0,1911.0,1939.0,1968.0,1955.322,1470912,28761070520.0,426828,1955.0,2090.0,1710.0,405185,1900.0,1939.0,1968.0,86,1967.0,6,1969.0,270,1966.0,517,1970.0,195,1965.0,334,1971.0,112,1964.0,397,1972.0,207,1963.0,410
KQ.i@SHFE.hc,2020-08-21 14:59:59.427003,3899.495,3917.579,3878.775,3891.369,3899.495,3899.804,308747,12045540090.0,694607,3899.118,nan,nan,689698,3901.227,3904.097,nan,0,nan,0,nan,0,nan,0,nan,0,nan,0,nan,0,nan,0,nan,0,nan,0
KQ.m@SHFE.hc,2020-08-21 14:59:59.938004,3960.0,3980.0,3940.0,3940.0,3960.0,3961.602,158988,6298472180.0,363734,3961.0,4198.0,3723.0,374309,3961.0,3967.0,3960.0,6,3959.0,7,3961.0,2,3958.0,7,3962.0,3,3957.0,32,3963.0,24,3956.0,80,3964.0,67,3955.0,15
KQ.i@SHFE.bu,2020-08-21 14:59:59.427003,2702.269,2737.495,2674.836,2697.53,2702.269,2708.239,753694,20396479100.0,662095,2707.904,nan,nan,672626,2668.546,2692.829,nan,0,nan,0,nan,0,nan,0,nan,0,nan,0,nan,0,nan,0,nan,0,nan,0
KQ.m@SHFE.bu,2020-08-21 14:59:59.938004,2698.0,2734.0,2670.0,2694.0,2698.0,2704.217,701171,18961186500.0,532293,2704.0,2876.0,2450.0,543221,2664.0,2688.0,2698.0,2,2696.0,885,2700.0,165,2694.0,577,2702.0,776,2692.0,1864,2704.0,497,2690.0,1011,2706.0,329,2688.0,1428
KQ.i@SHFE.pb,2020-08-21 14:59:59.427003,16037.082,16094.283,15962.329,16056.211,16037.082,16023.664,37883,3036075425.0,45325,16020.776,nan,nan,45292,16151.887,16007.016,nan,0,nan,0,nan,0,nan,0,nan,0,nan,0,nan,0,nan,0,nan,0,nan,0
KQ.m@SHFE.pb,2020-08-21 14:59:59.000003,16030.0,16100.0,15955.0,16085.0,16030.0,16026.816,22867,1832426025.0,23538,16025.0,17455.0,14870.0,21981,16165.0,16015.0,16030.0,23,16025.0,88,16040.0,14,16020.0,24,16045.0,4,16015.0,13,16050.0,8,16010.0,19,16055.0,9,16005.0,27
KQ.i@SHFE.ni,2020-08-21 14:59:59.427003,115393.953,116956.331,114796.735,116639.766,115393.953,115656.985,754256,87254711620.0,258275,115650.62,nan,nan,260779,116053.519,116040.518,nan,0,nan,0,nan,0,nan,0,nan,0,nan,0,nan,0,nan,0,nan,0,nan,0
KQ.m@SHFE.ni,2020-08-21 14:59:59.938004,115350.0,116920.0,114720.0,116850.0,115350.0,115616.372,224568,25963737530.0,103135,115610.0,125310.0,106740.0,110553,116030.0,115950.0,115350.0,11,115330.0,6,115360.0,2,115320.0,3,115380.0,6,115310.0,4,115390.0,1,115300.0,16,115400.0,110,115290.0,2
KQ.i@SHFE.sn,2020-08-21 14:59:59.427003,143999.884,144445.332,141955.842,142153.741,143999.884,143351.548,68041,9751235640.0,42381,143348.389,nan,nan,44994,143356.516,142044.215,nan,0,nan,0,nan,0,nan,0,nan,0,nan,0,nan,0,nan,0,nan,0,nan,0
KQ.m@SHFE.sn,2020-08-21 14:59:59.938003,143870.0,144360.0,141820.0,141910.0,143870.0,143161.416,48313,6916557480.0,20554,143160.0,154740.0,131810.0,23297,143280.0,141820.0,143950.0,33,143870.0,1,143970.0,2,143850.0,3,143980.0,1,143840.0,2,143990.0,5,143830.0,1,144000.0,4,143820.0,1
KQ.i@SHFE.wr,2020-08-21 14:59:59.000002,4022.875,4039.688,4009.062,4009.062,4022.875,4019.0,13,524820.0,15,4018.562,nan,nan,16,4016.812,4009.062,nan,0,nan,0,nan,0,nan,0,nan,0,nan,0,nan,0,nan,0,nan,0,nan,0
KQ.m@SHFE.wr,2020-08-21 14:59:59.000002,4065.0,4083.0,4037.0,4037.0,4065.0,4059.7,10,405970.0,10,4059.0,4297.0,3810.0,10,4054.0,4036.0,4082.0,1,4060.0,2,4097.0,1,3919.0,1,4098.0,1,3900.0,1,4190.0,1,3888.0,1,nan,0,3813.0,1
KQ.i@INE.sc,2020-08-21 14:59:59.427003,294.958,297.614,293.251,297.554,294.958,295.056,100900,29295845000.0,133550,294.997,nan,nan,132623,297.484,297.398,nan,0,nan,0,nan,0,nan,0,nan,0,nan,0,nan,0,nan,0,nan,0,nan,0
KQ.m@INE.sc,2020-08-21 14:59:59.938004,286.3,289.3,284.3,289.0,286.3,286.152,78116,22353035100.0,67020,286.1,318.0,260.1,66287,289.1,288.8,286.3,1,286.2,15,286.4,11,286.1,4,286.5,24,286.0,18,286.6,43,285.9,5,286.7,19,285.8,9
KQ.i@DCE.a,2020-08-21 14:59:59.938002,4515.21,4554.973,4496.24,4528.022,4515.21,4528.12,240362,10852332720.0,180467,4528.12,nan,nan,189637,4522.22,4524.957,nan,0,nan,0,nan,0,nan,0,nan,0,nan,0,nan,0,nan,0,nan,0,nan,0
KQ.m@DCE.a,2020-08-21 14:59:59.938002,4488.0,4538.0,4466.0,4505.0,4488.0,4504.0,210000,9460149570.0,142860,4504.0,4858.0,4140.0,145267,4499.0,4502.0,4489.0,4,4488.0,25,nan,0,nan,0,nan,0,nan,0,nan,0,nan,0,nan,0,nan,0
KQ.i@DCE.b,2020-08-21 14:59:59.938002,3327.712,3360.335,3310.353,3349.082,3327.712,3328.181,60647,2025755740.0,44665,3328.181,nan,nan,44539,3386.429,3354.973,nan,0,nan,0,nan,0,nan,0,nan,0,nan,0,nan,0,nan,0,nan,0,nan,0
KQ.m@DCE.b,2020-08-21 14:59:59.938002,3335.0,3371.0,3312.0,3353.0,3335.0,3334.0,40837,1361748200.0,26855,3334.0,3635.0,3161.0,27470,3398.0,3362.0,3335.0,7,3321.0,1,nan,0,nan,0,nan,0,nan,0,nan,0,nan,0,nan,0,nan,0
KQ.i@DCE.bb,2020-08-21 14:59:59.000001,328.154,328.154,328.154,328.154,328.154,328.154,0,0.0,0,328.154,nan,nan,0,328.154,328.154,nan,0,nan,0,nan,0,nan,0,nan,0,nan,0,nan,0,nan,0,nan,0,nan,0
KQ.m@DCE.bb,2020-08-21 14:59:59.000001,224.4,nan,nan,nan,224.4,nan,0,0.0,0,224.4,235.6,213.2,0,224.4,224.4,nan,0,213.2,1,nan,0,nan,0,nan,0,nan,0,nan,0,nan,0,nan,0,nan,0
KQ.i@DCE.c,2020-08-21 14:59:59.938004,2307.631,2325.171,2292.766,2318.044,2307.631,2305.603,765719,17605985790.0,1665818,2305.603,nan,nan,1706915,2312.321,2317.976,nan,0,nan,0,nan,0,nan,0,nan,0,nan,0,nan,0,nan,0,nan,0,nan,0
KQ.m@DCE.c,2020-08-21 14:59:59.938002,2300.0,2318.0,2284.0,2310.0,2300.0,2298.0,595479,13684857510.0,1171082,2298.0,2443.0,2167.0,1205647,2305.0,2310.0,2301.0,110,2300.0,10,nan,0,nan,0,nan,0,nan,0,nan,0,nan,0,nan,0,nan,0
KQ.i@DCE.cs,2020-08-21 14:59:59.938003,2613.126,2639.087,2606.87,2634.627,2613.126,2617.123,126153,3265082640.0,112096,2617.123,nan,nan,110556,2622.553,2633.429,nan,0,nan,0,nan,0,nan,0,nan,0,nan,0,nan,0,nan,0,nan,0,nan,0
KQ.m@DCE.cs,2020-08-21 14:59:59.938002,2523.0,2558.0,2505.0,2558.0,2523.0,2533.0,51903,1315214730.0,17848,2533.0,2694.0,2390.0,17938,2542.0,2552.0,2530.0,3,2524.0,2,nan,0,nan,0,nan,0,nan,0,nan,0,nan,0,nan,0,nan,0
KQ.i@DCE.fb,2020-08-21 14:59:59.427002,1231.519,1251.01,1202.129,1235.049,1231.519,1231.519,658,8106060.0,806,1231.519,nan,nan,824,1247.019,1235.049,nan,0,nan,0,nan,0,nan,0,nan,0,nan,0,nan,0,nan,0,nan,0,nan,0
KQ.m@DCE.fb,2020-08-21 14:59:59.938002,1231.5,1251.0,1201.0,1238.5,1231.5,1231.5,658,8106060.0,804,1231.5,1309.0,1185.0,822,1247.0,1235.0,1231.5,3,1227.0,1,nan,0,nan,0,nan,0,nan,0,nan,0,nan,0,nan,0,nan,0
KQ.i@DCE.i,2020-08-21 14:59:59.766002,855.46,871.923,851.273,860.845,855.46,860.16,1118529,96037971750.0,907474,860.16,nan,nan,933795,862.267,859.052,nan,0,nan,0,nan,0,nan,0,nan,0,nan,0,nan,0,nan,0,nan,0,nan,0
KQ.m@DCE.i,2020-08-21 14:59:59.938002,841.5,860.5,837.0,850.0,841.5,848.0,870696,73840695400.0,666420,848.0,937.5,767.5,668987,852.5,848.0,842.0,395,841.5,551,nan,0,nan,0,nan,0,nan,0,nan,0,nan,0,nan,0,nan,0
KQ.i@DCE.j,2020-08-21 14:59:59.766002,1941.43,1971.813,1938.785,1962.929,1941.43,1953.542,190056,37099546050.0,131608,1953.542,nan,nan,136491,1984.492,1961.169,nan,0,nan,0,nan,0,nan,0,nan,0,nan,0,nan,0,nan,0,nan,0,nan,0
KQ.m@DCE.j,2020-08-21 14:59:59.938002,1931.0,1968.0,1928.0,1956.0,1931.0,1946.5,151011,29397118000.0,103530,1946.5,2141.5,1824.5,99044,1983.0,1955.0,1932.0,1,1931.0,15,nan,0,nan,0,nan,0,nan,0,nan,0,nan,0,nan,0,nan,0
KQ.i@DCE.jd,2020-08-21 14:59:59.938003,3630.548,3658.831,3616.486,3650.618,3630.548,3639.623,464094,16783898390.0,409228,3639.623,nan,nan,381464,3703.245,3654.209,nan,0,nan,0,nan,0,nan,0,nan,0,nan,0,nan,0,nan,0,nan,0,nan,0
KQ.m@DCE.jd,2020-08-21 14:59:59.938002,3575.0,3602.0,3553.0,3582.0,3575.0,3580.0,318892,11417841080.0,221450,3580.0,3866.0,3430.0,194568,3648.0,3581.0,3576.0,59,3575.0,28,nan,0,nan,0,nan,0,nan,0,nan,0,nan,0,nan,0,nan,0
KQ.i@DCE.jm,2020-08-21 14:59:59.766002,1205.858,1215.884,1204.059,1206.755,1205.858,1209.959,87762,6376369680.0,69558,1209.959,nan,nan,77907,1205.915,1205.96,nan,0,nan,0,nan,0,nan,0,nan,0,nan,0,nan,0,nan,0,nan,0,nan,0
KQ.m@DCE.jm,2020-08-21 14:59:59.938002,1217.5,1218.0,1205.5,1211.5,1217.5,1213.0,34125,2483857350.0,20700,1213.0,1299.0,1107.0,31072,1203.0,1214.5,1217.5,17,1217.0,22,nan,0,nan,0,nan,0,nan,0,nan,0,nan,0,nan,0,nan,0
KQ.i@DCE.l,2020-08-21 14:59:59.766002,7142.954,7238.218,7106.681,7232.767,7142.954,7155.613,304623,10899328350.0,332951,7155.613,nan,nan,362731,7181.577,7241.884,nan,0,nan,0,nan,0,nan,0,nan,0,nan,0,nan,0,nan,0,nan,0,nan,0
KQ.m@DCE.l,2020-08-21 14:59:59.938002,7155.0,7250.0,7110.0,7250.0,7155.0,7165.0,219721,7874083425.0,272953,7165.0,7835.0,6545.0,288345,7190.0,7250.0,7155.0,26,7150.0,68,nan,0,nan,0,nan,0,nan,0,nan,0,nan,0,nan,0,nan,0
KQ.i@DCE.m,2020-08-21 14:59:59.938003,2835.978,2843.871,2815.391,2842.227,2835.978,2829.329,1110681,31689055440.0,2291142,2829.329,nan,nan,2344463,2852.944,2847.931,nan,0,nan,0,nan,0,nan,0,nan,0,nan,0,nan,0,nan,0,nan,0,nan,0
KQ.m@DCE.m,2020-08-21 14:59:59.938002,2885.0,2897.0,2863.0,2895.0,2885.0,2879.0,797082,22949147730.0,1361180,2879.0,3110.0,2704.0,1383254,2907.0,2901.0,2885.0,215,2884.0,296,nan,0,nan,0,nan,0,nan,0,nan,0,nan,0,nan,0,nan,0
KQ.i@DCE.p,2020-08-21 14:59:59.938003,5627.771,5669.873,5578.595,5635.518,5627.771,5623.733,923271,51953589400.0,464847,5623.733,nan,nan,478193,5723.716,5629.62,nan,0,nan,0,nan,0,nan,0,nan,0,nan,0,nan,0,nan,0,nan,0,nan,0
KQ.m@DCE.p,2020-08-21 14:59:59.938002,5606.0,5650.0,5554.0,5610.0,5606.0,5602.0,783964,43924466340.0,376891,5602.0,6160.0,5248.0,383997,5704.0,5608.0,5608.0,7,5606.0,82,nan,0,nan,0,nan,0,nan,0,nan,0,nan,0,nan,0,nan,0
KQ.i@DCE.pp,2020-08-21 14:59:59.766002,7623.375,7716.28,7577.543,7712.972,7623.375,7633.326,554795,21175784350.0,345146,7633.326,nan,nan,400135,7659.912,7716.306,nan,0,nan,0,nan,0,nan,0,nan,0,nan,0,nan,0,nan,0,nan,0,nan,0
KQ.m@DCE.pp,2020-08-21 14:59:59.938002,7603.0,7715.0,7552.0,7710.0,7603.0,7618.0,394746,15036455470.0,248705,7618.0,8341.0,6965.0,282865,7653.0,7710.0,7603.0,7,7602.0,1,nan,0,nan,0,nan,0,nan,0,nan,0,nan,0,nan,0,nan,0
KQ.i@DCE.v,2020-08-21 14:59:59.766002,6617.175,6671.217,6602.301,6664.579,6617.175,6630.975,136552,4531828900.0,221291,6630.975,nan,nan,227001,6635.401,6684.634,nan,0,nan,0,nan,0,nan,0,nan,0,nan,0,nan,0,nan,0,nan,0,nan,0
KQ.m@DCE.v,2020-08-21 14:59:59.938002,6615.0,6675.0,6600.0,6660.0,6615.0,6630.0,106352,3527970300.0,184130,6630.0,7165.0,6105.0,186791,6635.0,6685.0,6620.0,90,6615.0,32,nan,0,nan,0,nan,0,nan,0,nan,0,nan,0,nan,0,nan,0
KQ.i@DCE.y,2020-08-21 14:59:59.938003,6365.917,6405.389,6313.99,6385.782,6365.917,6363.565,610029,38915531740.0,751698,6363.565,nan,nan,762807,6444.584,6392.377,nan,0,nan,0,nan,0,nan,0,nan,0,nan,0,nan,0,nan,0,nan,0,nan,0
KQ.m@DCE.y,2020-08-21 14:59:59.938002,6380.0,6420.0,6328.0,6400.0,6380.0,6378.0,500696,31936596480.0,597310,6378.0,6912.0,6008.0,602262,6460.0,6406.0,6382.0,6,6380.0,204,nan,0,nan,0,nan,0,nan,0,nan,0,nan,0,nan,0,nan,0
KQ.i@CZCE.WH,2020-08-21 14:59:59.000002,2573.436,2593.684,2573.436,2593.684,nan,2579.33,78,3995220.0,603,2579.202,nan,nan,640,2598.58,2593.684,nan,0,nan,0,nan,0,nan,0,nan,0,nan,0,nan,0,nan,0,nan,0,nan,0
KQ.m@CZCE.WH,2020-08-21 14:59:59.000001,2521.0,2548.0,2521.0,2541.0,2521.0,2530.0,54,2732400.0,287,2530.0,2677.0,2421.0,323,2549.0,2545.0,2540.0,1,2521.0,1,nan,0,nan,0,nan,0,nan,0,nan,0,nan,0,nan,0,nan,0
KQ.i@CZCE.PM,2020-08-21 14:59:59.000002,2384.5,2403.25,2377.0,2377.0,nan,2397.0,3,364500.0,9,2397.0,nan,nan,8,2377.0,2377.0,nan,0,nan,0,nan,0,nan,0,nan,0,nan,0,nan,0,nan,0,nan,0,nan,0
KQ.m@CZCE.PM,2020-08-21 14:59:59.938002,nan,nan,nan,nan,nan,nan,0,0.0,3,2342.0,2460.0,2224.0,3,2342.0,2342.0,2448.0,2,2279.0,1,nan,0,nan,0,nan,0,nan,0,nan,0,nan,0,nan,0,nan,0
KQ.i@CZCE.CF,2020-08-21 14:59:59.766002,12811.79,12831.731,12683.22,12738.446,12811.79,12759.6,338934,21676381650.0,481520,12759.6,nan,nan,480457,12715.616,12737.44,nan,0,nan,0,nan,0,nan,0,nan,0,nan,0,nan,0,nan,0,nan,0,nan,0
KQ.m@CZCE.CF,2020-08-21 14:59:59.938002,12930.0,12950.0,12795.0,12845.0,12930.0,12875.0,278615,17935840625.0,338651,12875.0,13595.0,12055.0,329328,12825.0,12850.0,12935.0,370,12930.0,95,nan,0,nan,0,nan,0,nan,0,nan,0,nan,0,nan,0,nan,0
KQ.i@CZCE.CY,2020-08-21 14:59:59.000002,19368.589,19521.977,19350.019,19503.769,nan,19424.128,4870,477546400.0,8958,19424.127,nan,nan,8731,19463.969,19479.136,nan,0,nan,0,nan,0,nan,0,nan,0,nan,0,nan,0,nan,0,nan,0,nan,0
KQ.m@CZCE.CY,2020-08-21 14:59:59.000001,19725.0,19840.0,19695.0,19820.0,19725.0,19760.0,4486,443216800.0,7572,19760.0,20955.0,18575.0,7169,19765.0,19790.0,19730.0,1,19700.0,2,nan,0,nan,0,nan,0,nan,0,nan,0,nan,0,nan,0,nan,0
KQ.i@CZCE.SR,2020-08-21 14:59:59.766001,5057.047,5068.606,5014.894,5053.792,5057.047,5040.674,609749,30721078130.0,629365,5040.674,nan,nan,645864,5063.923,5058.375,nan,0,nan,0,nan,0,nan,0,nan,0,nan,0,nan,0,nan,0,nan,0,nan,0
KQ.m@CZCE.SR,2020-08-21 14:59:59.766001,5055.0,5067.0,5009.0,5051.0,5055.0,5037.0,525416,26465203920.0,503720,5037.0,5366.0,4758.0,503179,5062.0,5056.0,5055.0,140,5054.0,65,nan,0,nan,0,nan,0,nan,0,nan,0,nan,0,nan,0,nan,0
KQ.i@CZCE.TA,2020-08-21 14:59:59.766001,3701.223,3726.381,3694.57,3707.343,nan,3707.746,789522,14622166870.0,1817935,3707.746,nan,nan,1811494,3715.723,3706.383,nan,0,nan,0,nan,0,nan,0,nan,0,nan,0,nan,0,nan,0,nan,0,nan,0
KQ.m@CZCE.TA,2020-08-21 14:59:59.766001,3724.0,3750.0,3716.0,3728.0,3724.0,3730.0,555436,10358881400.0,1256157,3730.0,3926.0,3550.0,1233459,3738.0,3728.0,3726.0,54,3724.0,473,nan,0,nan,0,nan,0,nan,0,nan,0,nan,0,nan,0,nan,0
KQ.i@CZCE.OI,2020-08-21 14:59:59.766002,8620.181,8666.355,8518.186,8613.926,8620.181,8596.056,531140,45735963140.0,220477,8596.056,nan,nan,213567,8643.723,8601.956,nan,0,nan,0,nan,0,nan,0,nan,0,nan,0,nan,0,nan,0,nan,0,nan,0
KQ.m@CZCE.OI,2020-08-21 14:59:59.766001,8602.0,8654.0,8490.0,8590.0,8602.0,8576.0,453606,38901250560.0,148325,8576.0,9057.0,8193.0,139844,8625.0,8578.0,8602.0,3,8600.0,11,nan,0,nan,0,nan,0,nan,0,nan,0,nan,0,nan,0,nan,0
KQ.i@CZCE.RI,2020-08-21 14:59:59.000002,2612.636,2612.636,2612.636,2612.636,nan,2612.636,3,157200.0,8,2612.636,nan,nan,11,2612.636,2612.636,nan,0,nan,0,nan,0,nan,0,nan,0,nan,0,nan,0,nan,0,nan,0,nan,0
KQ.m@CZCE.RI,2020-08-21 14:59:59.000001,2620.0,2620.0,2620.0,2620.0,2620.0,2620.0,3,157200.0,7,2620.0,2751.0,2489.0,10,2620.0,2620.0,2648.0,1,2620.0,1,nan,0,nan,0,nan,0,nan,0,nan,0,nan,0,nan,0,nan,0
KQ.i@CZCE.MA,2020-08-21 14:59:59.766002,1891.921,1891.921,1866.243,1872.155,nan,1880.299,1019786,19354263290.0,1266082,1880.314,nan,nan,1367852,1880.414,1874.347,nan,0,nan,0,nan,0,nan,0,nan,0,nan,0,nan,0,nan,0,nan,0,nan,0
KQ.m@CZCE.MA,2020-08-21 14:59:59.938002,1928.0,1928.0,1898.0,1907.0,1928.0,1914.0,907859,17376421260.0,938871,1914.0,2030.0,1800.0,1008420,1915.0,1908.0,1928.0,1321,1927.0,236,nan,0,nan,0,nan,0,nan,0,nan,0,nan,0,nan,0,nan,0
KQ.i@CZCE.FG,2020-08-21 14:59:59.766001,1738.232,1840.099,1737.884,1837.538,1738.232,1779.217,2278315,81168893740.0,751616,1779.217,nan,nan,800148,1830.541,1831.617,nan,0,nan,0,nan,0,nan,0,nan,0,nan,0,nan,0,nan,0,nan,0,nan,0
KQ.m@CZCE.FG,2020-08-21 14:59:59.766001,1740.0,1843.0,1740.0,1840.0,1740.0,1782.0,2122203,75635314920.0,642001,1782.0,1924.0,1740.0,686512,1832.0,1833.0,1740.0,67560,nan,0,nan,0,nan,0,nan,0,nan,0,nan,0,nan,0,nan,0,nan,0
KQ.i@CZCE.RS,2020-08-21 14:59:59.000001,5326.0,5419.0,5250.0,5390.0,5326.0,5374.0,8,429920.0,23,5374.0,nan,nan,24,5329.0,5390.0,nan,0,nan,0,nan,0,nan,0,nan,0,nan,0,nan,0,nan,0,nan,0,nan,0
KQ.m@CZCE.RS,2020-08-21 14:59:59.000001,5326.0,5419.0,5250.0,5250.0,5326.0,5374.0,8,429920.0,23,5374.0,5862.0,4796.0,24,5329.0,5390.0,5398.0,1,5326.0,1,nan,0,nan,0,nan,0,nan,0,nan,0,nan,0,nan,0,nan,0
KQ.i@CZCE.RM,2020-08-21 14:59:59.766001,2274.441,2283.925,2258.157,2281.537,2274.441,2269.421,545123,12367417890.0,419178,2269.421,nan,nan,408637,2290.245,2285.252,nan,0,nan,0,nan,0,nan,0,nan,0,nan,0,nan,0,nan,0,nan,0,nan,0
KQ.m@CZCE.RM,2020-08-21 14:59:59.766001,2274.0,2284.0,2256.0,2282.0,2274.0,2269.0,447392,10151324480.0,284567,2269.0,2405.0,2175.0,268463,2290.0,2285.0,2274.0,3,2273.0,276,nan,0,nan,0,nan,0,nan,0,nan,0,nan,0,nan,0,nan,0
KQ.i@CZCE.ZC,2020-08-21 14:59:59.766001,558.93,564.113,557.58,563.107,nan,561.404,244777,13800070460.0,208588,561.404,nan,nan,219489,562.836,563.063,nan,0,nan,0,nan,0,nan,0,nan,0,nan,0,nan,0,nan,0,nan,0,nan,0
KQ.m@CZCE.ZC,2020-08-21 14:59:59.766001,563.8,569.4,561.4,568.0,563.8,566.2,158709,8986103580.0,96638,566.2,589.4,543.8,95098,566.6,568.0,564.0,47,563.8,4,nan,0,nan,0,nan,0,nan,0,nan,0,nan,0,nan,0,nan,0
KQ.i@CZCE.JR,2020-08-21 14:59:59.000001,2648.537,2661.952,2643.454,2658.004,2648.537,2653.511,59,3162500.0,225,2653.511,nan,nan,227,2664.476,2658.004,nan,0,nan,0,nan,0,nan,0,nan,0,nan,0,nan,0,nan,0,nan,0,nan,0
KQ.m@CZCE.JR,2020-08-21 14:59:59.000001,2516.0,2530.0,2506.0,2517.0,2516.0,2519.0,23,1158740.0,94,2519.0,2674.0,2418.0,109,2546.0,2523.0,2521.0,1,2507.0,1,nan,0,nan,0,nan,0,nan,0,nan,0,nan,0,nan,0,nan,0
KQ.i@CZCE.LR,2020-08-21 14:59:59.000001,2883.0,2884.0,2862.0,2884.0,2883.0,2875.0,8,460000.0,1072,2875.0,nan,nan,1074,2881.0,2884.0,nan,0,nan,0,nan,0,nan,0,nan,0,nan,0,nan,0,nan,0,nan,0,nan,0
KQ.m@CZCE.LR,2020-08-21 14:59:59.000001,2883.0,2883.0,2862.0,2862.0,2883.0,2875.0,8,460000.0,1072,2875.0,3026.0,2736.0,1074,2881.0,2884.0,2888.0,1,2873.0,3,nan,0,nan,0,nan,0,nan,0,nan,0,nan,0,nan,0,nan,0
KQ.i@CZCE.SF,2020-08-21 14:59:59.766001,5841.017,5870.568,5784.008,5794.717,nan,5831.096,124400,3624768360.0,129282,5831.098,nan,nan,121127,5798.157,5783.872,nan,0,nan,0,nan,0,nan,0,nan,0,nan,0,nan,0,nan,0,nan,0,nan,0
KQ.m@CZCE.SF,2020-08-21 14:59:59.766001,5824.0,5862.0,5766.0,5778.0,5824.0,5816.0,93820,2728285600.0,66505,5816.0,6130.0,5434.0,59321,5782.0,5768.0,5824.0,13,5822.0,1,nan,0,nan,0,nan,0,nan,0,nan,0,nan,0,nan,0,nan,0
KQ.i@CZCE.SM,2020-08-21 14:59:59.766002,6190.774,6256.96,6184.702,6249.582,nan,6213.856,135659,4209964020.0,132834,6213.823,nan,nan,128326,6299.53,6249.31,nan,0,nan,0,nan,0,nan,0,nan,0,nan,0,nan,0,nan,0,nan,0,nan,0
KQ.m@CZCE.SM,2020-08-21 14:59:59.766001,6140.0,6260.0,6140.0,6252.0,6140.0,6182.0,67212,2077522920.0,40411,6182.0,6658.0,5902.0,43652,6280.0,6236.0,6146.0,31,6140.0,158,nan,0,nan,0,nan,0,nan,0,nan,0,nan,0,nan,0,nan,0
KQ.i@CZCE.AP,2020-08-21 14:59:59.766001,7057.287,7096.03,7002.607,7064.03,7057.287,7051.671,250688,17481013000.0,232379,7051.671,nan,nan,241417,7103.253,7055.996,nan,0,nan,0,nan,0,nan,0,nan,0,nan,0,nan,0,nan,0,nan,0,nan,0
KQ.m@CZCE.AP,2020-08-21 14:59:59.766001,6891.0,6926.0,6826.0,6888.0,6891.0,6881.0,203494,14002422140.0,144862,6881.0,7355.0,6521.0,152585,6938.0,6879.0,6891.0,12,6890.0,24,nan,0,nan,0,nan,0,nan,0,nan,0,nan,0,nan,0,nan,0
DCE.cs1605,2016-05-13 14:59:59.615030,2000.0,2000.0,2000.0,2000.0,2000.0,2000.0,56,1120000.0,2320,2000.0,2132.0,1892.0,3864,2012.0,2012.0,2130.0,5,1950.0,100,nan,0,nan,0,nan,0,nan,0,nan,0,nan,0,nan,0,nan,0
DCE.c1605,2016-05-16 14:59:59.936030,1721.0,1740.0,1710.0,1710.0,1721.0,1722.324,6774,116670220.0,0,1778.0,1870.0,1660.0,28708,1765.0,1765.0,1721.0,54,1713.0,1000,nan,0,nan,0,nan,0,nan,0,nan,0,nan,0,nan,0,nan,0
DCE.jd1605,2016-05-13 14:59:59.137030,3390.0,3390.0,3320.0,3320.0,3390.0,3366.667,6,202000.0,0,3366.0,3546.0,3146.0,6,3346.0,3370.0,nan,0,nan,0,nan,0,nan,0,nan,0,nan,0,nan,0,nan,0,nan,0,nan,0
DCE.c1609,2016-09-14 14:59:59.946000,1876.0,1876.0,1876.0,1876.0,1876.0,1876.0,20,375200.0,0,1814.0,1876.0,1664.0,3022,1770.0,1765.0,nan,0,nan,0,nan,0,nan,0,nan,0,nan,0,nan,0,nan,0,nan,0,nan,0
DCE.cs1609,2016-09-12 14:59:59.677010,2060.0,2060.0,2060.0,2060.0,2060.0,2060.0,272,5603200.0,3576,2060.0,2077.0,1843.0,3848,1960.0,1960.0,1990.0,240,1950.0,20,nan,0,nan,0,nan,0,nan,0,nan,0,nan,0,nan,0,nan,0
DCE.jd1609,2016-09-14 14:59:59.959000,3750.0,3750.0,3660.0,3660.0,3750.0,3732.0,10,373200.0,0,3516.0,3966.0,3518.0,14,3742.0,3742.0,3750.0,2,nan,0,nan,0,nan,0,nan,0,nan,0,nan,0,nan,0,nan,0,nan,0
DCE.l1605,2016-05-16 14:59:59.477030,8550.0,8550.0,8540.0,8540.0,8550.0,8400.661,2210,92827300.0,0,8400.0,8795.0,7805.0,6770,8300.0,8310.0,8450.0,3,nan,0,nan,0,nan,0,nan,0,nan,0,nan,0,nan,0,nan,0,nan,0
DCE.l1609,2016-09-14 14:59:59.965000,8940.0,8940.0,8940.0,8940.0,8940.0,8945.556,108,4830600.0,0,8955.0,9475.0,8405.0,16246,8940.0,8925.0,8905.0,20,8610.0,7,nan,0,nan,0,nan,0,nan,0,nan,0,nan,0,nan,0,nan,0
DCE.pp1605,2016-05-16 14:59:59.557030,6750.0,6808.0,6750.0,6750.0,6750.0,6715.485,4108,137936060.0,0,6709.0,7128.0,6322.0,10900,6725.0,6700.0,6850.0,10,6700.0,40,nan,0,nan,0,nan,0,nan,0,nan,0,nan,0,nan,0,nan,0
DCE.pp1609,2016-09-14 14:59:59.973000,8480.0,8480.0,8401.0,8479.0,8480.0,8412.952,4388,184580160.0,0,8390.0,8936.0,7926.0,30330,8431.0,8447.0,8470.0,100,nan,0,nan,0,nan,0,nan,0,nan,0,nan,0,nan,0,nan,0,nan,0
DCE.v1609,2016-09-14 14:59:59.976000,6200.0,6200.0,6170.0,6170.0,6200.0,6025.455,220,6628000.0,0,5890.0,6545.0,5805.0,19058,6175.0,6180.0,nan,0,6250.0,40,nan,0,nan,0,nan,0,nan,0,nan,0,nan,0,nan,0,nan,0
DCE.v1605,2016-05-12 14:59:59.743020,5600.0,5600.0,5495.0,5495.0,5600.0,5530.0,6,165900.0,670,5530.0,5795.0,5145.0,670,5470.0,5470.0,5700.0,1,5145.0,2,nan,0,nan,0,nan,0,nan,0,nan,0,nan,0,nan,0,nan,0
CZCE.CF605,2016-05-16 11:30:00.000000,11980.0,12275.0,11920.0,11920.0,11980.0,12040.0,3926,12040000.0,0,12040.0,12685.0,11475.0,12854,12080.0,12010.0,nan,0,nan,0,nan,0,nan,0,nan,0,nan,0,nan,0,nan,0,nan,0,nan,0
CZCE.CF609,2016-09-14 10:51:50.000000,13505.0,13505.0,13500.0,13500.0,13505.0,13505.0,5484,810300.0,0,13505.0,14360.0,12730.0,10380,13545.0,13575.0,nan,0,nan,0,nan,0,nan,0,nan,0,nan,0,nan,0,nan,0,nan,0,nan,0
CZCE.FG605,2016-05-11 13:57:20.500000,865.0,865.0,865.0,865.0,865.0,865.0,172,2975600.0,246,865.0,900.0,830.0,418,865.0,865.0,nan,0,nan,0,nan,0,nan,0,nan,0,nan,0,nan,0,nan,0,nan,0,nan,0
CZCE.FG609,2016-09-12 09:21:51.000000,1185.0,1185.0,1185.0,1185.0,1185.0,1185.0,2,47400.0,500,1185.0,1285.0,1185.0,502,1235.0,1235.0,nan,0,nan,0,nan,0,nan,0,nan,0,nan,0,nan,0,nan,0,nan,0,nan,0
CZCE.MA605,2016-05-13 14:55:20.500000,1810.0,1880.0,1800.0,1880.0,1810.0,1843.0,2468,45485240.0,5540,1843.0,1978.0,1788.0,6808,1883.0,1883.0,1900.0,1,1788.0,200,nan,0,nan,0,nan,0,nan,0,nan,0,nan,0,nan,0,nan,0
CZCE.MA609,2016-09-13 14:40:20.000000,1900.0,1900.0,1880.0,1880.0,1900.0,1883.0,230,4330900.0,22520,1883.0,1972.0,1784.0,22750,1878.0,1883.0,nan,0,1830.0,100,nan,0,nan,0,nan,0,nan,0,nan,0,nan,0,nan,0,nan,0
CZCE.OI605,2016-05-16 14:59:59.500000,5728.0,5728.0,5728.0,5728.0,5728.0,5728.0,170,9737600.0,0,5728.0,5876.0,5424.0,3200,5650.0,5650.0,5704.0,3,nan,0,nan,0,nan,0,nan,0,nan,0,nan,0,nan,0,nan,0,nan,0
CZCE.RM605,2016-05-16 14:59:59.500000,2136.0,2136.0,2126.0,2126.0,2136.0,2127.0,84,935880.0,0,2127.0,2253.0,2037.0,9214,2145.0,2170.0,nan,0,2172.0,7,nan,0,nan,0,nan,0,nan,0,nan,0,nan,0,nan,0,nan,0
CZCE.SR605,2016-05-13 14:59:59.500000,5440.0,5480.0,5437.0,5477.0,5440.0,5450.0,356,17222000.0,36972,5450.0,5715.0,5275.0,37206,5495.0,5486.0,5442.0,1,5436.0,128,nan,0,nan,0,nan,0,nan,0,nan,0,nan,0,nan,0,nan,0
CZCE.SR609,2016-09-14 11:30:00.000000,5909.0,5911.0,5890.0,5890.0,5909.0,5904.0,7556,240647040.0,0,5904.0,6265.0,5555.0,36426,5910.0,5915.0,6100.0,200,5901.0,1,nan,0,nan,0,nan,0,nan,0,nan,0,nan,0,nan,0,nan,0
CZCE.TA605,2016-05-16 14:59:56.000000,4520.0,4600.0,4514.0,4600.0,4520.0,4532.0,14026,78177000.0,0,4532.0,4760.0,4304.0,144476,4532.0,4520.0,4544.0,194,4524.0,80,nan,0,nan,0,nan,0,nan,0,nan,0,nan,0,nan,0,nan,0
CZCE.TA609,2016-09-14 14:59:59.000000,4546.0,4576.0,4544.0,4570.0,4546.0,4564.0,26792,279864480.0,0,4564.0,4850.0,4298.0,206138,4574.0,4570.0,4576.0,200,4556.0,7,nan,0,nan,0,nan,0,nan,0,nan,0,nan,0,nan,0,nan,0
CZCE.OI609,2016-09-14 14:59:59.000000,5934.0,5960.0,5916.0,5960.0,5934.0,5934.0,604,35841360.0,0,5934.0,6366.0,5642.0,25396,6004.0,6024.0,5934.0,2,5920.0,8,nan,0,nan,0,nan,0,nan,0,nan,0,nan,0,nan,0,nan,0
CZCE.RM609,2016-09-13 14:59:54.000010,2490.0,2520.0,2410.0,2520.0,2490.0,2511.0,128,3214080.0,224,2511.0,2530.0,2198.0,350,2364.0,2360.0,2490.0,4,2347.0,19,nan,0,nan,0,nan,0,nan,0,nan,0,nan,0,nan,0,nan,0
CZCE.ZC609,2016-09-07 11:29:23.000000,415.0,430.0,400.0,400.0,415.0,414.8,2600,107848000.0,0,414.8,430.4,389.2,14200,409.8,410.0,nan,0,nan,0,nan,0,nan,0,nan,0,nan,0,nan,0,nan,0,nan,0,nan,0
CZCE.TC604,2016-03-08 13:53:00.500000,322.0,322.0,322.0,322.0,322.0,322.0,2,64400.0,0,322.0,325.8,300.6,2,313.2,313.2,nan,0,321.8,2,nan,0,nan,0,nan,0,nan,0,nan,0,nan,0,nan,0,nan,0
CZCE.ZC605,2016-05-03 10:40:28.500000,380.0,380.0,380.0,380.0,380.0,380.0,116,4408000.0,2400,380.0,398.6,360.6,2516,379.6,380.0,nan,0,nan,0,nan,0,nan,0,nan,0,nan,0,nan,0,nan,0,nan,0,nan,0
SHFE.cu1602,2016-02-15 14:59:59.500020,35500.0,35570.0,33820.0,35560.0,35500.0,35424.721,4660,825396000.0,22120,35420.0,38910.0,33140.0,22260,36030.0,36080.0,35950.0,40,35210.0,10,nan,0,nan,0,nan,0,nan,0,nan,0,nan,0,nan,0,nan,0
SHFE.cu1603,2016-03-15 14:59:59.500020,36980.0,37250.0,36620.0,36620.0,36980.0,36945.59,8050,1487060000.0,29790,36940.0,39690.0,35200.0,31170,37450.0,37370.0,36980.0,15,36890.0,40,nan,0,nan,0,nan,0,nan,0,nan,0,nan,0,nan,0,nan,0
SHFE.cu1604,2016-04-15 14:59:59.000020,36700.0,36900.0,36560.0,36820.0,36700.0,36781.474,5700,1048272000.0,21770,36780.0,38890.0,34480.0,22870,36690.0,36630.0,36700.0,5,36560.0,10,nan,0,nan,0,nan,0,nan,0,nan,0,nan,0,nan,0,nan,0
SHFE.hc1605,2016-05-11 14:59:59.000020,2650.0,2650.0,2650.0,2650.0,2650.0,2650.0,60,1590000.0,8580,2650.0,2653.0,2352.0,8640,2503.0,2550.0,2630.0,30,2510.0,120,nan,0,nan,0,nan,0,nan,0,nan,0,nan,0,nan,0,nan,0
SHFE.ni1605,2016-05-16 14:59:59.000020,67180.0,68300.0,66400.0,66510.0,67180.0,67309.45,5232,352163040.0,79824,67300.0,70920.0,62890.0,81888,66910.0,67000.0,68360.0,120,67300.0,6,nan,0,nan,0,nan,0,nan,0,nan,0,nan,0,nan,0,nan,0
SHFE.pb1602,2016-02-15 14:59:59.000020,14000.0,14485.0,14000.0,14485.0,14000.0,14388.0,100,7194000.0,4360,14385.0,15685.0,13910.0,4440,14800.0,14400.0,14300.0,5,13920.0,10,nan,0,nan,0,nan,0,nan,0,nan,0,nan,0,nan,0,nan,0
SHFE.pb1603,2016-03-15 14:59:59.500020,13680.0,13790.0,13505.0,13790.0,13680.0,13541.111,450,30467500.0,5780,13540.0,14280.0,13185.0,5670,13735.0,13650.0,13720.0,20,13570.0,50,nan,0,nan,0,nan,0,nan,0,nan,0,nan,0,nan,0,nan,0
SHFE.rb1601,2016-01-15 14:59:59.500020,1705.0,1774.0,1685.0,1685.0,1705.0,1706.375,960,16381200.0,8340,1706.0,1825.0,1652.0,8400,1739.0,1740.0,1770.0,60,1704.0,30,nan,0,nan,0,nan,0,nan,0,nan,0,nan,0,nan,0,nan,0
SHFE.rb1609,2016-09-19 14:59:59.500010,2300.0,2300.0,2275.0,2275.0,2300.0,2287.5,360,8235000.0,2160,2287.0,2372.0,2103.0,2160,2238.0,2238.0,2324.0,90,nan,0,nan,0,nan,0,nan,0,nan,0,nan,0,nan,0,nan,0,nan,0
SHFE.rb1610,2016-10-17 14:59:59.500010,2370.0,2370.0,2270.0,2289.0,2370.0,2322.243,2220,51553800.0,6480,2322.0,2395.0,2124.0,7500,2260.0,2273.0,2379.0,60,2350.0,30,nan,0,nan,0,nan,0,nan,0,nan,0,nan,0,nan,0,nan,0
SHFE.rb1603,2016-03-11 14:59:59.500020,2008.0,2008.0,2008.0,2008.0,2008.0,2008.0,60,1204800.0,1620,2008.0,2110.0,1909.0,1620,2010.0,2010.0,2110.0,30,2000.0,30,nan,0,nan,0,nan,0,nan,0,nan,0,nan,0,nan,0,nan,0
SHFE.rb1606,2016-06-13 14:59:59.000020,2000.0,2000.0,2000.0,2000.0,2000.0,2000.0,180,3600000.0,1380,2000.0,2120.0,1880.0,1380,2000.0,2000.0,nan,0,2000.0,30,nan,0,nan,0,nan,0,nan,0,nan,0,nan,0,nan,0,nan,0
SHFE.rb1605,2016-05-13 14:59:59.000020,2572.0,2572.0,2572.0,2572.0,2572.0,2572.0,120,3086400.0,3780,2572.0,2901.0,2572.0,3900,2737.0,2440.0,2572.0,150,nan,0,nan,0,nan,0,nan,0,nan,0,nan,0,nan,0,nan,0,nan,0
SHFE.ru1605,2016-05-16 14:59:59.500020,10845.0,10920.0,10680.0,10750.0,10845.0,10834.398,216,23402300.0,25180,10830.0,11630.0,10315.0,25196,10975.0,10850.0,10955.0,10,10740.0,17,nan,0,nan,0,nan,0,nan,0,nan,0,nan,0,nan,0,nan,0
SHFE.ru1609,2016-09-19 14:59:59.500020,10595.0,10650.0,10320.0,10320.0,10595.0,10531.141,1866,196511100.0,13026,10530.0,10895.0,9660.0,13970,10280.0,10320.0,10600.0,3,10550.0,23,nan,0,nan,0,nan,0,nan,0,nan,0,nan,0,nan,0,nan,0
SHFE.sn1605,2016-05-16 14:59:59.000020,107890.0,107900.0,103080.0,106000.0,107890.0,107307.969,256,27470840.0,7980,107300.0,111870.0,101220.0,7984,106550.0,107300.0,107700.0,8,106800.0,2,nan,0,nan,0,nan,0,nan,0,nan,0,nan,0,nan,0,nan,0
SHFE.zn1602,2016-02-15 14:59:59.500020,13640.0,13795.0,12700.0,13650.0,13640.0,13645.0,910,62084750.0,13920,13645.0,14715.0,12535.0,13760,13625.0,13660.0,13700.0,10,13640.0,75,nan,0,nan,0,nan,0,nan,0,nan,0,nan,0,nan,0,nan,0
SHFE.zn1603,2016-03-15 14:59:59.000020,13930.0,14040.0,13900.0,14020.0,13930.0,13953.153,2220,154880000.0,27690,13950.0,14730.0,13325.0,28070,14030.0,14090.0,13950.0,10,13930.0,5,nan,0,nan,0,nan,0,nan,0,nan,0,nan,0,nan,0,nan,0
SHFE.zn1604,2016-04-15 14:59:59.000020,14765.0,14900.0,14725.0,14840.0,14765.0,14830.914,1970,146084500.0,27380,14830.0,15580.0,14095.0,27200,14840.0,14760.0,14870.0,85,14790.0,60,nan,0,nan,0,nan,0,nan,0,nan,0,nan,0,nan,0,nan,0
SHFE.zn1605,2016-05-16 14:59:59.500020,15040.0,15075.0,14995.0,15020.0,15040.0,15034.211,1140,85695000.0,19400,15030.0,15645.0,14155.0,19720,14900.0,14940.0,15100.0,100,14980.0,100,nan,0,nan,0,nan,0,nan,0,nan,0,nan,0,nan,0,nan,0
SHFE.al1603,2016-03-15 14:59:59.500020,11220.0,11265.0,11170.0,11200.0,11220.0,11234.85,7000,393219750.0,47500,11230.0,11700.0,10800.0,50220,11250.0,11225.0,11220.0,15,11215.0,20,nan,0,nan,0,nan,0,nan,0,nan,0,nan,0,nan,0,nan,0
SHFE.al1604,2016-04-15 14:59:59.500020,11880.0,11985.0,11800.0,11800.0,11880.0,11863.253,7700,456735250.0,26160,11860.0,12340.0,11395.0,30220,11870.0,11865.0,11900.0,80,11880.0,30,nan,0,nan,0,nan,0,nan,0,nan,0,nan,0,nan,0,nan,0
SHFE.ag1606,2016-06-15 14:59:59.000030,3755.0,3761.0,3680.0,3761.0,3755.0,3751.975,5048,284099580.0,98640,3751.0,3966.0,3517.0,98252,3742.0,3740.0,3850.0,132,3743.0,20,nan,0,nan,0,nan,0,nan,0,nan,0,nan,0,nan,0,nan,0
SHFE.au1606,2016-06-14 14:59:59.000020,271.2,273.5,271.0,271.0,271.2,272.027,642,174641400.0,3582,272.0,285.4,258.25,4140,271.85,271.05,271.5,30,270.55,3,nan,0,nan,0,nan,0,nan,0,nan,0,nan,0,nan,0,nan,0
SHFE.al1602,2016-02-15 14:59:59.000020,10780.0,10785.0,10450.0,10450.0,10780.0,10693.92,6710,358781000.0,24490,10690.0,11340.0,10055.0,28460,10700.0,10695.0,10785.0,20,10695.0,5,nan,0,nan,0,nan,0,nan,0,nan,0,nan,0,nan,0,nan,0
SHFE.bu1606,2016-06-15 14:59:59.500020,1732.0,1824.0,1732.0,1824.0,1732.0,1805.973,296,5345680.0,29904,1804.0,1856.0,1646.0,30142,1752.0,1790.0,1790.0,158,1732.0,171,nan,0,nan,0,nan,0,nan,0,nan,0,nan,0,nan,0,nan,0
SHFE.bu1609,2016-09-19 14:59:59.500010,1600.0,1610.0,1590.0,1590.0,1600.0,1598.331,882,14097280.0,10538,1598.0,1686.0,1496.0,11284,1592.0,1596.0,1630.0,5,1600.0,43,nan,0,nan,0,nan,0,nan,0,nan,0,nan,0,nan,0,nan,0
SHFE.bu1601,2016-01-15 14:59:59.000020,1610.0,1698.0,1600.0,1600.0,1610.0,1645.07,258,4244280.0,7198,1644.0,1698.0,1504.0,7248,1602.0,1602.0,1678.0,2,1610.0,12,nan,0,nan,0,nan,0,nan,0,nan,0,nan,0,nan,0,nan,0
CZCE.TA601,2016-01-15 14:59:49.500000,4138.0,4180.0,4138.0,4166.0,4138.0,4172.0,8266,9053240.0,0,4172.0,4308.0,3976.0,59300,4142.0,4146.0,4140.0,79,4122.0,50,nan,0,nan,0,nan,0,nan,0,nan,0,nan,0,nan,0,nan,0
DCE.jm1605,2016-05-16 14:59:59.474030,620.0,620.0,620.0,620.0,620.0,620.0,1380,51336000.0,0,620.0,663.0,577.0,10580,620.0,620.0,650.0,100,nan,0,nan,0,nan,0,nan,0,nan,0,nan,0,nan,0,nan,0,nan,0
DCE.a1609,2016-09-14 14:59:59.939000,3620.0,3620.0,3529.0,3530.0,3620.0,3554.429,84,2985720.0,0,3530.0,3738.0,3316.0,202,3527.0,3530.0,3600.0,20,3480.0,6,nan,0,nan,0,nan,0,nan,0,nan,0,nan,0,nan,0,nan,0
DCE.y1609,2016-09-13 14:59:59.896010,6064.0,6064.0,5988.0,5988.0,6064.0,6056.667,96,5814400.0,15550,6056.0,6494.0,5762.0,15590,6128.0,6044.0,6080.0,18,6048.0,217,nan,0,nan,0,nan,0,nan,0,nan,0,nan,0,nan,0,nan,0
DCE.jm1609,2016-09-14 14:59:59.962000,800.0,800.0,790.0,790.0,800.0,790.059,338,16022400.0,0,797.0,801.0,697.0,7936,749.0,762.0,nan,0,nan,0,nan,0,nan,0,nan,0,nan,0,nan,0,nan,0,nan,0,nan,0
DCE.a1605,2016-05-16 14:59:59.810030,3700.0,3700.0,3700.0,3700.0,3700.0,3700.0,340,12580000.0,0,3617.0,3803.0,3373.0,878,3588.0,3588.0,nan,0,nan,0,nan,0,nan,0,nan,0,nan,0,nan,0,nan,0,nan,0,nan,0
DCE.p1609,2016-09-13 14:59:59.896010,6256.0,6256.0,6250.0,6250.0,6256.0,6255.0,24,1501200.0,6252,6254.0,6678.0,5922.0,6276,6300.0,6300.0,6300.0,40,nan,0,nan,0,nan,0,nan,0,nan,0,nan,0,nan,0,nan,0,nan,0
DCE.y1605,2016-05-13 14:59:59.249020,6000.0,6144.0,6000.0,6144.0,6000.0,6011.545,44,2645080.0,9520,6010.0,6604.0,5860.0,9524,6232.0,6232.0,6092.0,22,nan,0,nan,0,nan,0,nan,0,nan,0,nan,0,nan,0,nan,0,nan,0
DCE.m1605,2016-05-16 14:59:59.671030,2830.0,2830.0,2830.0,2830.0,2830.0,2781.333,600,16688000.0,0,2684.0,2980.0,2644.0,3026,2812.0,2812.0,nan,0,2770.0,200,nan,0,nan,0,nan,0,nan,0,nan,0,nan,0,nan,0,nan,0
DCE.m1609,2016-09-14 14:59:59.968000,3100.0,3250.0,3100.0,3250.0,3100.0,3102.669,562,17437000.0,0,3097.0,3486.0,3092.0,4326,3289.0,3300.0,3260.0,500,3110.0,281,nan,0,nan,0,nan,0,nan,0,nan,0,nan,0,nan,0,nan,0
DCE.p1605,2016-05-11 14:59:59.714020,5640.0,5662.0,5640.0,5662.0,5640.0,5652.815,54,3052520.0,11454,5652.0,5872.0,5208.0,11406,5540.0,5540.0,5710.0,20,5624.0,6,nan,0,nan,0,nan,0,nan,0,nan,0,nan,0,nan,0,nan,0
DCE.a1701,2017-01-16 14:59:59.884030,4200.0,4210.0,4200.0,4210.0,4200.0,4206.111,36,1514200.0,0,4372.0,4558.0,4042.0,3934,4300.0,4300.0,4400.0,20,4200.0,9,nan,0,nan,0,nan,0,nan,0,nan,0,nan,0,nan,0,nan,0
DCE.i1609,2016-09-14 14:59:59.953000,479.0,479.0,450.0,475.0,479.0,473.221,3106,146982500.0,0,471.5,490.5,435.5,7896,463.0,460.0,480.0,100,nan,0,nan,0,nan,0,nan,0,nan,0,nan,0,nan,0,nan,0,nan,0
DCE.j1605,2016-05-16 14:59:59.672030,1000.0,1000.0,950.0,950.0,1000.0,999.296,710,70950000.0,0,1006.0,1016.5,883.5,1900,950.0,950.0,nan,0,950.0,190,nan,0,nan,0,nan,0,nan,0,nan,0,nan,0,nan,0,nan,0
DCE.i1605,2016-05-16 14:59:59.671040,450.0,450.0,450.0,450.0,450.0,450.0,200,9000000.0,0,541.5,500.5,444.5,6600,472.5,461.5,nan,0,nan,0,nan,0,nan,0,nan,0,nan,0,nan,0,nan,0,nan,0,nan,0
DCE.j1609,2016-09-14 14:59:59.956000,1350.0,1400.0,1350.0,1397.5,1350.0,1381.331,720,99455800.0,0,1359.5,1495.0,1300.0,2460,1397.5,1398.0,nan,0,nan,0,nan,0,nan,0,nan,0,nan,0,nan,0,nan,0,nan,0,nan,0
SHFE.cu1605,2016-05-16 14:59:59.500020,35510.0,36460.0,35000.0,35300.0,35510.0,35278.807,3940,694992500.0,20810,35270.0,37420.0,33190.0,21630,35310.0,35300.0,35510.0,25,35360.0,10,nan,0,nan,0,nan,0,nan,0,nan,0,nan,0,nan,0,nan,0
SHFE.cu1606,2016-06-15 14:59:59.500020,35430.0,35460.0,35160.0,35260.0,35430.0,35377.96,7550,1335518000.0,16950,35370.0,37580.0,33330.0,20940,35460.0,35320.0,35620.0,10,35390.0,10,nan,0,nan,0,nan,0,nan,0,nan,0,nan,0,nan,0,nan,0
SHFE.al1605,2016-05-16 14:59:59.500020,12365.0,12420.0,12165.0,12200.0,12365.0,12324.584,6130,377748500.0,27170,12320.0,12615.0,11640.0,31150,12130.0,12185.0,12410.0,10,12340.0,30,nan,0,nan,0,nan,0,nan,0,nan,0,nan,0,nan,0,nan,0
SHFE.al1606,2016-06-15 14:59:59.000020,12130.0,12350.0,12080.0,12350.0,12130.0,12233.79,7150,437358000.0,13580,12230.0,12680.0,11705.0,19100,12195.0,12185.0,12205.0,20,12130.0,35,nan,0,nan,0,nan,0,nan,0,nan,0,nan,0,nan,0,nan,0
CZCE.SR701,2017-01-16 14:27:17.000000,6890.0,7198.0,6800.0,7130.0,6890.0,7091.0,3690,138558140.0,0,7091.0,7287.0,6593.0,72988,6940.0,6940.0,6920.0,11,6706.0,211,nan,0,nan,0,nan,0,nan,0,nan,0,nan,0,nan,0,nan,0
CZCE.FG612,2016-12-01 21:43:45.000000,1283.0,1283.0,1283.0,1283.0,1283.0,1283.0,22,564520.0,0,1283.0,1333.0,1205.0,22,1269.0,1269.0,nan,0,nan,0,nan,0,nan,0,nan,0,nan,0,nan,0,nan,0,nan,0,nan,0
SHFE.cu1607,2016-07-15 14:59:59.500020,38420.0,38420.0,37530.0,37530.0,38420.0,38226.775,2760,527529500.0,15950,38220.0,40600.0,36010.0,17110,38310.0,38360.0,38420.0,30,38120.0,10,nan,0,nan,0,nan,0,nan,0,nan,0,nan,0,nan,0,nan,0
SHFE.rb1611,2016-11-15 14:59:59.500010,2596.0,2633.0,2596.0,2633.0,2596.0,2614.5,240,6274800.0,2940,2614.0,2900.0,2571.0,2940,2736.0,2622.0,2635.0,30,2596.0,30,nan,0,nan,0,nan,0,nan,0,nan,0,nan,0,nan,0,nan,0
SHFE.rb1612,2016-12-15 14:59:59.500000,3301.0,3301.0,3301.0,3301.0,3301.0,3301.0,60,1980600.0,1800,3301.0,3421.0,2974.0,1800,3198.0,3198.0,nan,0,3200.0,30,nan,0,nan,0,nan,0,nan,0,nan,0,nan,0,nan,0,nan,0
CZCE.CF611,2016-11-14 14:31:10.000000,15300.0,16880.0,14670.0,16880.0,15300.0,15485.0,234,1238800.0,0,15485.0,16880.0,14670.0,2218,15775.0,16170.0,nan,0,nan,0,nan,0,nan,0,nan,0,nan,0,nan,0,nan,0,nan,0,nan,0
DCE.jd1606,2016-06-16 14:59:59.599020,3120.0,3120.0,3120.0,3120.0,3120.0,3120.0,2,62400.0,0,3026.0,3388.0,3006.0,2,3197.0,3197.0,nan,0,nan,0,nan,0,nan,0,nan,0,nan,0,nan,0,nan,0,nan,0,nan,0
CZCE.CF607,2016-07-14 13:34:34.500000,15050.0,15050.0,15040.0,15040.0,15050.0,15040.0,378,7369600.0,0,15040.0,15805.0,14295.0,5576,15050.0,15010.0,nan,0,nan,0,nan,0,nan,0,nan,0,nan,0,nan,0,nan,0,nan,0,nan,0
SHFE.ru1601,2016-01-15 14:59:59.500020,9465.0,9750.0,9445.0,9540.0,9465.0,9566.955,624,59697800.0,6884,9565.0,10110.0,8965.0,6912,9540.0,9600.0,9650.0,4,9350.0,12,nan,0,nan,0,nan,0,nan,0,nan,0,nan,0,nan,0,nan,0
SHFE.ru1607,2016-07-12 14:59:59.500020,10795.0,10835.0,10010.0,10680.0,10795.0,10607.5,24,2545800.0,628,10605.0,11285.0,10010.0,630,10650.0,10640.0,10800.0,3,10065.0,1,nan,0,nan,0,nan,0,nan,0,nan,0,nan,0,nan,0,nan,0
CZCE.CF601,2016-01-15 11:26:20.500000,11900.0,11975.0,11500.0,11850.0,11900.0,11895.0,2090,73867950.0,0,11895.0,12455.0,11495.0,18846,11975.0,11840.0,11900.0,142,nan,0,nan,0,nan,0,nan,0,nan,0,nan,0,nan,0,nan,0,nan,0
DCE.cs1601,2016-01-15 14:59:59.203030,2050.0,2105.0,2046.0,2071.0,2050.0,2058.74,7070,145552920.0,0,2163.0,2238.0,1986.0,8982,2112.0,2112.0,2050.0,961,2045.0,10,nan,0,nan,0,nan,0,nan,0,nan,0,nan,0,nan,0,nan,0
CZCE.SR601,2016-01-15 11:30:00.000000,5308.0,5317.0,5304.0,5317.0,5308.0,5307.0,8346,6474540.0,0,5307.0,5529.0,5103.0,25288,5316.0,5301.0,5400.0,100,nan,0,nan,0,nan,0,nan,0,nan,0,nan,0,nan,0,nan,0,nan,0
DCE.m1601,2016-01-15 14:59:59.419030,2561.0,2561.0,2561.0,2561.0,2561.0,2561.0,44,1126840.0,0,2500.0,2673.0,2371.0,10360,2522.0,2521.0,2561.0,178,2500.0,888,nan,0,nan,0,nan,0,nan,0,nan,0,nan,0,nan,0,nan,0
SHFE.ni1601,2016-01-15 14:59:59.000020,66900.0,69550.0,66400.0,66490.0,66900.0,67349.84,4512,303882480.0,76260,67340.0,69560.0,61690.0,76464,65630.0,65760.0,68550.0,6,66680.0,18,nan,0,nan,0,nan,0,nan,0,nan,0,nan,0,nan,0,nan,0
CZCE.WH605,2016-05-16 11:10:46.500000,2498.0,2498.0,2498.0,2498.0,2498.0,2498.0,2,99920.0,0,2498.0,2598.0,2398.0,1086,2498.0,2498.0,nan,0,2498.0,9,nan,0,nan,0,nan,0,nan,0,nan,0,nan,0,nan,0,nan,0
CZCE.SR705,2017-05-15 14:05:49.500000,6539.0,6560.0,6509.0,6524.0,6539.0,6525.0,1684,106879500.0,0,6525.0,6762.0,6240.0,21328,6501.0,6510.0,6600.0,20,6490.0,30,nan,0,nan,0,nan,0,nan,0,nan,0,nan,0,nan,0,nan,0
DCE.jd1601,2016-01-14 14:59:59.867020,4130.0,4130.0,4130.0,4130.0,4130.0,4130.0,2,82600.0,2,4130.0,4130.0,3664.0,4,3897.0,3920.0,4000.0,1,3801.0,1,nan,0,nan,0,nan,0,nan,0,nan,0,nan,0,nan,0,nan,0
CZCE.FG601,2016-01-15 11:29:07.500000,870.0,870.0,870.0,870.0,870.0,870.0,260,4524000.0,0,870.0,905.0,835.0,826,870.0,870.0,nan,0,865.0,53,nan,0,nan,0,nan,0,nan,0,nan,0,nan,0,nan,0,nan,0
DCE.l1601,2016-01-15 14:59:59.073030,8400.0,8400.0,8400.0,8400.0,8400.0,8400.0,12,504000.0,0,8860.0,9060.0,8040.0,596,8550.0,8550.0,8460.0,9,8250.0,24,nan,0,nan,0,nan,0,nan,0,nan,0,nan,0,nan,0,nan,0
DCE.i1601,2016-01-15 14:59:59.478030,318.0,340.0,318.0,340.0,318.0,329.0,86,658000.0,0,347.0,341.0,303.0,32266,322.0,318.0,nan,0,nan,0,nan,0,nan,0,nan,0,nan,0,nan,0,nan,0,nan,0,nan,0
CZCE.WH609,2016-09-13 13:37:31.000000,2522.0,2522.0,2522.0,2522.0,2522.0,2522.0,118,5951920.0,696,2522.0,2600.0,2400.0,696,2500.0,2500.0,2598.0,60,2450.0,20,nan,0,nan,0,nan,0,nan,0,nan,0,nan,0,nan,0,nan,0
CZCE.RM601,2016-01-15 14:59:59.000020,1838.0,1838.0,1838.0,1838.0,1838.0,1838.0,1380,25364400.0,0,1838.0,1878.0,1732.0,7610,1805.0,1805.0,1831.0,8,1820.0,8,nan,0,nan,0,nan,0,nan,0,nan,0,nan,0,nan,0,nan,0
SHFE.rb1602,2016-02-15 14:59:59.000020,1750.0,1750.0,1730.0,1730.0,1750.0,1732.5,960,16632000.0,3240,1732.0,1897.0,1648.0,4200,1773.0,1768.0,1800.0,30,1728.0,30,nan,0,nan,0,nan,0,nan,0,nan,0,nan,0,nan,0,nan,0
CZCE.SF605,2016-04-29 14:59:37.500000,4130.0,4436.0,4130.0,4238.0,4130.0,4194.0,212,4445640.0,154,4194.0,4460.0,4032.0,256,4246.0,4200.0,4454.0,1,4064.0,1,nan,0,nan,0,nan,0,nan,0,nan,0,nan,0,nan,0,nan,0
CZCE.MA601,2016-01-15 14:19:01.500000,1770.0,1770.0,1750.0,1750.0,1770.0,1756.0,1414,245840.0,0,1756.0,1832.0,1656.0,6956,1744.0,1744.0,1755.0,28,1660.0,30,nan,0,nan,0,nan,0,nan,0,nan,0,nan,0,nan,0,nan,0
SHFE.cu1601,2016-01-15 14:59:59.500020,34720.0,35100.0,34510.0,34850.0,34720.0,34905.881,5050,881373500.0,18010,34900.0,36810.0,32640.0,20020,34730.0,34830.0,34900.0,20,34520.0,20,nan,0,nan,0,nan,0,nan,0,nan,0,nan,0,nan,0,nan,0
DCE.pp1601,2016-01-15 14:59:59.075050,6020.0,6050.0,5700.0,5700.0,6020.0,5997.502,538,16133280.0,0,6206.0,6226.0,5522.0,2030,5874.0,5855.0,6073.0,10,6020.0,13,nan,0,nan,0,nan,0,nan,0,nan,0,nan,0,nan,0,nan,0
SHFE.bu1605,2016-05-16 14:59:59.000020,1750.0,1750.0,1750.0,1750.0,1750.0,1750.0,138,2415000.0,1776,1750.0,1886.0,1672.0,1776,1780.0,1780.0,1886.0,11,nan,0,nan,0,nan,0,nan,0,nan,0,nan,0,nan,0,nan,0,nan,0
SHFE.rb1607,2016-07-13 14:59:59.500010,2187.0,2346.0,2187.0,2346.0,2187.0,2266.5,120,2719800.0,1200,2266.0,2353.0,2086.0,1260,2220.0,2220.0,nan,0,2187.0,90,nan,0,nan,0,nan,0,nan,0,nan,0,nan,0,nan,0,nan,0
DCE.c1611,2016-11-02 14:59:59.146000,1710.0,1710.0,1710.0,1710.0,1710.0,1710.0,2,34200.0,0,1710.0,1918.0,1702.0,2,1810.0,1810.0,nan,0,nan,0,nan,0,nan,0,nan,0,nan,0,nan,0,nan,0,nan,0,nan,0
SHFE.pb1604,2016-04-15 14:59:59.500020,13200.0,13200.0,13200.0,13200.0,13200.0,13200.0,10,660000.0,560,13200.0,13700.0,12645.0,560,13175.0,13350.0,13500.0,25,13150.0,20,nan,0,nan,0,nan,0,nan,0,nan,0,nan,0,nan,0,nan,0
DCE.p1601,2016-01-15 14:59:59.256040,4420.0,4420.0,4420.0,4420.0,4420.0,4420.0,236,10431200.0,0,4448.0,4686.0,4158.0,40444,4422.0,4422.0,4454.0,9,nan,0,nan,0,nan,0,nan,0,nan,0,nan,0,nan,0,nan,0,nan,0
SHFE.cu1611,2016-11-15 14:59:59.500010,43280.0,46060.0,43230.0,45000.0,43280.0,45362.747,3240,734876500.0,5020,45360.0,48510.0,43020.0,6390,45770.0,45620.0,43780.0,5,43300.0,10,nan,0,nan,0,nan,0,nan,0,nan,0,nan,0,nan,0,nan,0
CZCE.TA606,2016-06-16 14:59:54.500000,4556.0,4556.0,4556.0,4556.0,4556.0,4556.0,44,45560.0,0,4556.0,4818.0,4358.0,98,4588.0,4588.0,4600.0,28,4550.0,50,nan,0,nan,0,nan,0,nan,0,nan,0,nan,0,nan,0,nan,0
DCE.i1606,2016-06-16 14:59:59.933030,490.0,490.0,490.0,490.0,490.0,490.0,2,98000.0,0,474.5,528.5,469.5,202,499.0,499.0,nan,0,nan,0,nan,0,nan,0,nan,0,nan,0,nan,0,nan,0,nan,0,nan,0
SHFE.al1607,2016-07-15 14:59:59.000020,12955.0,13020.0,12900.0,12980.0,12955.0,12956.488,5140,332981750.0,7360,12955.0,13495.0,12460.0,11100,12980.0,13015.0,12970.0,30,12905.0,5,nan,0,nan,0,nan,0,nan,0,nan,0,nan,0,nan,0,nan,0
SHFE.zn1606,2016-06-15 14:59:59.000020,15595.0,15630.0,15470.0,15630.0,15595.0,15552.656,960,74652750.0,35230,15550.0,16485.0,14915.0,35290,15700.0,15590.0,15650.0,65,15555.0,5,nan,0,nan,0,nan,0,nan,0,nan,0,nan,0,nan,0,nan,0
DCE.i1603,2016-03-01 14:59:59.816030,400.0,400.0,387.5,387.5,400.0,390.2,10,390200.0,0,390.0,400.5,355.5,10,378.0,379.0,nan,0,nan,0,nan,0,nan,0,nan,0,nan,0,nan,0,nan,0,nan,0,nan,0
DCE.j1601,2016-01-15 14:59:59.507040,702.0,790.5,702.0,730.0,702.0,708.513,560,39676700.0,0,692.0,790.5,701.5,920,746.0,740.0,nan,0,nan,0,nan,0,nan,0,nan,0,nan,0,nan,0,nan,0,nan,0,nan,0
SHFE.pb1605,2016-05-16 14:59:59.500020,12800.0,12840.0,12790.0,12820.0,12800.0,12811.0,150,9608250.0,3200,12810.0,13510.0,12475.0,3160,12995.0,12995.0,13000.0,20,12580.0,5,nan,0,nan,0,nan,0,nan,0,nan,0,nan,0,nan,0,nan,0
DCE.c1607,2016-07-01 14:59:59.317020,1785.0,1800.0,1785.0,1800.0,1785.0,1786.5,20,357300.0,10,1786.0,2011.0,1785.0,20,1898.0,1860.0,nan,0,1785.0,35,nan,0,nan,0,nan,0,nan,0,nan,0,nan,0,nan,0,nan,0
SHFE.cu1609,2016-09-19 14:59:59.500010,37150.0,37150.0,36950.0,36950.0,37150.0,37078.01,2010,372634000.0,6190,37070.0,38850.0,34460.0,7380,36660.0,36770.0,37250.0,5,37080.0,20,nan,0,nan,0,nan,0,nan,0,nan,0,nan,0,nan,0,nan,0
SHFE.al1601,2016-01-15 14:59:59.000020,10690.0,10780.0,10690.0,10760.0,10690.0,10720.097,8270,443276000.0,14920,10720.0,11245.0,10380.0,19940,10815.0,10760.0,10725.0,125,10690.0,5,nan,0,nan,0,nan,0,nan,0,nan,0,nan,0,nan,0,nan,0
DCE.a1603,2016-03-04 14:59:59.252030,3690.0,3690.0,3690.0,3690.0,3690.0,3690.0,2,73800.0,0,3690.0,3707.0,3289.0,1068,3498.0,3498.0,3690.0,60,nan,0,nan,0,nan,0,nan,0,nan,0,nan,0,nan,0,nan,0,nan,0
SHFE.cu1612,2016-12-15 14:59:59.500000,46450.0,47230.0,46000.0,46200.0,46450.0,46501.111,3780,878871000.0,7470,46500.0,49410.0,42940.0,8630,46180.0,46260.0,46550.0,20,46310.0,10,nan,0,nan,0,nan,0,nan,0,nan,0,nan,0,nan,0,nan,0
SHFE.hc1610,2016-10-14 14:59:59.500010,2843.0,2845.0,2830.0,2845.0,2843.0,2840.75,240,6817800.0,4560,2840.0,3042.0,2697.0,4620,2870.0,2850.0,2842.0,30,2780.0,30,nan,0,nan,0,nan,0,nan,0,nan,0,nan,0,nan,0,nan,0
CZCE.SF601,2016-01-04 09:30:56.500000,3832.0,3832.0,3780.0,3780.0,3832.0,3816.0,6,114480.0,0,3816.0,3832.0,3536.0,6,3684.0,3780.0,nan,0,nan,0,nan,0,nan,0,nan,0,nan,0,nan,0,nan,0,nan,0,nan,0
SHFE.ni1609,2016-09-19 14:59:59.500010,77600.0,77750.0,76810.0,76810.0,77600.0,77559.449,2832,219648360.0,58224,77550.0,81750.0,72500.0,57912,77130.0,76810.0,77650.0,30,77530.0,12,nan,0,nan,0,nan,0,nan,0,nan,0,nan,0,nan,0,nan,0
DCE.jm1601,2016-01-15 14:59:59.966030,625.0,660.0,620.0,620.0,625.0,651.477,264,10319400.0,0,624.5,683.5,606.5,7002,645.0,645.0,nan,0,nan,0,nan,0,nan,0,nan,0,nan,0,nan,0,nan,0,nan,0,nan,0
SHFE.ni1604,2016-04-15 14:59:59.000020,70000.0,70000.0,70000.0,70000.0,70000.0,70000.0,12,840000.0,372,70000.0,73640.0,65310.0,384,69480.0,69480.0,73000.0,6,68000.0,6,nan,0,nan,0,nan,0,nan,0,nan,0,nan,0,nan,0,nan,0
DCE.a1705,2017-05-15 14:59:59.682040,3713.0,3713.0,3693.0,3710.0,3713.0,3707.444,180,6673400.0,0,3712.0,3945.0,3499.0,308,3722.0,3700.0,3713.0,36,3700.0,50,nan,0,nan,0,nan,0,nan,0,nan,0,nan,0,nan,0,nan,0
CZCE.RM603,2016-03-14 14:48:32.000000,1885.0,1885.0,1885.0,1885.0,1885.0,1885.0,64,1206400.0,0,1885.0,1933.0,1783.0,3682,1858.0,1858.0,nan,0,1850.0,50,nan,0,nan,0,nan,0,nan,0,nan,0,nan,0,nan,0,nan,0
CZCE.RM611,2016-10-31 14:59:59.000010,2450.0,2459.0,2310.0,2344.0,2450.0,2418.0,222,5367960.0,0,2418.0,2459.0,2223.0,156,2341.0,2351.0,nan,0,2265.0,10,nan,0,nan,0,nan,0,nan,0,nan,0,nan,0,nan,0,nan,0
DCE.i1610,2016-10-10 14:59:59.797000,443.5,443.5,443.5,443.5,443.5,443.5,2,88700.0,0,443.5,474.5,412.5,2,443.5,438.0,nan,0,nan,0,nan,0,nan,0,nan,0,nan,0,nan,0,nan,0,nan,0,nan,0
DCE.y1601,2016-01-15 14:59:59.502030,5748.0,5752.0,5748.0,5752.0,5748.0,5749.333,12,689920.0,0,5736.0,6008.0,5328.0,13396,5668.0,5666.0,5738.0,14,nan,0,nan,0,nan,0,nan,0,nan,0,nan,0,nan,0,nan,0,nan,0
SHFE.ag1612,2016-12-15 14:59:59.500000,4081.0,4140.0,4073.0,4110.0,4081.0,4101.484,4704,289400700.0,80420,4101.0,4357.0,3864.0,77120,4111.0,4072.0,4091.0,2,3934.0,20,nan,0,nan,0,nan,0,nan,0,nan,0,nan,0,nan,0,nan,0
CZCE.FG606,2016-06-16 11:30:00.000000,951.0,951.0,951.0,951.0,951.0,951.0,4,38040.0,0,951.0,1027.0,947.0,304,987.0,987.0,1020.0,1,950.0,10,nan,0,nan,0,nan,0,nan,0,nan,0,nan,0,nan,0,nan,0
DCE.i1604,2016-04-05 14:59:59.749030,409.0,430.0,409.0,430.0,409.0,425.579,38,1617200.0,400,425.5,470.0,409.0,408,439.5,439.5,nan,0,nan,0,nan,0,nan,0,nan,0,nan,0,nan,0,nan,0,nan,0,nan,0
SHFE.al1609,2016-09-19 14:59:59.500010,12400.0,12535.0,12400.0,12535.0,12400.0,12470.692,5200,324238000.0,4110,12470.0,13190.0,11935.0,8180,12565.0,12500.0,12450.0,155,12405.0,5,nan,0,nan,0,nan,0,nan,0,nan,0,nan,0,nan,0,nan,0
SHFE.ag1604,2016-04-15 14:59:59.000020,3451.0,3460.0,3352.0,3460.0,3451.0,3450.643,280,14492700.0,20132,3450.0,3638.0,3227.0,20100,3433.0,3422.0,3450.0,6,3352.0,20,nan,0,nan,0,nan,0,nan,0,nan,0,nan,0,nan,0,nan,0
SHFE.ag1601,2016-01-15 14:59:59.500020,3211.0,3215.0,3200.0,3204.0,3211.0,3209.825,616,29658780.0,16820,3209.0,3420.0,3033.0,16316,3227.0,3230.0,3225.0,10,3205.0,12,nan,0,nan,0,nan,0,nan,0,nan,0,nan,0,nan,0,nan,0
SHFE.au1612,2016-12-14 14:59:59.500010,264.5,264.5,264.0,264.0,264.5,264.031,126,33267900.0,1734,264.0,276.9,250.55,1740,263.75,263.65,nan,0,264.3,3,nan,0,nan,0,nan,0,nan,0,nan,0,nan,0,nan,0,nan,0
SHFE.sn1601,2016-01-15 14:59:59.500020,94400.0,94400.0,94400.0,94400.0,94400.0,94400.0,20,1888000.0,688,94400.0,97510.0,90000.0,708,93760.0,93500.0,96500.0,10,92200.0,2,nan,0,nan,0,nan,0,nan,0,nan,0,nan,0,nan,0,nan,0
DCE.c1603,2016-02-29 14:59:59.349020,2002.0,2074.0,1933.0,2058.0,2002.0,2001.536,194,3882980.0,298,2001.0,2074.0,1916.0,432,1995.0,2004.0,2002.0,11,nan,0,nan,0,nan,0,nan,0,nan,0,nan,0,nan,0,nan,0,nan,0
SHFE.ru1603,2016-03-15 14:59:59.000020,10610.0,10950.0,10610.0,10950.0,10610.0,10925.714,28,3059200.0,1732,10925.0,11915.0,10570.0,1724,11245.0,11200.0,10945.0,1,10570.0,1,nan,0,nan,0,nan,0,nan,0,nan,0,nan,0,nan,0,nan,0
SHFE.ag1605,2016-05-16 14:59:59.000020,3670.0,3689.0,3658.0,3658.0,3670.0,3664.684,76,4177740.0,26836,3664.0,3881.0,3442.0,26832,3662.0,3650.0,3770.0,30,3680.0,4,nan,0,nan,0,nan,0,nan,0,nan,0,nan,0,nan,0,nan,0
DCE.fb1603,2016-03-09 14:59:59.908020,40.75,40.75,40.75,40.75,40.75,40.75,8,163000.0,20,40.75,43.15,38.35,20,40.75,40.75,nan,0,nan,0,nan,0,nan,0,nan,0,nan,0,nan,0,nan,0,nan,0,nan,0
CZCE.TC601,2016-01-08 09:35:14.500000,305.0,305.0,305.0,305.0,305.0,305.0,200,6100000.0,0,305.0,315.4,291.0,1000,303.2,303.2,nan,0,nan,0,nan,0,nan,0,nan,0,nan,0,nan,0,nan,0,nan,0,nan,0
CZCE.WH601,2016-01-15 10:48:02.000000,2940.0,2940.0,2940.0,2940.0,2940.0,2940.0,34,1999200.0,0,2940.0,3059.0,2823.0,3418,2941.0,2947.0,2940.0,20,nan,0,nan,0,nan,0,nan,0,nan,0,nan,0,nan,0,nan,0,nan,0
DCE.i1602,2016-02-01 14:59:59.661030,334.5,334.5,315.0,334.5,334.5,329.7,30,989100.0,0,329.5,334.5,297.5,30,316.0,315.0,nan,0,nan,0,nan,0,nan,0,nan,0,nan,0,nan,0,nan,0,nan,0,nan,0
SHFE.cu1608,2016-08-15 14:59:59.500010,37000.0,37220.0,36280.0,36280.0,37000.0,37045.332,5870,1087280500.0,18110,37040.0,39620.0,35130.0,19250,37380.0,37410.0,37000.0,15,36900.0,5,nan,0,nan,0,nan,0,nan,0,nan,0,nan,0,nan,0,nan,0
SHFE.ru1606,2016-06-15 14:59:59.500020,10020.0,10050.0,10020.0,10050.0,10020.0,10037.097,62,6223000.0,616,10035.0,10875.0,9640.0,590,10260.0,10080.0,10300.0,5,10030.0,3,nan,0,nan,0,nan,0,nan,0,nan,0,nan,0,nan,0,nan,0
CZCE.SM605,2016-05-11 14:08:07.500000,5600.0,5600.0,5600.0,5600.0,5600.0,5600.0,42,1176000.0,0,5600.0,5890.0,5434.0,42,5662.0,5662.0,nan,0,nan,0,nan,0,nan,0,nan,0,nan,0,nan,0,nan,0,nan,0,nan,0
CZCE.SM601,2016-01-04 09:08:34.500000,4118.0,4118.0,4118.0,4118.0,4118.0,4118.0,2,41180.0,0,4118.0,4284.0,3952.0,2,4118.0,4158.0,nan,0,nan,0,nan,0,nan,0,nan,0,nan,0,nan,0,nan,0,nan,0,nan,0
SHFE.cu1610,2016-10-17 14:59:59.500010,37300.0,37800.0,37300.0,37800.0,37300.0,37338.742,3260,608621500.0,7360,37330.0,39720.0,35230.0,8080,37480.0,37490.0,37350.0,10,37280.0,20,nan,0,nan,0,nan,0,nan,0,nan,0,nan,0,nan,0,nan,0
SHFE.sn1609,2016-09-19 14:59:59.500010,124000.0,124000.0,124000.0,124000.0,124000.0,124000.0,8,992000.0,4684,124000.0,129870.0,115160.0,4684,122520.0,122200.0,nan,0,123010.0,2,nan,0,nan,0,nan,0,nan,0,nan,0,nan,0,nan,0,nan,0
SHFE.ag1603,2016-03-15 14:59:59.000020,3340.0,3340.0,3324.0,3337.0,3340.0,3332.016,748,37385220.0,16136,3332.0,3579.0,3174.0,16084,3377.0,3368.0,3368.0,10,3316.0,10,nan,0,nan,0,nan,0,nan,0,nan,0,nan,0,nan,0,nan,0
SHFE.al1610,2016-10-17 14:59:59.500010,13320.0,13495.0,13220.0,13455.0,13320.0,13397.815,5560,372459250.0,3580,13395.0,14025.0,12950.0,8560,13490.0,13510.0,13350.0,115,13225.0,5,nan,0,nan,0,nan,0,nan,0,nan,0,nan,0,nan,0,nan,0
SHFE.zn1607,2016-07-15 14:59:59.500020,16890.0,16900.0,16670.0,16670.0,16890.0,16820.526,1140,95877000.0,21260,16820.0,17580.0,15905.0,21440,16745.0,16840.0,17120.0,20,16900.0,45,nan,0,nan,0,nan,0,nan,0,nan,0,nan,0,nan,0,nan,0
DCE.c1601,2016-01-15 14:59:59.995030,1950.0,1980.0,1950.0,1950.0,1950.0,1956.923,260,5088000.0,0,2086.0,2162.0,1918.0,1090,2040.0,2040.0,2045.0,30,1950.0,252,nan,0,nan,0,nan,0,nan,0,nan,0,nan,0,nan,0,nan,0
SHFE.pb1612,2016-12-15 14:59:59.500000,21000.0,22280.0,19555.0,19555.0,21000.0,21969.679,780,85681750.0,4870,20965.0,22290.0,19375.0,4880,20835.0,20815.0,22290.0,200,20800.0,20,nan,0,nan,0,nan,0,nan,0,nan,0,nan,0,nan,0,nan,0
SHFE.ru1608,2016-08-12 14:59:59.500010,10540.0,10560.0,10460.0,10500.0,10540.0,10540.152,132,13913000.0,446,10540.0,11005.0,9760.0,362,10385.0,10420.0,10650.0,4,10200.0,3,nan,0,nan,0,nan,0,nan,0,nan,0,nan,0,nan,0,nan,0
SHFE.ni1606,2016-06-15 14:59:59.500020,70000.0,70000.0,70000.0,70000.0,70000.0,70000.0,264,18480000.0,1464,70000.0,73430.0,65120.0,1428,69280.0,69300.0,70500.0,60,69500.0,66,nan,0,nan,0,nan,0,nan,0,nan,0,nan,0,nan,0,nan,0
SHFE.zn1612,2016-12-15 14:59:59.500000,22660.0,23650.0,22320.0,22390.0,22660.0,22658.661,560,63444250.0,13230,22655.0,23655.0,20560.0,13360,22110.0,22250.0,22700.0,35,22620.0,120,nan,0,nan,0,nan,0,nan,0,nan,0,nan,0,nan,0,nan,0
CFFEX.T1603,2016-03-10 15:14:59.700010,100.83,100.83,100.6,100.6,100.83,100.726,70,70508100.0,518,100.75,102.61,98.59,663,100.6,100.6,100.83,13,100.6,10,nan,0,nan,0,nan,0,nan,0,nan,0,nan,0,nan,0,nan,0
CFFEX.TF1603,2016-03-07 15:14:59.100010,101.3,102.2,101.275,102.2,101.3,101.312,106,107391000.0,147,101.295,102.49,100.06,249,101.275,101.15,101.3,10,101.25,2,nan,0,nan,0,nan,0,nan,0,nan,0,nan,0,nan,0,nan,0
CFFEX.T1606,2016-06-06 15:14:59.800010,100.0,100.0,100.0,100.0,100.0,100.0,20,20000000.0,1526,100.0,101.945,97.955,1577,99.95,99.95,99.995,10,99.52,1,nan,0,nan,0,nan,0,nan,0,nan,0,nan,0,nan,0,nan,0
CFFEX.TF1606,2016-06-07 15:14:59.300010,100.9,100.9,100.9,100.9,100.9,100.9,90,90810000.0,292,100.9,102.33,99.91,312,101.12,101.0,nan,0,nan,0,nan,0,nan,0,nan,0,nan,0,nan,0,nan,0,nan,0,nan,0
SHFE.zn1601,2016-01-15 14:59:59.500020,12450.0,12680.0,12450.0,12585.0,12450.0,12558.308,2630,165141750.0,9760,12555.0,13100.0,11855.0,10750,12480.0,12520.0,12490.0,45,12430.0,10,nan,0,nan,0,nan,0,nan,0,nan,0,nan,0,nan,0,nan,0
DCE.v1601,2016-01-15 14:59:59.578030,4800.0,4800.0,4800.0,4800.0,4800.0,4800.0,120,2880000.0,0,4830.0,5020.0,4460.0,1084,4740.0,4820.0,nan,0,4470.0,8,nan,0,nan,0,nan,0,nan,0,nan,0,nan,0,nan,0,nan,0
SHFE.bu1706,2017-06-15 14:59:59.000010,2210.0,2238.0,2160.0,2172.0,2210.0,2206.983,2946,65017720.0,20992,2206.0,2356.0,2090.0,21898,2224.0,2260.0,2270.0,5,2202.0,26,nan,0,nan,0,nan,0,nan,0,nan,0,nan,0,nan,0,nan,0
DCE.j1602,2016-02-04 14:59:59.453020,665.0,665.0,665.0,665.0,665.0,665.0,64,4256000.0,0,665.0,697.0,619.0,64,658.0,658.0,nan,0,nan,0,nan,0,nan,0,nan,0,nan,0,nan,0,nan,0,nan,0,nan,0
CZCE.FG611,2016-10-31 14:59:39.000000,1255.0,1255.0,1250.0,1250.0,1255.0,1252.0,6,150240.0,0,1252.0,1288.0,1188.0,6,1238.0,1238.0,nan,0,nan,0,nan,0,nan,0,nan,0,nan,0,nan,0,nan,0,nan,0,nan,0
SHFE.al1611,2016-11-15 14:59:59.500010,14985.0,15240.0,14840.0,15170.0,14985.0,15111.694,4220,318856750.0,5180,15110.0,16305.0,14460.0,9200,15385.0,15180.0,15150.0,10,14880.0,5,nan,0,nan,0,nan,0,nan,0,nan,0,nan,0,nan,0,nan,0
SHFE.ru1610,2016-10-17 14:59:59.500010,12000.0,12120.0,12000.0,12120.0,12000.0,12095.333,60,7257200.0,290,12095.0,12845.0,11390.0,336,12120.0,12120.0,12350.0,4,11980.0,5,nan,0,nan,0,nan,0,nan,0,nan,0,nan,0,nan,0,nan,0
DCE.pp1606,2016-06-16 14:59:59.556030,6990.0,7400.0,6949.0,7400.0,6990.0,7113.0,6,213390.0,0,7224.0,7835.0,6949.0,26,7392.0,7392.0,7600.0,5,6960.0,7,nan,0,nan,0,nan,0,nan,0,nan,0,nan,0,nan,0,nan,0
DCE.jd1602,2016-02-17 14:59:59.750020,2890.0,2890.0,2890.0,2890.0,2890.0,2890.0,2,57800.0,18,2890.0,3116.0,2764.0,18,2940.0,2920.0,3116.0,3,2800.0,1,nan,0,nan,0,nan,0,nan,0,nan,0,nan,0,nan,0,nan,0
CFFEX.T1609,2016-09-08 15:14:59.700020,101.3,101.3,101.3,101.3,101.3,101.3,2,2026000.0,198,101.3,103.52,99.47,198,101.495,101.495,101.3,8,101.1,5,nan,0,nan,0,nan,0,nan,0,nan,0,nan,0,nan,0,nan,0
SHFE.bu1709,2017-09-15 14:59:59.000002,2396.0,2400.0,2396.0,2400.0,2396.0,2399.906,1024,24575040.0,23222,2398.0,2490.0,2208.0,24246,2350.0,2350.0,2398.0,5,2300.0,4,nan,0,nan,0,nan,0,nan,0,nan,0,nan,0,nan,0,nan,0
SHFE.ru1611,2016-11-15 14:59:59.500010,13600.0,14000.0,13265.0,13300.0,13600.0,13594.721,502,68245500.0,10194,13590.0,14020.0,12435.0,10234,13230.0,13300.0,13600.0,6,13460.0,6,nan,0,nan,0,nan,0,nan,0,nan,0,nan,0,nan,0,nan,0
DCE.y1612,2016-11-30 14:59:59.392000,6962.0,6962.0,6774.0,6774.0,6962.0,6821.0,16,1091360.0,0,6820.0,6962.0,6302.0,0,6632.0,6632.0,nan,0,6302.0,1,nan,0,nan,0,nan,0,nan,0,nan,0,nan,0,nan,0,nan,0
CFFEX.TF1609,2016-09-07 15:14:59.600010,101.455,101.5,101.455,101.5,101.455,101.493,6,6089550.0,79,101.455,102.865,100.435,99,101.65,101.7,102.1,30,100.655,1,nan,0,nan,0,nan,0,nan,0,nan,0,nan,0,nan,0,nan,0
DCE.l1603,2016-02-24 14:59:59.714030,8985.0,8985.0,8145.0,8145.0,8985.0,8565.0,4,171300.0,0,8565.0,8985.0,8135.0,0,8560.0,8560.0,8985.0,1,8165.0,1,nan,0,nan,0,nan,0,nan,0,nan,0,nan,0,nan,0,nan,0
SHFE.ag1610,2016-10-17 14:59:59.500010,3941.0,3947.0,3940.0,3940.0,3941.0,3941.822,516,30509700.0,5120,3941.0,4182.0,3709.0,4628,3946.0,3939.0,3994.0,2,nan,0,nan,0,nan,0,nan,0,nan,0,nan,0,nan,0,nan,0,nan,0
DCE.a1601,2016-01-15 14:59:59.080030,3900.0,3900.0,3900.0,3900.0,3900.0,3900.0,6,234000.0,0,3759.0,3975.0,3525.0,3226,3750.0,3750.0,3950.0,111,nan,0,nan,0,nan,0,nan,0,nan,0,nan,0,nan,0,nan,0,nan,0
DCE.i1611,2016-11-14 14:59:59.699000,571.0,571.0,571.0,571.0,571.0,571.0,6,342600.0,0,534.0,571.0,507.0,2,539.0,539.0,nan,0,nan,0,nan,0,nan,0,nan,0,nan,0,nan,0,nan,0,nan,0,nan,0
DCE.m1611,2016-11-01 14:59:59.200000,3384.0,3384.0,3384.0,3384.0,3384.0,3384.0,2,67680.0,0,3384.0,3384.0,3002.0,2,3193.0,2970.0,nan,0,nan,0,nan,0,nan,0,nan,0,nan,0,nan,0,nan,0,nan,0,nan,0
DCE.jd1610,2016-10-20 14:59:59.263000,3500.0,3500.0,3176.0,3500.0,3500.0,3314.857,14,464080.0,20,3314.0,3580.0,3176.0,14,3378.0,3458.0,3580.0,4,3177.0,1,nan,0,nan,0,nan,0,nan,0,nan,0,nan,0,nan,0,nan,0
CZCE.RM607,2016-07-04 14:59:59.500000,2870.0,2870.0,2721.0,2721.0,2870.0,2796.0,4,111840.0,714,2796.0,3008.0,2720.0,712,2864.0,2864.0,2936.0,20,2721.0,20,nan,0,nan,0,nan,0,nan,0,nan,0,nan,0,nan,0,nan,0
SHFE.pb1601,2016-01-15 14:59:59.000020,12900.0,12900.0,12900.0,12900.0,12900.0,12900.0,70,4515000.0,450,12900.0,13390.0,12360.0,520,12875.0,12900.0,12850.0,5,12520.0,60,nan,0,nan,0,nan,0,nan,0,nan,0,nan,0,nan,0,nan,0
CFFEX.IC1603,2016-03-18 14:59:59.800010,5944.6,5976.0,5780.0,5780.0,5944.6,5882.247,4699,5528135760.0,0,5944.29,6894.6,4596.6,6316,5745.6,5760.0,5944.6,46,5944.0,1,nan,0,nan,0,nan,0,nan,0,nan,0,nan,0,nan,0,nan,0
CFFEX.IC1601,2016-01-15 14:59:59.100020,5942.8,6121.8,5923.4,6052.4,5942.8,6047.65,5486,6635481360.0,0,5940.3,7281.0,4854.2,6155,6067.6,6078.0,5943.0,1,5940.2,4,nan,0,nan,0,nan,0,nan,0,nan,0,nan,0,nan,0,nan,0
CFFEX.IF1603,2016-03-18 14:59:59.300010,3176.8,3196.8,3131.2,3131.2,3176.8,3162.234,7121,6755481120.0,0,3177.12,3754.4,2503.2,9399,3128.8,3123.0,3177.0,112,3176.8,3,nan,0,nan,0,nan,0,nan,0,nan,0,nan,0,nan,0,nan,0
CFFEX.IF1606,2016-06-17 14:59:59.800020,3113.4,3128.8,3097.6,3099.8,3113.4,3119.043,6610,6185062080.0,0,3112.26,3704.0,2469.6,7889,3086.8,3088.0,3113.6,2,3113.4,1,nan,0,nan,0,nan,0,nan,0,nan,0,nan,0,nan,0,nan,0
CFFEX.IF1601,2016-01-15 14:59:59.600020,3132.8,3209.6,3129.0,3187.2,3132.8,3175.881,8599,8192819220.0,0,3133.69,3839.6,2560.0,9564,3199.8,3204.6,3132.2,2,3131.6,1,nan,0,nan,0,nan,0,nan,0,nan,0,nan,0,nan,0,nan,0
CFFEX.IH1601,2016-01-15 14:59:59.600010,2079.0,2124.4,2074.8,2117.0,2079.0,2103.12,3876,2445507780.0,0,2078.22,2544.6,1696.6,4723,2120.6,2129.0,2079.6,3,2079.0,10,nan,0,nan,0,nan,0,nan,0,nan,0,nan,0,nan,0,nan,0
CFFEX.IF1602,2016-02-19 14:59:59.700020,3048.6,3059.4,3028.2,3048.0,3048.6,3046.654,6147,5618335140.0,0,3049.53,3664.8,2443.2,7665,3054.0,3050.6,3049.2,2,3048.6,5,nan,0,nan,0,nan,0,nan,0,nan,0,nan,0,nan,0,nan,0
CFFEX.IH1603,2016-03-18 14:59:59.800010,2146.6,2162.2,2131.6,2133.0,2146.6,2145.359,3483,2241686100.0,0,2146.94,2566.0,1710.8,4558,2138.4,2130.0,2147.0,6,2146.8,1,nan,0,nan,0,nan,0,nan,0,nan,0,nan,0,nan,0,nan,0
CZCE.CF603,2016-03-14 11:15:42.500000,10705.0,10950.0,10705.0,10950.0,10705.0,10830.0,16,866400.0,0,10830.0,11180.0,10320.0,1432,10750.0,10800.0,10950.0,4,nan,0,nan,0,nan,0,nan,0,nan,0,nan,0,nan,0,nan,0,nan,0
CFFEX.IH1606,2016-06-17 14:59:59.800020,2103.4,2116.6,2095.2,2095.2,2103.4,2108.347,2617,1655262900.0,0,2104.01,2508.8,1672.8,3168,2090.8,2092.6,2103.8,2,2103.4,1,nan,0,nan,0,nan,0,nan,0,nan,0,nan,0,nan,0,nan,0
CFFEX.IC1606,2016-06-17 14:59:59.800020,5962.4,6012.4,5940.0,5940.0,5962.4,5973.459,5041,6022441440.0,0,5961.2,7098.2,4732.2,6582,5915.2,5912.8,5962.6,3,5962.4,9,nan,0,nan,0,nan,0,nan,0,nan,0,nan,0,nan,0,nan,0
CFFEX.IC1602,2016-02-19 14:59:59.700020,5969.2,5985.6,5931.6,5939.6,5969.2,5962.664,3806,4538779840.0,0,5968.37,7166.4,4777.6,5317,5972.0,5950.2,5969.6,2,5969.2,2,nan,0,nan,0,nan,0,nan,0,nan,0,nan,0,nan,0,nan,0
CFFEX.IH1602,2016-02-19 14:59:59.200010,2002.4,2012.0,1991.0,2000.4,2002.4,2002.96,2248,1350796320.0,0,2002.74,2411.2,1607.6,3493,2009.4,2006.8,2002.8,243,2002.4,8,nan,0,nan,0,nan,0,nan,0,nan,0,nan,0,nan,0,nan,0
DCE.m1607,2016-07-01 14:59:59.670020,3192.0,3192.0,3192.0,3192.0,3192.0,3192.0,2,63840.0,2,3192.0,3598.0,3192.0,2,3395.0,3387.0,nan,0,3192.0,1,nan,0,nan,0,nan,0,nan,0,nan,0,nan,0,nan,0,nan,0
SHFE.bu1612,2016-12-15 14:59:59.500000,2228.0,2228.0,2150.0,2208.0,2228.0,2211.649,502,11102480.0,22910,2210.0,2378.0,2068.0,22916,2224.0,2212.0,2228.0,50,2160.0,40,nan,0,nan,0,nan,0,nan,0,nan,0,nan,0,nan,0,nan,0
SHFE.fu1604,2016-03-02 14:59:59.000020,2498.0,2498.0,2498.0,2498.0,2498.0,2498.0,2,249800.0,0,2498.0,2759.0,2496.0,2,2628.0,2597.0,2758.0,1,2498.0,1,nan,0,nan,0,nan,0,nan,0,nan,0,nan,0,nan,0,nan,0
SHFE.ni1603,2016-03-15 14:59:59.500020,68000.0,68180.0,68000.0,68180.0,68000.0,68093.333,36,2451360.0,2832,68090.0,72240.0,64070.0,2844,68160.0,68160.0,68000.0,18,67100.0,6,nan,0,nan,0,nan,0,nan,0,nan,0,nan,0,nan,0,nan,0
CZCE.MA611,2016-10-28 14:59:51.000000,2187.0,2354.0,2187.0,2354.0,2187.0,2271.0,4,90840.0,0,2271.0,2355.0,2129.0,0,2242.0,2242.0,nan,0,2230.0,2,nan,0,nan,0,nan,0,nan,0,nan,0,nan,0,nan,0,nan,0
SHFE.zn1608,2016-08-15 14:59:59.500010,17105.0,17300.0,17080.0,17300.0,17105.0,17184.231,910,78188250.0,12860,17180.0,18315.0,16570.0,13280,17445.0,17400.0,17150.0,85,17010.0,20,nan,0,nan,0,nan,0,nan,0,nan,0,nan,0,nan,0,nan,0
SHFE.zn1609,2016-09-19 14:59:59.500010,17490.0,17625.0,16605.0,16605.0,17490.0,17541.333,1200,105248000.0,16530,17540.0,18620.0,16515.0,16670,17570.0,17540.0,17530.0,20,17470.0,25,nan,0,nan,0,nan,0,nan,0,nan,0,nan,0,nan,0,nan,0
SHFE.zn1610,2016-10-17 14:59:59.500010,17960.0,18000.0,17880.0,17910.0,17960.0,17911.828,1860,166580000.0,15080,17910.0,18800.0,17005.0,15740,17905.0,17825.0,18040.0,20,17950.0,100,nan,0,nan,0,nan,0,nan,0,nan,0,nan,0,nan,0,nan,0
SHFE.au1610,2016-10-13 14:59:59.500010,268.0,268.0,264.15,264.15,268.0,266.075,12,3192900.0,6,266.05,291.9,264.1,6,278.0,278.0,nan,0,265.0,15,nan,0,nan,0,nan,0,nan,0,nan,0,nan,0,nan,0,nan,0
DCE.jd1611,2016-11-09 14:59:59.421000,3335.0,3335.0,3335.0,3335.0,3335.0,3335.0,2,66700.0,6,3335.0,3535.0,3135.0,8,3335.0,3335.0,3535.0,1,3135.0,1,nan,0,nan,0,nan,0,nan,0,nan,0,nan,0,nan,0,nan,0
DCE.jd1603,2016-03-11 14:59:59.370020,2980.0,2980.0,2980.0,2980.0,2980.0,2980.0,10,298000.0,8,2980.0,2980.0,2644.0,18,2812.0,2800.0,2980.0,1,nan,0,nan,0,nan,0,nan,0,nan,0,nan,0,nan,0,nan,0,nan,0
CZCE.MA606,2016-06-02 13:30:02.500000,2000.0,2019.0,1900.0,1900.0,2000.0,1953.0,12,234360.0,2,1953.0,2019.0,1753.0,14,1886.0,1886.0,nan,0,1755.0,1,nan,0,nan,0,nan,0,nan,0,nan,0,nan,0,nan,0,nan,0
SHFE.ni1602,2016-02-15 14:59:59.500020,62400.0,62400.0,62400.0,62400.0,62400.0,62400.0,60,3744000.0,504,62400.0,73240.0,62390.0,564,67820.0,67780.0,69350.0,18,63210.0,6,nan,0,nan,0,nan,0,nan,0,nan,0,nan,0,nan,0,nan,0
SHFE.ru1604,2016-04-15 14:59:59.500020,11660.0,12140.0,11500.0,12140.0,11660.0,11782.222,18,2120800.0,918,11780.0,12480.0,11065.0,910,11775.0,11500.0,12350.0,4,11600.0,10,nan,0,nan,0,nan,0,nan,0,nan,0,nan,0,nan,0,nan,0
SHFE.bu1602,2016-02-03 14:59:59.500020,1550.0,1598.0,1498.0,1498.0,1550.0,1558.0,16,249280.0,4,1558.0,1796.0,1498.0,4,1648.0,1646.0,nan,0,nan,0,nan,0,nan,0,nan,0,nan,0,nan,0,nan,0,nan,0,nan,0
SHFE.ag1602,2016-02-15 14:59:59.500020,3395.0,3580.0,3385.0,3580.0,3395.0,3410.061,524,26803080.0,13856,3410.0,3582.0,3051.0,13404,3317.0,3318.0,3436.0,6,3261.0,20,nan,0,nan,0,nan,0,nan,0,nan,0,nan,0,nan,0,nan,0
CZCE.RS607,2016-07-08 13:32:03.500000,4070.0,4070.0,4070.0,4070.0,4070.0,4070.0,34,1383800.0,628,4070.0,4244.0,3916.0,662,4080.0,4070.0,4188.0,14,4070.0,10,nan,0,nan,0,nan,0,nan,0,nan,0,nan,0,nan,0,nan,0
CZCE.OI601,2016-01-14 14:59:58.500000,5492.0,5492.0,5492.0,5492.0,5492.0,5492.0,4,219680.0,4594,5492.0,5806.0,5358.0,5194,5582.0,5582.0,5718.0,9,5484.0,19,nan,0,nan,0,nan,0,nan,0,nan,0,nan,0,nan,0,nan,0
DCE.a1703,2017-03-03 14:59:59.451020,4000.0,4000.0,4000.0,4000.0,4000.0,4000.0,40,1600000.0,916,4000.0,4240.0,3760.0,956,4000.0,4000.0,nan,0,3900.0,10,nan,0,nan,0,nan,0,nan,0,nan,0,nan,0,nan,0,nan,0
DCE.l1604,2016-03-31 14:59:59.284020,10180.0,10190.0,10000.0,10190.0,10180.0,10153.333,12,609200.0,0,10150.0,10315.0,9335.0,12,9825.0,9830.0,nan,0,nan,0,nan,0,nan,0,nan,0,nan,0,nan,0,nan,0,nan,0,nan,0
SHFE.bu1603,2016-03-11 14:59:59.500020,1620.0,1620.0,1620.0,1620.0,1620.0,1620.0,4,64800.0,6,1620.0,1820.0,1614.0,6,1718.0,1718.0,nan,0,1616.0,3,nan,0,nan,0,nan,0,nan,0,nan,0,nan,0,nan,0,nan,0
DCE.i1612,2016-12-14 14:59:59.642000,600.0,600.0,600.0,600.0,600.0,600.0,4,240000.0,0,600.0,664.5,566.5,4,615.5,615.5,nan,0,nan,0,nan,0,nan,0,nan,0,nan,0,nan,0,nan,0,nan,0,nan,0
SHFE.ag1609,2016-09-19 14:59:59.500010,4220.0,4244.0,4220.0,4235.0,4220.0,4238.042,384,24411120.0,5032,4238.0,4498.0,3989.0,4688,4244.0,4244.0,4279.0,100,4160.0,34,nan,0,nan,0,nan,0,nan,0,nan,0,nan,0,nan,0,nan,0
SHFE.rb1608,2016-08-12 14:59:59.500000,2509.0,2509.0,2509.0,2509.0,2509.0,2509.0,180,4516200.0,300,2509.0,2565.0,2274.0,480,2420.0,2420.0,2565.0,30,2425.0,30,nan,0,nan,0,nan,0,nan,0,nan,0,nan,0,nan,0,nan,0
SHFE.hc1601,2016-01-11 14:59:59.500020,1999.0,1999.0,1999.0,1999.0,1999.0,1999.0,600,11994000.0,960,1999.0,2151.0,1946.0,960,2049.0,2049.0,nan,0,nan,0,nan,0,nan,0,nan,0,nan,0,nan,0,nan,0,nan,0,nan,0
DCE.fb1601,2016-01-12 14:59:59.326020,45.9,48.4,45.9,48.4,45.9,47.567,6,142700.0,36,47.55,51.7,45.9,38,48.8,48.8,47.95,1,nan,0,nan,0,nan,0,nan,0,nan,0,nan,0,nan,0,nan,0,nan,0
SHFE.rb1604,2016-04-15 14:59:59.000020,2450.0,2450.0,2450.0,2450.0,2450.0,2450.0,60,1470000.0,1440,2450.0,2559.0,2270.0,1500,2415.0,2400.0,2450.0,30,2400.0,30,nan,0,nan,0,nan,0,nan,0,nan,0,nan,0,nan,0,nan,0
SHFE.al1608,2016-08-15 14:59:59.500010,12615.0,12765.0,12565.0,12605.0,12615.0,12643.22,12050,761754000.0,2990,12640.0,13090.0,12085.0,12680,12590.0,12615.0,12715.0,20,12615.0,5,nan,0,nan,0,nan,0,nan,0,nan,0,nan,0,nan,0,nan,0
SHFE.au1602,2016-02-02 14:59:59.000020,239.0,243.0,239.0,242.0,239.0,241.333,18,4344000.0,168,241.3,248.65,225.0,174,236.85,236.85,239.0,3,228.45,3,nan,0,nan,0,nan,0,nan,0,nan,0,nan,0,nan,0,nan,0
DCE.cs1603,2016-03-10 14:59:59.733020,2055.0,2055.0,2055.0,2055.0,2055.0,2055.0,16,328800.0,36,2055.0,2173.0,1927.0,52,2050.0,2050.0,nan,0,2070.0,18,nan,0,nan,0,nan,0,nan,0,nan,0,nan,0,nan,0,nan,0
DCE.cs1611,2016-11-09 14:59:59.420000,1836.0,1836.0,1820.0,1820.0,1836.0,1832.87,92,1686240.0,12,1832.0,1939.0,1721.0,86,1830.0,1830.0,nan,0,1830.0,6,nan,0,nan,0,nan,0,nan,0,nan,0,nan,0,nan,0,nan,0
CZCE.ZC606,2016-05-25 14:59:37.000000,366.0,366.0,354.2,354.2,366.0,358.2,6,214920.0,0,358.2,391.4,353.8,0,372.6,372.6,nan,0,nan,0,nan,0,nan,0,nan,0,nan,0,nan,0,nan,0,nan,0,nan,0
SHFE.ni1611,2016-11-15 14:59:59.500010,92900.0,92980.0,90500.0,90500.0,92900.0,92513.333,72,6660960.0,756,92510.0,96190.0,85300.0,696,90750.0,90000.0,96190.0,36,89000.0,60,nan,0,nan,0,nan,0,nan,0,nan,0,nan,0,nan,0,nan,0
SHFE.al1612,2016-12-15 14:59:59.500000,12945.0,12960.0,12450.0,12450.0,12945.0,12808.827,5330,341355250.0,9840,12805.0,13965.0,12140.0,12380,13055.0,12970.0,12950.0,15,12905.0,5,nan,0,nan,0,nan,0,nan,0,nan,0,nan,0,nan,0,nan,0
CZCE.LR609,2016-08-05 14:58:48.000000,2640.0,2732.0,2522.0,2522.0,2640.0,2622.0,22,1153680.0,0,2622.0,2733.0,2521.0,0,2627.0,2627.0,nan,0,2521.0,1,nan,0,nan,0,nan,0,nan,0,nan,0,nan,0,nan,0,nan,0
SHFE.au1604,2016-04-15 14:59:59.500020,256.0,256.0,256.0,256.0,256.0,256.0,6,1536000.0,12,256.0,269.85,244.15,6,257.0,257.0,nan,0,244.15,3,nan,0,nan,0,nan,0,nan,0,nan,0,nan,0,nan,0,nan,0
SHFE.pb1611,2016-11-15 14:59:59.500010,18655.0,18655.0,18200.0,18200.0,18655.0,18427.5,80,7371000.0,2170,18425.0,18655.0,16540.0,2250,17600.0,17600.0,nan,0,16550.0,40,nan,0,nan,0,nan,0,nan,0,nan,0,nan,0,nan,0,nan,0
CZCE.ZC612,2016-11-22 14:59:55.000010,599.0,639.2,599.0,637.0,599.0,619.4,8,495520.0,0,619.4,645.0,571.8,0,608.4,608.4,645.0,1,572.0,1,nan,0,nan,0,nan,0,nan,0,nan,0,nan,0,nan,0,nan,0
CZCE.SR607,2016-07-12 21:27:02.000000,5800.0,5706.0,5706.0,5706.0,5800.0,5706.0,52,20313360.0,1010,5800.0,5933.0,5475.0,1366,5704.0,5703.0,nan,0,nan,0,nan,0,nan,0,nan,0,nan,0,nan,0,nan,0,nan,0,nan,0
CZCE.SR603,2016-03-14 11:30:00.000000,5300.0,5300.0,5275.0,5275.0,5300.0,5298.0,1076,45350880.0,0,5298.0,5476.0,5054.0,4064,5265.0,5272.0,5300.0,5,5055.0,1,nan,0,nan,0,nan,0,nan,0,nan,0,nan,0,nan,0,nan,0
DCE.v1604,2016-01-07 14:59:59.239040,4720.0,4720.0,4670.0,4670.0,4720.0,4695.0,4,93900.0,0,4695.0,5020.0,4640.0,4,4830.0,4830.0,nan,0,nan,0,nan,0,nan,0,nan,0,nan,0,nan,0,nan,0,nan,0,nan,0
DCE.jd1604,2016-04-14 14:59:59.357020,3180.0,3180.0,3140.0,3140.0,3180.0,3158.636,22,694900.0,14,3158.0,3190.0,2830.0,36,3010.0,3010.0,nan,0,2934.0,3,nan,0,nan,0,nan,0,nan,0,nan,0,nan,0,nan,0,nan,0
SHFE.fu1608,2016-07-25 14:59:59.000020,2270.0,2270.0,2270.0,2270.0,2270.0,2270.0,2,227000.0,0,2270.0,2509.0,2270.0,2,2390.0,2390.0,nan,0,nan,0,nan,0,nan,0,nan,0,nan,0,nan,0,nan,0,nan,0,nan,0
CZCE.PM601,2016-01-04 14:07:03.500000,2350.0,2350.0,2350.0,2350.0,2350.0,2350.0,14,1645000.0,26,2350.0,2413.0,2227.0,26,2320.0,2320.0,nan,0,nan,0,nan,0,nan,0,nan,0,nan,0,nan,0,nan,0,nan,0,nan,0
CZCE.SR703,2017-03-13 14:59:56.500000,6677.0,6690.0,6677.0,6684.0,6677.0,6684.0,14,935760.0,40,6684.0,6949.0,6413.0,32,6681.0,6681.0,6670.0,2,6664.0,2,nan,0,nan,0,nan,0,nan,0,nan,0,nan,0,nan,0,nan,0
SHFE.zn1611,2016-11-15 14:59:59.500010,21920.0,21925.0,20690.0,20690.0,21920.0,21725.021,2360,256355250.0,21000,21725.0,21925.0,19440.0,21880,20685.0,21060.0,21920.0,130,20800.0,15,nan,0,nan,0,nan,0,nan,0,nan,0,nan,0,nan,0,nan,0
SHFE.ni1608,2016-08-15 14:59:59.500000,79050.0,79050.0,79050.0,79050.0,79050.0,79050.0,12,948600.0,648,79050.0,85860.0,76140.0,636,81000.0,81000.0,80000.0,24,78510.0,6,nan,0,nan,0,nan,0,nan,0,nan,0,nan,0,nan,0,nan,0
SHFE.au1601,2016-01-12 14:59:59.000020,234.0,234.0,234.0,234.0,234.0,234.0,12,2808000.0,276,234.0,243.65,220.4,288,232.05,232.05,232.95,6,230.05,6,nan,0,nan,0,nan,0,nan,0,nan,0,nan,0,nan,0,nan,0
DCE.pp1612,2016-11-30 14:59:59.391000,8522.0,8522.0,8522.0,8522.0,8522.0,8522.0,2,85220.0,0,8522.0,8974.0,8120.0,2,8547.0,8547.0,nan,0,nan,0,nan,0,nan,0,nan,0,nan,0,nan,0,nan,0,nan,0,nan,0
DCE.pp1610,2016-10-14 14:59:59.471000,8024.0,8024.0,8024.0,8024.0,8024.0,8024.0,6,240720.0,0,8024.0,8505.0,7543.0,6,8024.0,8024.0,nan,0,nan,0,nan,0,nan,0,nan,0,nan,0,nan,0,nan,0,nan,0,nan,0
CZCE.TA603,2016-03-09 14:59:51.500000,4556.0,4582.0,4556.0,4582.0,4556.0,4562.0,50,1140500.0,66,4562.0,4892.0,4512.0,104,4702.0,4700.0,4632.0,21,4576.0,50,nan,0,nan,0,nan,0,nan,0,nan,0,nan,0,nan,0,nan,0
DCE.m1608,2016-07-29 14:59:59.901020,3261.0,3320.0,3165.0,3310.0,3261.0,3250.593,54,1755320.0,0,3250.0,3495.0,3101.0,30,3298.0,3258.0,3460.0,1,nan,0,nan,0,nan,0,nan,0,nan,0,nan,0,nan,0,nan,0,nan,0
DCE.p1606,2016-05-23 14:59:59.386020,5128.0,5128.0,5128.0,5128.0,5128.0,5128.0,2,102560.0,0,5128.0,5548.0,5124.0,2,5336.0,5336.0,5274.0,1,nan,0,nan,0,nan,0,nan,0,nan,0,nan,0,nan,0,nan,0,nan,0
DCE.m1603,2016-02-29 14:59:59.948030,2420.0,2423.0,2327.0,2327.0,2420.0,2386.818,22,525100.0,0,2386.0,2519.0,2327.0,12,2423.0,2400.0,nan,0,nan,0,nan,0,nan,0,nan,0,nan,0,nan,0,nan,0,nan,0,nan,0
SHFE.bu1604,2016-04-11 14:59:59.500020,1680.0,1680.0,1680.0,1680.0,1680.0,1680.0,48,806400.0,56,1680.0,1728.0,1534.0,56,1632.0,1638.0,1728.0,2,1638.0,2,nan,0,nan,0,nan,0,nan,0,nan,0,nan,0,nan,0,nan,0
CZCE.ZC607,2016-06-30 14:50:09.000000,412.6,412.6,402.6,402.6,412.6,407.6,4,163040.0,0,407.6,412.8,373.2,0,393.0,393.0,nan,0,nan,0,nan,0,nan,0,nan,0,nan,0,nan,0,nan,0,nan,0,nan,0
CZCE.ZC608,2016-07-29 14:51:02.000000,447.0,447.0,432.6,432.6,447.0,439.8,4,175920.0,0,439.8,469.8,425.0,2,447.4,447.4,469.4,1,430.0,1,nan,0,nan,0,nan,0,nan,0,nan,0,nan,0,nan,0,nan,0
CZCE.MA604,2016-02-22 14:59:54.500000,1882.0,1883.0,1882.0,1883.0,1882.0,1883.0,4,75320.0,0,1883.0,1908.0,1726.0,4,1817.0,1817.0,nan,0,1821.0,1,nan,0,nan,0,nan,0,nan,0,nan,0,nan,0,nan,0,nan,0
CZCE.RM608,2016-08-09 10:30:59.000000,2621.0,2621.0,2621.0,2621.0,2621.0,2621.0,10,262100.0,12,2621.0,2753.0,2489.0,12,2621.0,2621.0,nan,0,nan,0,nan,0,nan,0,nan,0,nan,0,nan,0,nan,0,nan,0,nan,0
DCE.p1604,2016-03-25 14:59:59.745030,5338.0,5338.0,5050.0,5050.0,5338.0,5194.0,16,831040.0,0,5194.0,5338.0,4930.0,2,5134.0,5134.0,nan,0,nan,0,nan,0,nan,0,nan,0,nan,0,nan,0,nan,0,nan,0,nan,0
DCE.pp1602,2016-01-29 14:59:59.165020,5880.0,5880.0,5880.0,5880.0,5880.0,5880.0,6,176400.0,56,5880.0,6414.0,5804.0,56,6109.0,6109.0,6386.0,2,5880.0,8,nan,0,nan,0,nan,0,nan,0,nan,0,nan,0,nan,0,nan,0
DCE.bb1601,2016-01-05 14:59:59.993020,72.15,72.15,72.15,72.15,72.15,72.15,4,144300.0,36,72.15,84.65,72.15,36,78.4,78.4,nan,0,nan,0,nan,0,nan,0,nan,0,nan,0,nan,0,nan,0,nan,0,nan,0
SHFE.sn1606,2016-06-03 14:59:59.000020,107700.0,107700.0,107700.0,107700.0,107700.0,107700.0,4,430800.0,4,107700.0,111860.0,101210.0,8,106540.0,106540.0,109500.0,2,104550.0,4,nan,0,nan,0,nan,0,nan,0,nan,0,nan,0,nan,0,nan,0
DCE.j1603,2016-03-02 14:59:59.465020,773.5,773.5,773.5,773.5,773.5,773.5,20,1547000.0,20,773.5,773.5,659.5,20,716.5,716.5,773.5,10,nan,0,nan,0,nan,0,nan,0,nan,0,nan,0,nan,0,nan,0,nan,0
SHFE.pb1609,2016-09-19 14:59:59.500010,14290.0,14300.0,14155.0,14155.0,14290.0,14254.167,60,4276250.0,3480,14250.0,14745.0,13340.0,3470,14045.0,14065.0,nan,0,13400.0,10,nan,0,nan,0,nan,0,nan,0,nan,0,nan,0,nan,0,nan,0
SHFE.pb1608,2016-08-15 14:59:59.500010,13450.0,13775.0,13450.0,13765.0,13450.0,13663.472,360,24594250.0,5880,13660.0,14325.0,13220.0,5860,13775.0,13775.0,13665.0,20,13450.0,20,nan,0,nan,0,nan,0,nan,0,nan,0,nan,0,nan,0,nan,0
DCE.l1606,2016-06-16 14:59:59.731030,8825.0,8825.0,8825.0,8825.0,8825.0,8640.0,4,172800.0,0,8455.0,8835.0,7835.0,14,8335.0,8335.0,8835.0,5,8510.0,1,nan,0,nan,0,nan,0,nan,0,nan,0,nan,0,nan,0,nan,0
CZCE.SR611,2016-11-14 11:30:00.000000,6373.0,6376.0,6325.0,6333.0,6373.0,6372.0,652,41545440.0,0,6372.0,6610.0,6100.0,1956,6355.0,6360.0,6449.0,100,6340.0,1,nan,0,nan,0,nan,0,nan,0,nan,0,nan,0,nan,0,nan,0
DCE.fb1605,2016-04-29 14:59:59.596020,64.45,64.45,64.45,64.45,64.45,64.45,2,64450.0,0,64.45,64.45,58.35,2,61.4,61.4,nan,0,64.45,1,nan,0,nan,0,nan,0,nan,0,nan,0,nan,0,nan,0,nan,0
CZCE.TA604,2016-04-13 14:59:59.500000,4636.0,4660.0,4636.0,4660.0,4636.0,4648.0,12,278880.0,62,4648.0,4782.0,4414.0,62,4598.0,4598.0,4710.0,18,4626.0,8,nan,0,nan,0,nan,0,nan,0,nan,0,nan,0,nan,0,nan,0
CZCE.WH611,2016-09-09 10:33:29.000000,2605.0,2605.0,2605.0,2605.0,2605.0,2605.0,2,104200.0,0,2605.0,2716.0,2506.0,2,2611.0,2611.0,nan,0,nan,0,nan,0,nan,0,nan,0,nan,0,nan,0,nan,0,nan,0,nan,0
CZCE.TA610,2016-10-20 14:59:59.000010,4798.0,4806.0,4798.0,4806.0,4798.0,4802.0,6,144060.0,248,4802.0,4900.0,4432.0,248,4666.0,4666.0,4818.0,50,4784.0,7,nan,0,nan,0,nan,0,nan,0,nan,0,nan,0,nan,0,nan,0
CZCE.FG610,2016-10-12 13:31:22.000000,1255.0,1255.0,1255.0,1255.0,1255.0,1255.0,2,50200.0,0,1255.0,1255.0,1157.0,2,1206.0,1206.0,nan,0,nan,0,nan,0,nan,0,nan,0,nan,0,nan,0,nan,0,nan,0,nan,0
DCE.l1608,2016-07-26 14:59:59.293020,9045.0,9045.0,9000.0,9045.0,9045.0,9030.0,6,270900.0,0,9030.0,9600.0,8690.0,6,9145.0,9145.0,9265.0,1,nan,0,nan,0,nan,0,nan,0,nan,0,nan,0,nan,0,nan,0,nan,0
DCE.p1611,2016-10-31 14:59:59.167010,6314.0,6314.0,6314.0,6314.0,6314.0,6314.0,2,126280.0,0,6314.0,6316.0,5716.0,2,6016.0,6016.0,nan,0,nan,0,nan,0,nan,0,nan,0,nan,0,nan,0,nan,0,nan,0,nan,0
DCE.jd1612,2016-12-01 14:59:59.939000,3248.0,3320.0,3248.0,3320.0,3248.0,3265.75,16,522520.0,0,3265.0,3812.0,3248.0,16,3530.0,3371.0,3750.0,1,nan,0,nan,0,nan,0,nan,0,nan,0,nan,0,nan,0,nan,0,nan,0
DCE.b1605,2016-04-29 14:59:59.320020,3315.0,3315.0,3315.0,3315.0,3315.0,3315.0,2,66300.0,0,3315.0,3315.0,3061.0,2,3188.0,3188.0,nan,0,3155.0,2,nan,0,nan,0,nan,0,nan,0,nan,0,nan,0,nan,0,nan,0
SHFE.pb1606,2016-06-15 14:59:59.000020,12740.0,12740.0,12710.0,12710.0,12740.0,12725.0,110,6998750.0,4130,12725.0,13165.0,12150.0,4140,12660.0,12670.0,12740.0,5,12370.0,10,nan,0,nan,0,nan,0,nan,0,nan,0,nan,0,nan,0,nan,0
SHFE.bu1712,2017-12-15 14:59:59.000002,2372.0,2372.0,2336.0,2336.0,2372.0,2360.571,14,330480.0,19834,2360.0,2538.0,2252.0,19836,2396.0,2350.0,2390.0,10,2344.0,1,nan,0,nan,0,nan,0,nan,0,nan,0,nan,0,nan,0,nan,0
SHFE.au1608,2016-08-11 14:59:59.500010,290.0,305.0,290.0,305.0,290.0,297.5,12,3570000.0,6,297.5,309.95,280.4,6,295.2,295.2,nan,0,nan,0,nan,0,nan,0,nan,0,nan,0,nan,0,nan,0,nan,0,nan,0
CZCE.MA608,2016-07-19 13:30:00.500000,1840.0,2011.0,1840.0,2011.0,1840.0,1926.0,4,77040.0,0,1926.0,2021.0,1827.0,0,1924.0,1924.0,2019.0,1,1829.0,1,nan,0,nan,0,nan,0,nan,0,nan,0,nan,0,nan,0,nan,0
DCE.a1611,2016-11-14 14:59:59.698010,3760.0,3760.0,3760.0,3760.0,3760.0,3760.0,2,75200.0,0,3760.0,4091.0,3629.0,0,3860.0,3860.0,nan,0,nan,0,nan,0,nan,0,nan,0,nan,0,nan,0,nan,0,nan,0,nan,0
SHFE.hc1609,2016-09-08 14:59:59.500010,2700.0,2700.0,2700.0,2700.0,2700.0,2700.0,60,1620000.0,60,2700.0,2942.0,2609.0,60,2776.0,2776.0,nan,0,nan,0,nan,0,nan,0,nan,0,nan,0,nan,0,nan,0,nan,0,nan,0
DCE.b1611,2016-11-01 14:59:59.198000,4300.0,4300.0,4300.0,4300.0,4300.0,4300.0,2,86000.0,0,4300.0,4313.0,3825.0,2,4069.0,4170.0,nan,0,nan,0,nan,0,nan,0,nan,0,nan,0,nan,0,nan,0,nan,0,nan,0
CZCE.ZC610,2016-10-12 14:41:51.000000,575.0,575.0,569.0,569.0,575.0,572.0,8,457600.0,0,572.0,589.8,533.4,8,561.6,561.6,nan,0,555.0,1,nan,0,nan,0,nan,0,nan,0,nan,0,nan,0,nan,0,nan,0
SHFE.pb1607,2016-07-15 14:59:59.000020,13230.0,13230.0,13150.0,13150.0,13230.0,13193.605,430,28366250.0,6470,13190.0,13600.0,12555.0,6270,13080.0,13100.0,13250.0,30,13110.0,10,nan,0,nan,0,nan,0,nan,0,nan,0,nan,0,nan,0,nan,0
DCE.cs1607,2016-06-30 14:59:59.163020,2356.0,2356.0,2356.0,2356.0,2356.0,2356.0,2,47120.0,0,2356.0,2357.0,2133.0,2,2245.0,2245.0,nan,0,nan,0,nan,0,nan,0,nan,0,nan,0,nan,0,nan,0,nan,0,nan,0
CZCE.RI601,2016-01-06 09:14:44.500000,2909.0,2909.0,2909.0,2909.0,2909.0,2909.0,2,116360.0,0,2909.0,2909.0,2685.0,2,2797.0,2797.0,nan,0,nan,0,nan,0,nan,0,nan,0,nan,0,nan,0,nan,0,nan,0,nan,0
CZCE.PM609,2016-05-12 14:58:42.500000,2399.0,2517.0,2324.0,2517.0,2399.0,2399.0,8,959600.0,0,2399.0,2517.0,2323.0,0,2420.0,2420.0,2499.0,1,2325.0,1,nan,0,nan,0,nan,0,nan,0,nan,0,nan,0,nan,0,nan,0
SHFE.ni1607,2016-07-14 14:59:59.500020,79300.0,79300.0,79300.0,79300.0,79300.0,79300.0,408,32354400.0,3252,79300.0,86270.0,76500.0,3252,81390.0,81390.0,nan,0,nan,0,nan,0,nan,0,nan,0,nan,0,nan,0,nan,0,nan,0,nan,0
DCE.y1603,2016-02-25 14:59:59.936030,5580.0,5580.0,5580.0,5580.0,5580.0,5580.0,2,111600.0,0,5580.0,5800.0,5356.0,2,5578.0,5580.0,nan,0,nan,0,nan,0,nan,0,nan,0,nan,0,nan,0,nan,0,nan,0,nan,0
DCE.j1611,2016-11-14 14:59:59.700010,2180.0,2210.5,2180.0,2210.5,2180.0,2183.025,40,8732100.0,0,2183.0,2354.0,1966.0,4,2160.0,2160.0,nan,0,2100.0,1,nan,0,nan,0,nan,0,nan,0,nan,0,nan,0,nan,0,nan,0
DCE.i1608,2016-08-04 14:59:59.754000,480.0,480.0,452.0,452.0,480.0,466.0,8,372800.0,0,466.0,508.5,451.5,0,480.0,480.0,nan,0,nan,0,nan,0,nan,0,nan,0,nan,0,nan,0,nan,0,nan,0,nan,0
DCE.jm1603,2016-02-17 14:59:59.968020,564.5,564.5,564.5,564.5,564.5,564.5,4,135480.0,0,564.5,611.5,564.5,4,588.0,588.0,598.0,1,nan,0,nan,0,nan,0,nan,0,nan,0,nan,0,nan,0,nan,0,nan,0
DCE.p1602,2016-01-29 14:59:59.993030,4300.0,4300.0,4300.0,4300.0,4300.0,4300.0,6,258000.0,0,4300.0,4472.0,4128.0,6,4300.0,4300.0,nan,0,nan,0,nan,0,nan,0,nan,0,nan,0,nan,0,nan,0,nan,0,nan,0
SHFE.pb1610,2016-10-17 14:59:59.500010,15560.0,15560.0,15550.0,15550.0,15560.0,15555.0,40,3111000.0,5070,15555.0,16260.0,15005.0,5090,15635.0,15500.0,15900.0,35,15580.0,20,nan,0,nan,0,nan,0,nan,0,nan,0,nan,0,nan,0,nan,0
SHFE.ag1608,2016-08-15 14:59:59.500010,4310.0,4310.0,4310.0,4310.0,4310.0,4310.0,4,258600.0,2840,4310.0,4612.0,4089.0,2836,4351.0,4350.0,4498.0,50,4275.0,300,nan,0,nan,0,nan,0,nan,0,nan,0,nan,0,nan,0,nan,0
SHFE.bu1703,2017-03-15 14:59:59.500020,2570.0,2570.0,2500.0,2500.0,2570.0,2546.667,12,305600.0,1136,2546.0,2674.0,2324.0,1144,2500.0,2500.0,2528.0,54,2480.0,100,nan,0,nan,0,nan,0,nan,0,nan,0,nan,0,nan,0,nan,0
DCE.p1603,2016-01-25 14:59:59.939020,4456.0,4456.0,4456.0,4456.0,4456.0,4456.0,2,89120.0,0,4456.0,4686.0,4326.0,2,4506.0,4648.0,nan,0,nan,0,nan,0,nan,0,nan,0,nan,0,nan,0,nan,0,nan,0,nan,0
CZCE.FG604,2016-03-31 14:52:06.500000,900.0,914.0,878.0,878.0,900.0,901.0,8,144160.0,14,901.0,945.0,871.0,14,908.0,908.0,nan,0,877.0,1,nan,0,nan,0,nan,0,nan,0,nan,0,nan,0,nan,0,nan,0
SHFE.ag1607,2016-07-15 14:59:59.000020,4355.0,4386.0,4355.0,4370.0,4355.0,4370.182,44,2884320.0,4172,4370.0,4598.0,4077.0,4172,4338.0,4338.0,4418.0,60,4300.0,20,nan,0,nan,0,nan,0,nan,0,nan,0,nan,0,nan,0,nan,0
SHFE.au1603,2016-02-29 14:59:59.000020,257.95,257.95,251.3,253.6,257.95,255.088,8,2040700.0,0,255.05,273.6,247.55,2,260.6,260.6,nan,0,251.0,1,nan,0,nan,0,nan,0,nan,0,nan,0,nan,0,nan,0,nan,0
DCE.pp1603,2016-02-18 14:59:59.921020,6444.0,6444.0,6444.0,6444.0,6444.0,6444.0,2,64440.0,0,6444.0,7122.0,6444.0,2,6783.0,6783.0,6975.0,1,nan,0,nan,0,nan,0,nan,0,nan,0,nan,0,nan,0,nan,0,nan,0
DCE.pp1604,2016-04-01 14:59:59.127020,7580.0,7580.0,7098.0,7098.0,7580.0,7339.0,16,587120.0,0,7339.0,8165.0,7097.0,8,7631.0,7436.0,nan,0,7099.0,5,nan,0,nan,0,nan,0,nan,0,nan,0,nan,0,nan,0,nan,0
SHFE.ag1611,2016-11-15 14:59:59.500010,4010.0,4010.0,4000.0,4000.0,4010.0,4006.667,12,721200.0,9480,4006.0,4256.0,3775.0,9472,4016.0,3975.0,4010.0,26,3860.0,30,nan,0,nan,0,nan,0,nan,0,nan,0,nan,0,nan,0,nan,0
CZCE.TC603,2016-02-24 14:07:30.500000,315.0,332.8,315.0,332.8,315.0,324.0,4,129600.0,0,324.0,332.8,307.2,2,320.0,320.0,nan,0,nan,0,nan,0,nan,0,nan,0,nan,0,nan,0,nan,0,nan,0,nan,0
CZCE.FG607,2016-07-14 11:30:00.000000,1125.0,1125.0,1123.0,1123.0,1125.0,1124.0,6,134880.0,0,1124.0,1125.0,1037.0,8,1081.0,1081.0,1125.0,10,1053.0,2,nan,0,nan,0,nan,0,nan,0,nan,0,nan,0,nan,0,nan,0
SHFE.hc1608,2016-07-21 14:59:59.500020,2589.0,2589.0,2589.0,2589.0,2589.0,2589.0,2,51780.0,0,2589.0,2737.0,2428.0,2,2583.0,2583.0,nan,0,2476.0,6,nan,0,nan,0,nan,0,nan,0,nan,0,nan,0,nan,0,nan,0
DCE.p1608,2016-07-29 14:59:59.725020,5190.0,5190.0,5190.0,5190.0,5190.0,5190.0,2,103800.0,0,5190.0,5526.0,5102.0,2,5314.0,5314.0,5522.0,1,5106.0,1,nan,0,nan,0,nan,0,nan,0,nan,0,nan,0,nan,0,nan,0
DCE.j1606,2016-06-16 14:59:59.984030,862.0,862.0,862.0,862.0,862.0,865.333,42,3634400.0,0,865.5,947.0,824.0,42,885.5,885.5,nan,0,nan,0,nan,0,nan,0,nan,0,nan,0,nan,0,nan,0,nan,0,nan,0
CZCE.FG603,2016-02-29 14:40:34.500000,985.0,985.0,985.0,985.0,985.0,985.0,2,39400.0,0,985.0,986.0,910.0,2,948.0,932.0,986.0,5,nan,0,nan,0,nan,0,nan,0,nan,0,nan,0,nan,0,nan,0,nan,0
CZCE.WH607,2016-06-30 14:51:51.500000,2556.0,2556.0,2556.0,2556.0,2556.0,2556.0,2,102240.0,22,2556.0,2770.0,2556.0,22,2663.0,2663.0,nan,0,2556.0,5,nan,0,nan,0,nan,0,nan,0,nan,0,nan,0,nan,0,nan,0
DCE.y1608,2016-08-03 14:59:59.274010,6300.0,6300.0,6300.0,6300.0,6300.0,6300.0,2,126000.0,2,6300.0,6452.0,5724.0,2,6088.0,6088.0,6300.0,1,nan,0,nan,0,nan,0,nan,0,nan,0,nan,0,nan,0,nan,0,nan,0
DCE.l1607,2016-07-14 14:59:59.388030,9560.0,9560.0,9560.0,9560.0,9560.0,9560.0,4,191200.0,0,9560.0,10130.0,8990.0,6,9560.0,9560.0,10100.0,3,nan,0,nan,0,nan,0,nan,0,nan,0,nan,0,nan,0,nan,0,nan,0
CZCE.MA603,2016-02-17 11:29:50.500000,1744.0,1744.0,1743.0,1743.0,1744.0,1744.0,4,69760.0,0,1744.0,1892.0,1710.0,2,1801.0,1785.0,nan,0,nan,0,nan,0,nan,0,nan,0,nan,0,nan,0,nan,0,nan,0,nan,0
SHFE.fu1605,2016-04-25 14:59:59.500040,2306.0,2458.0,2223.0,2223.0,2306.0,2355.897,58,6832100.0,0,2355.0,2458.0,2223.0,0,2341.0,2328.0,2457.0,1,2240.0,2,nan,0,nan,0,nan,0,nan,0,nan,0,nan,0,nan,0,nan,0
CZCE.SM609,2016-09-06 10:38:01.000000,5900.0,5900.0,5900.0,5900.0,5900.0,5900.0,8,236000.0,840,5900.0,6464.0,5732.0,840,6098.0,6098.0,nan,0,nan,0,nan,0,nan,0,nan,0,nan,0,nan,0,nan,0,nan,0,nan,0
CZCE.ZC701,2017-01-06 21:04:13.000010,600.0,600.0,600.0,600.0,600.0,600.0,400,24000000.0,0,600.0,636.0,564.0,2400,600.0,600.0,nan,0,nan,0,nan,0,nan,0,nan,0,nan,0,nan,0,nan,0,nan,0,nan,0
CZCE.FG602,2016-02-19 10:14:11.000000,880.0,880.0,880.0,880.0,880.0,880.0,2,35200.0,0,880.0,945.0,821.0,24,883.0,883.0,nan,0,nan,0,nan,0,nan,0,nan,0,nan,0,nan,0,nan,0,nan,0,nan,0
SHFE.hc1603,2016-02-29 14:59:59.500020,1976.0,1976.0,1882.0,1882.0,1976.0,1929.0,4,77160.0,0,1929.0,1976.0,1787.0,0,1882.0,1882.0,nan,0,nan,0,nan,0,nan,0,nan,0,nan,0,nan,0,nan,0,nan,0,nan,0
DCE.m1612,2016-12-07 14:59:59.102010,3703.0,3703.0,3703.0,3703.0,3703.0,3703.0,2,74060.0,2,3703.0,3918.0,3476.0,2,3697.0,3697.0,nan,0,nan,0,nan,0,nan,0,nan,0,nan,0,nan,0,nan,0,nan,0,nan,0
CZCE.FG608,2016-08-10 09:04:34.000000,1239.0,1239.0,1239.0,1239.0,1239.0,1239.0,2,49560.0,14,1239.0,1290.0,1190.0,16,1240.0,1240.0,nan,0,nan,0,nan,0,nan,0,nan,0,nan,0,nan,0,nan,0,nan,0,nan,0
DCE.a1607,2016-07-01 14:59:59.882020,3900.0,3900.0,3900.0,3900.0,3900.0,3900.0,2,78000.0,50,3900.0,4224.0,3746.0,50,3985.0,4000.0,4000.0,1,nan,0,nan,0,nan,0,nan,0,nan,0,nan,0,nan,0,nan,0,nan,0
DCE.i1607,2016-06-30 14:59:59.920030,432.0,452.5,432.0,438.0,432.0,444.0,12,532800.0,0,444.0,454.0,403.0,8,428.5,426.0,nan,0,nan,0,nan,0,nan,0,nan,0,nan,0,nan,0,nan,0,nan,0,nan,0
CZCE.OI607,2016-07-14 14:59:58.000000,6198.0,6198.0,6198.0,6198.0,6198.0,6198.0,26,1611480.0,0,6198.0,6368.0,5876.0,40,6122.0,6122.0,nan,0,6202.0,1,nan,0,nan,0,nan,0,nan,0,nan,0,nan,0,nan,0,nan,0
DCE.p1610,2016-09-30 14:59:59.634010,5832.0,6478.0,5756.0,6478.0,5832.0,6091.143,28,1705520.0,0,6090.0,6480.0,5520.0,2,6000.0,6000.0,nan,0,nan,0,nan,0,nan,0,nan,0,nan,0,nan,0,nan,0,nan,0,nan,0
DCE.jm1606,2016-05-30 14:59:59.386020,624.5,624.5,624.5,624.5,624.5,624.5,2,74940.0,0,624.5,716.5,623.5,2,670.0,670.0,715.5,1,624.0,1,nan,0,nan,0,nan,0,nan,0,nan,0,nan,0,nan,0,nan,0
DCE.fb1602,2016-01-27 14:59:59.136020,46.75,46.75,46.75,46.75,46.75,46.75,4,93500.0,4,46.75,49.05,44.45,4,46.75,46.75,nan,0,nan,0,nan,0,nan,0,nan,0,nan,0,nan,0,nan,0,nan,0,nan,0
DCE.pp1608,2016-07-28 14:59:59.455020,8350.0,8352.0,8350.0,8352.0,8350.0,8351.0,4,167020.0,0,8351.0,8709.0,7881.0,4,8295.0,8519.0,8707.0,1,8098.0,1,nan,0,nan,0,nan,0,nan,0,nan,0,nan,0,nan,0,nan,0
CZCE.MA602,2016-01-29 10:14:00.500000,1579.0,1579.0,1504.0,1504.0,1579.0,1542.0,4,61680.0,0,1542.0,1658.0,1500.0,2,1579.0,1640.0,nan,0,nan,0,nan,0,nan,0,nan,0,nan,0,nan,0,nan,0,nan,0,nan,0
DCE.jm1602,2016-01-12 14:59:59.725030,613.0,613.0,613.0,613.0,613.0,613.0,4,147120.0,0,613.0,615.0,568.0,4,591.5,591.5,nan,0,nan,0,nan,0,nan,0,nan,0,nan,0,nan,0,nan,0,nan,0,nan,0
SHFE.hc1612,2016-11-30 14:59:59.500000,3400.0,3755.0,3268.0,3341.0,3400.0,3475.714,42,1459800.0,0,3475.0,3755.0,3264.0,20,3510.0,3510.0,nan,0,3264.0,2,nan,0,nan,0,nan,0,nan,0,nan,0,nan,0,nan,0,nan,0
SHFE.sn1604,2016-03-21 14:59:59.500010,110400.0,110400.0,110400.0,110400.0,110400.0,110400.0,4,441600.0,8,110400.0,115680.0,106790.0,12,111240.0,111240.0,112000.0,1,nan,0,nan,0,nan,0,nan,0,nan,0,nan,0,nan,0,nan,0,nan,0
SHFE.sn1603,2016-03-08 14:59:59.000010,110200.0,110200.0,105970.0,105970.0,110200.0,108085.0,120,12970200.0,0,108080.0,110200.0,101730.0,0,105970.0,105970.0,nan,0,nan,0,nan,0,nan,0,nan,0,nan,0,nan,0,nan,0,nan,0,nan,0
CZCE.TA608,2016-08-12 14:59:55.000000,4652.0,4652.0,4652.0,4652.0,4652.0,4652.0,6,93040.0,0,4652.0,4840.0,4376.0,50,4608.0,4608.0,nan,0,4612.0,20,nan,0,nan,0,nan,0,nan,0,nan,0,nan,0,nan,0,nan,0
SHFE.fu1609,2016-06-30 14:59:59.500020,2298.0,2298.0,2298.0,2298.0,2298.0,2298.0,2,229800.0,0,2298.0,2445.0,2212.0,2,2329.0,2329.0,nan,0,2400.0,1,nan,0,nan,0,nan,0,nan,0,nan,0,nan,0,nan,0,nan,0
SHFE.sn1610,2016-10-12 14:59:59.500010,129000.0,129000.0,129000.0,129000.0,129000.0,129000.0,8,1032000.0,0,129000.0,134400.0,121600.0,8,128000.0,128000.0,nan,0,nan,0,nan,0,nan,0,nan,0,nan,0,nan,0,nan,0,nan,0,nan,0
SHFE.ni1610,2016-10-14 14:59:59.500000,80200.0,81600.0,80200.0,81600.0,80200.0,81366.667,72,5858400.0,336,81360.0,85560.0,75870.0,372,80720.0,80600.0,81200.0,36,80200.0,54,nan,0,nan,0,nan,0,nan,0,nan,0,nan,0,nan,0,nan,0
DCE.p1607,2016-06-30 14:59:59.218030,5200.0,5250.0,5200.0,5250.0,5200.0,5225.0,8,418000.0,0,5224.0,5478.0,5058.0,8,5268.0,5268.0,nan,0,nan,0,nan,0,nan,0,nan,0,nan,0,nan,0,nan,0,nan,0,nan,0
CZCE.TA602,2016-02-18 14:59:51.500000,4352.0,4352.0,4352.0,4352.0,4352.0,4352.0,2,43520.0,254,4352.0,4484.0,4136.0,254,4310.0,4310.0,4370.0,30,4292.0,50,nan,0,nan,0,nan,0,nan,0,nan,0,nan,0,nan,0,nan,0
DCE.v1611,2016-08-02 14:59:59.667010,5365.0,5365.0,5365.0,5365.0,5365.0,5365.0,6,160950.0,0,5365.0,5690.0,5150.0,6,5420.0,5420.0,nan,0,nan,0,nan,0,nan,0,nan,0,nan,0,nan,0,nan,0,nan,0,nan,0
CZCE.RS611,2016-06-08 14:59:56.500000,4203.0,4203.0,4203.0,4203.0,4203.0,4203.0,2,84060.0,0,4203.0,4454.0,4028.0,2,4241.0,4241.0,4429.0,1,4199.0,1,nan,0,nan,0,nan,0,nan,0,nan,0,nan,0,nan,0,nan,0
DCE.l1610,2016-09-26 14:59:59.889000,8870.0,8870.0,8870.0,8870.0,8870.0,8870.0,2,88700.0,0,8870.0,8875.0,8035.0,2,8455.0,8455.0,nan,0,8380.0,2,nan,0,nan,0,nan,0,nan,0,nan,0,nan,0,nan,0,nan,0
CZCE.RS609,2016-08-29 13:47:20.000000,4265.0,4275.0,4265.0,4275.0,4265.0,4272.0,6,256320.0,0,4272.0,4471.0,4127.0,2,4299.0,4299.0,nan,0,nan,0,nan,0,nan,0,nan,0,nan,0,nan,0,nan,0,nan,0,nan,0
CZCE.SF609,2016-09-08 09:28:54.000000,4700.0,4700.0,4700.0,4700.0,4700.0,4700.0,196,4606000.0,728,4700.0,4836.0,4464.0,924,4650.0,4650.0,4700.0,175,nan,0,nan,0,nan,0,nan,0,nan,0,nan,0,nan,0,nan,0,nan,0
CZCE.FG701,2017-01-16 11:30:00.000000,1256.0,1256.0,1256.0,1256.0,1256.0,1256.0,6,150720.0,0,1256.0,1349.0,1219.0,1042,1284.0,1284.0,nan,0,1239.0,11,nan,0,nan,0,nan,0,nan,0,nan,0,nan,0,nan,0,nan,0
SHFE.rb1701,2017-01-16 14:59:59.500020,3300.0,3300.0,3300.0,3300.0,3300.0,3300.0,60,1980000.0,4620,3300.0,3386.0,2943.0,4620,3165.0,3165.0,3385.0,30,nan,0,nan,0,nan,0,nan,0,nan,0,nan,0,nan,0,nan,0,nan,0
SHFE.ru1701,2017-01-16 14:59:59.500020,21175.0,21175.0,19690.0,19720.0,21175.0,20628.651,734,151414300.0,12648,20625.0,21180.0,18405.0,13030,19795.0,19710.0,21175.0,1,20950.0,1,nan,0,nan,0,nan,0,nan,0,nan,0,nan,0,nan,0,nan,0
DCE.i1701,2017-01-16 14:59:59.186030,690.0,750.0,680.0,749.0,690.0,702.646,82,5761700.0,0,668.0,756.0,644.0,4260,700.0,700.0,nan,0,nan,0,nan,0,nan,0,nan,0,nan,0,nan,0,nan,0,nan,0,nan,0
DCE.m1701,2017-01-16 14:59:59.994030,3000.0,3038.0,2979.0,2979.0,3000.0,2993.432,472,14129000.0,0,3017.0,3181.0,2821.0,6088,3001.0,2998.0,3030.0,30,2991.0,50,nan,0,nan,0,nan,0,nan,0,nan,0,nan,0,nan,0,nan,0
DCE.p1701,2017-01-13 14:59:59.412020,6392.0,6392.0,6392.0,6392.0,6392.0,6392.0,2,127840.0,6186,6392.0,6736.0,5976.0,6188,6356.0,6356.0,nan,0,6368.0,4,nan,0,nan,0,nan,0,nan,0,nan,0,nan,0,nan,0,nan,0
DCE.y1701,2017-01-12 14:59:59.095030,6860.0,6870.0,6860.0,6870.0,6860.0,6864.3,40,2745720.0,60,6864.0,7272.0,6452.0,450,6862.0,6860.0,6858.0,20,6740.0,22,nan,0,nan,0,nan,0,nan,0,nan,0,nan,0,nan,0,nan,0
CZCE.RM701,2017-01-16 14:59:59.500000,2300.0,2456.0,2267.0,2267.0,2300.0,2432.0,72,1751040.0,0,2432.0,2507.0,2267.0,10098,2387.0,2400.0,2447.0,443,2310.0,10,nan,0,nan,0,nan,0,nan,0,nan,0,nan,0,nan,0,nan,0
CZCE.CF701,2017-01-16 14:11:46.500000,14985.0,15100.0,14900.0,14900.0,14985.0,14990.0,3042,46918700.0,0,14990.0,15775.0,14265.0,16092,15020.0,14860.0,15250.0,8,14810.0,4,nan,0,nan,0,nan,0,nan,0,nan,0,nan,0,nan,0,nan,0
DCE.j1701,2017-01-16 14:59:59.340030,2050.0,2080.0,2012.5,2012.5,2050.0,2061.891,64,13196100.0,0,2077.0,2193.5,1831.5,3178,2012.5,2006.0,2090.0,20,nan,0,nan,0,nan,0,nan,0,nan,0,nan,0,nan,0,nan,0,nan,0
SHFE.al1701,2017-01-16 14:59:59.000020,13215.0,13490.0,13190.0,13445.0,13215.0,13310.393,9030,600964250.0,8530,13310.0,14255.0,12390.0,14570,13325.0,13260.0,13255.0,35,13205.0,20,nan,0,nan,0,nan,0,nan,0,nan,0,nan,0,nan,0,nan,0
DCE.jm1701,2017-01-16 14:59:59.044030,1600.0,1620.0,1599.0,1600.0,1600.0,1567.277,412,38743080.0,0,1566.0,1741.5,1454.5,3608,1598.0,1600.0,nan,0,nan,0,nan,0,nan,0,nan,0,nan,0,nan,0,nan,0,nan,0,nan,0
CZCE.OI701,2017-01-16 14:59:59.500000,6974.0,6990.0,6902.0,6902.0,6974.0,6956.0,1896,131885760.0,0,6956.0,7274.0,6578.0,11038,6926.0,6950.0,7002.0,3,6984.0,13,nan,0,nan,0,nan,0,nan,0,nan,0,nan,0,nan,0,nan,0
CZCE.MA701,2017-01-16 13:46:35.500000,2890.0,2890.0,2800.0,2800.0,2890.0,2878.0,1470,41155400.0,0,2878.0,2956.0,2674.0,4270,2815.0,2811.0,2890.0,525,nan,0,nan,0,nan,0,nan,0,nan,0,nan,0,nan,0,nan,0,nan,0
SHFE.cu1701,2017-01-16 14:59:59.500020,47580.0,48000.0,47180.0,47180.0,47580.0,47596.697,4330,1030468500.0,10600,47590.0,50540.0,43930.0,11030,47240.0,47100.0,47580.0,5,47420.0,10,nan,0,nan,0,nan,0,nan,0,nan,0,nan,0,nan,0,nan,0
SHFE.zn1701,2017-01-16 14:59:59.000020,22770.0,23785.0,22600.0,22760.0,22770.0,22809.31,580,66147000.0,8110,22805.0,24055.0,20910.0,8180,22485.0,22200.0,22850.0,10,21790.0,10,nan,0,nan,0,nan,0,nan,0,nan,0,nan,0,nan,0,nan,0
CZCE.TA701,2017-01-16 14:59:46.500000,5290.0,5368.0,5278.0,5314.0,5290.0,5310.0,50460,350672400.0,0,5310.0,5582.0,5050.0,111160,5316.0,5314.0,5316.0,100,5288.0,88,nan,0,nan,0,nan,0,nan,0,nan,0,nan,0,nan,0,nan,0
SHFE.hc1701,2017-01-16 14:59:59.000020,3790.0,3790.0,3701.0,3701.0,3790.0,3745.5,120,4494600.0,7260,3745.0,3972.0,3453.0,7320,3713.0,3701.0,3850.0,30,3750.0,30,nan,0,nan,0,nan,0,nan,0,nan,0,nan,0,nan,0,nan,0
DCE.c1701,2017-01-12 14:59:59.307020,1510.0,1510.0,1510.0,1510.0,1510.0,1510.0,100,1510000.0,7800,1510.0,1591.0,1411.0,7800,1501.0,1567.0,1567.0,300,1421.0,4,nan,0,nan,0,nan,0,nan,0,nan,0,nan,0,nan,0,nan,0
DCE.cs1701,2017-01-16 14:59:59.596030,1859.0,1859.0,1855.0,1855.0,1859.0,1856.964,56,1039900.0,0,1802.0,1862.0,1652.0,3154,1757.0,1757.0,1820.0,85,1753.0,100,nan,0,nan,0,nan,0,nan,0,nan,0,nan,0,nan,0,nan,0
DCE.jd1701,2017-01-13 14:59:59.473020,2895.0,2975.0,2800.0,2800.0,2895.0,2852.727,22,627600.0,6,2852.0,3079.0,2731.0,28,2905.0,2905.0,2985.0,1,2875.0,1,nan,0,nan,0,nan,0,nan,0,nan,0,nan,0,nan,0,nan,0
DCE.pp1701,2017-01-16 14:59:59.062030,8900.0,8972.0,8600.0,8600.0,8900.0,8736.308,590,25772110.0,0,8585.0,9138.0,8104.0,1628,8621.0,8750.0,9050.0,50,8900.0,47,nan,0,nan,0,nan,0,nan,0,nan,0,nan,0,nan,0,nan,0
DCE.l1701,2017-01-16 14:59:59.020030,10100.0,10100.0,9800.0,9800.0,10100.0,9689.263,678,32846600.0,0,9645.0,10425.0,9245.0,6960,9835.0,9940.0,10200.0,2,9910.0,5,nan,0,nan,0,nan,0,nan,0,nan,0,nan,0,nan,0,nan,0
