symbol,datetime,last_price,highest,lowest,open,close,average,volume,amount,open_interest,settlement,upper_limit,lower_limit,pre_open_interest,pre_settlement,pre_close,ask_price1,ask_volume1,bid_price1,bid_volume1,ask_price2,ask_volume2,bid_price2,bid_volume2,ask_price3,ask_volume3,bid_price3,bid_volume3,ask_price4,ask_volume4,bid_price4,bid_volume4,ask_price5,ask_volume5,bid_price5,bid_volume5
CZCE.RM005C2850,2020-04-03 14:59:59.000001,nan,nan,nan,nan,nan,nan,0,0.0,35,nan,142.5,0.5,35,0.5,0.5,2.0,20,nan,0,nan,0,nan,0,nan,0,nan,0,nan,0,nan,0,nan,0,nan,0
CZCE.RM005P2800,2020-04-03 14:59:59.000001,nan,nan,nan,nan,nan,nan,0,0.0,15,nan,590.0,306.0,15,448.0,448.0,nan,0,nan,0,nan,0,nan,0,nan,0,nan,0,nan,0,nan,0,nan,0,nan,0
CZCE.RM005P2850,2020-04-03 14:59:59.000001,nan,nan,nan,nan,nan,nan,0,0.0,15,nan,640.0,356.0,15,498.0,498.0,nan,0,nan,0,nan,0,nan,0,nan,0,nan,0,nan,0,nan,0,nan,0,nan,0
CZCE.RM007C2800,2020-06-03 14:59:59.000001,nan,nan,nan,nan,nan,nan,0,0.0,1028,nan,115.5,0.5,1028,0.5,0.5,0.5,51,nan,0,nan,0,nan,0,nan,0,nan,0,nan,0,nan,0,nan,0,nan,0
CZCE.RM007C2850,2020-06-03 14:59:59.000001,nan,nan,nan,nan,nan,nan,0,0.0,1840,nan,115.5,0.5,1840,0.5,0.5,0.5,169,nan,0,nan,0,nan,0,nan,0,nan,0,nan,0,nan,0,nan,0,nan,0
CZCE.RM007P2800,2020-06-03 14:59:59.000001,nan,nan,nan,nan,nan,nan,0,0.0,0,nan,629.0,399.0,0,514.0,514.0,nan,0,nan,0,nan,0,nan,0,nan,0,nan,0,nan,0,nan,0,nan,0,nan,0
CZCE.RM007P2850,2020-06-03 14:59:59.000001,nan,nan,nan,nan,nan,nan,0,0.0,0,nan,679.0,449.0,0,564.0,564.0,nan,0,nan,0,nan,0,nan,0,nan,0,nan,0,nan,0,nan,0,nan,0,nan,0
CZCE.RM009C2800,2020-08-05 14:59:59.000001,nan,nan,nan,nan,nan,nan,0,0.0,1820,nan,120.5,0.5,1820,0.5,0.5,0.5,579,nan,0,nan,0,nan,0,nan,0,nan,0,nan,0,nan,0,nan,0,nan,0
CZCE.RM009C2850,2020-08-05 14:59:59.000001,0.5,0.5,0.5,0.5,0.5,0.5,2,10.0,9505,0.5,120.5,0.5,9505,0.5,0.5,0.5,3199,nan,0,nan,0,nan,0,nan,0,nan,0,nan,0,nan,0,nan,0,nan,0
CZCE.RM009P2800,2020-08-05 14:59:59.000001,nan,nan,nan,nan,nan,nan,0,0.0,0,nan,531.0,291.0,0,411.0,411.0,529.0,1,301.0,1,nan,0,nan,0,nan,0,nan,0,nan,0,nan,0,nan,0,nan,0
CZCE.RM009P2850,2020-08-05 14:59:59.000001,nan,nan,nan,nan,nan,nan,0,0.0,0,nan,581.0,341.0,0,461.0,461.0,nan,0,366.0,1,nan,0,nan,0,nan,0,nan,0,nan,0,nan,0,nan,0,nan,0
CZCE.RM011C2600,2020-08-21 14:59:59.000001,1.5,2.5,1.0,1.0,1.5,2.0,52,1040.0,385,2.0,115.5,0.5,410,2.5,3.0,2.0,20,0.5,86,nan,0,nan,0,nan,0,nan,0,nan,0,nan,0,nan,0,nan,0
CZCE.RM011C2650,2020-08-21 14:59:59.000001,1.0,2.0,0.5,2.0,1.0,1.5,43,645.0,209,1.5,115.0,0.5,228,2.0,2.5,1.5,1,0.5,76,nan,0,nan,0,nan,0,nan,0,nan,0,nan,0,nan,0,nan,0
CZCE.RM011C2700,2020-08-21 14:59:59.000001,1.5,1.5,0.5,1.0,1.5,1.5,154,2310.0,756,1.5,114.5,0.5,752,1.5,1.5,1.5,17,0.5,255,nan,0,nan,0,nan,0,nan,0,nan,0,nan,0,nan,0,nan,0
CZCE.RM011P2600,2020-08-21 14:59:59.000001,nan,nan,nan,nan,nan,nan,0,0.0,0,nan,466.5,240.5,0,353.5,353.5,417.5,1,319.5,1,nan,0,nan,0,nan,0,nan,0,nan,0,nan,0,nan,0,nan,0
CZCE.RM011P2650,2020-08-21 14:59:59.000001,nan,nan,nan,nan,nan,nan,0,0.0,0,nan,516.0,290.0,0,403.0,403.0,467.5,1,375.5,1,nan,0,nan,0,nan,0,nan,0,nan,0,nan,0,nan,0,nan,0
CZCE.RM011P2700,2020-08-21 14:59:59.000001,nan,nan,nan,nan,nan,nan,0,0.0,3,nan,566.0,340.0,3,453.0,453.0,517.5,1,425.5,1,nan,0,nan,0,nan,0,nan,0,nan,0,nan,0,nan,0,nan,0
CZCE.RM101C2500,2020-08-21 14:59:59.000001,20.0,23.0,19.5,22.0,20.0,20.0,179,35800.0,950,20.0,140.0,0.5,878,25.0,24.5,75.5,1,10.0,1,nan,0,nan,0,nan,0,nan,0,nan,0,nan,0,nan,0,nan,0
CZCE.RM101C2550,2020-08-21 14:59:59.000001,15.5,16.5,14.0,16.5,15.5,15.5,295,45725.0,2520,15.5,134.0,0.5,2612,19.0,18.5,28.0,1,14.5,1,nan,0,nan,0,nan,0,nan,0,nan,0,nan,0,nan,0,nan,0
CZCE.RM101P2500,2020-08-21 14:59:59.000001,nan,nan,nan,nan,nan,nan,0,0.0,14,nan,348.5,118.5,14,233.5,233.5,nan,0,191.5,1,nan,0,nan,0,nan,0,nan,0,nan,0,nan,0,nan,0,nan,0
CZCE.RM101P2550,2020-08-21 14:59:59.000001,298.0,298.0,298.0,298.0,298.0,298.0,1,2980.0,33,298.0,392.5,162.5,33,277.5,277.5,349.0,1,241.0,1,nan,0,nan,0,nan,0,nan,0,nan,0,nan,0,nan,0,nan,0
CZCE.TA005C2850,2020-04-03 14:59:59.000001,nan,nan,nan,nan,nan,nan,0,0.0,0,nan,602.0,150.0,0,376.0,376.0,nan,0,151.0,1,nan,0,nan,0,nan,0,nan,0,nan,0,nan,0,nan,0,nan,0
CZCE.TA005C2900,2020-04-03 14:59:59.000001,nan,nan,nan,nan,nan,nan,0,0.0,0,nan,552.0,100.0,0,326.0,326.0,nan,0,101.0,1,nan,0,nan,0,nan,0,nan,0,nan,0,nan,0,nan,0,nan,0
CZCE.TA005C2950,2020-04-03 14:59:59.000001,nan,nan,nan,nan,nan,nan,0,0.0,0,nan,502.5,50.5,0,276.5,276.5,nan,0,51.5,1,nan,0,nan,0,nan,0,nan,0,nan,0,nan,0,nan,0,nan,0
CZCE.TA005P2850,2020-04-03 14:59:59.000001,nan,nan,nan,nan,nan,nan,0,0.0,55,nan,226.5,0.5,55,0.5,0.5,nan,0,nan,0,nan,0,nan,0,nan,0,nan,0,nan,0,nan,0,nan,0,nan,0
CZCE.TA005P2900,2020-04-03 14:59:59.000001,nan,nan,nan,nan,nan,nan,0,0.0,553,nan,226.5,0.5,553,0.5,0.5,0.5,5,nan,0,nan,0,nan,0,nan,0,nan,0,nan,0,nan,0,nan,0,nan,0
CZCE.TA005P2950,2020-04-03 14:59:59.000001,nan,nan,nan,nan,nan,nan,0,0.0,296,nan,226.5,0.5,296,0.5,0.5,0.5,5,nan,0,nan,0,nan,0,nan,0,nan,0,nan,0,nan,0,nan,0,nan,0
CZCE.TA006C2900,2020-05-08 14:59:59.000001,nan,nan,nan,nan,nan,nan,0,0.0,3,nan,744.0,264.0,3,504.0,504.0,nan,0,nan,0,nan,0,nan,0,nan,0,nan,0,nan,0,nan,0,nan,0,nan,0
CZCE.TA006C2950,2020-05-08 14:59:59.000001,nan,nan,nan,nan,nan,nan,0,0.0,9,nan,694.0,214.0,9,454.0,454.0,nan,0,nan,0,nan,0,nan,0,nan,0,nan,0,nan,0,nan,0,nan,0,nan,0
CZCE.TA006C3000,2020-05-08 14:59:59.000001,nan,nan,nan,nan,nan,nan,0,0.0,9,nan,644.0,164.0,9,404.0,404.0,nan,0,nan,0,nan,0,nan,0,nan,0,nan,0,nan,0,nan,0,nan,0,nan,0
CZCE.TA006P2900,2020-05-08 14:59:59.000001,nan,nan,nan,nan,nan,nan,0,0.0,63,nan,240.5,0.5,63,0.5,0.5,0.5,29,nan,0,nan,0,nan,0,nan,0,nan,0,nan,0,nan,0,nan,0,nan,0
CZCE.TA006P2950,2020-05-08 14:59:59.000001,nan,nan,nan,nan,nan,nan,0,0.0,34,nan,240.5,0.5,34,0.5,0.5,0.5,13,nan,0,nan,0,nan,0,nan,0,nan,0,nan,0,nan,0,nan,0,nan,0
CZCE.TA006P3000,2020-05-08 14:59:59.000001,0.5,0.5,0.5,0.5,0.5,0.5,2,5.0,143,0.5,240.5,0.5,145,0.5,1.0,0.5,42,nan,0,nan,0,nan,0,nan,0,nan,0,nan,0,nan,0,nan,0,nan,0
CZCE.TA007C2900,2020-06-03 14:59:59.000001,nan,nan,nan,nan,nan,nan,0,0.0,4,nan,1008.0,496.0,4,752.0,752.0,nan,0,nan,0,nan,0,nan,0,nan,0,nan,0,nan,0,nan,0,nan,0,nan,0
CZCE.TA007C2950,2020-06-03 14:59:59.000001,nan,nan,nan,nan,nan,nan,0,0.0,0,nan,958.0,446.0,0,702.0,702.0,nan,0,nan,0,nan,0,nan,0,nan,0,nan,0,nan,0,nan,0,nan,0,nan,0
CZCE.TA007C3000,2020-06-03 14:59:59.000001,nan,nan,nan,nan,nan,nan,0,0.0,0,nan,908.0,396.0,0,652.0,652.0,nan,0,nan,0,nan,0,nan,0,nan,0,nan,0,nan,0,nan,0,nan,0,nan,0
CZCE.TA007C3050,2020-06-03 14:59:59.000001,648.0,648.0,648.0,648.0,648.0,648.0,1,3240.0,90,648.0,858.0,346.0,90,602.0,602.0,nan,0,349.0,1,nan,0,nan,0,nan,0,nan,0,nan,0,nan,0,nan,0,nan,0
CZCE.TA007P2900,2020-06-03 14:59:59.000001,nan,nan,nan,nan,nan,nan,0,0.0,914,nan,256.5,0.5,914,0.5,0.5,0.5,25,nan,0,nan,0,nan,0,nan,0,nan,0,nan,0,nan,0,nan,0,nan,0
CZCE.TA007P2950,2020-06-03 14:59:59.000001,nan,nan,nan,nan,nan,nan,0,0.0,528,nan,256.5,0.5,528,0.5,0.5,1.0,5,nan,0,nan,0,nan,0,nan,0,nan,0,nan,0,nan,0,nan,0,nan,0
CZCE.TA007P3000,2020-06-03 14:59:59.000001,nan,nan,nan,nan,nan,nan,0,0.0,545,nan,256.5,0.5,545,0.5,0.5,15.0,6,nan,0,nan,0,nan,0,nan,0,nan,0,nan,0,nan,0,nan,0,nan,0
CZCE.TA007P3050,2020-06-03 14:59:59.000001,nan,nan,nan,nan,nan,nan,0,0.0,693,nan,256.5,0.5,693,0.5,0.5,1.0,2,nan,0,nan,0,nan,0,nan,0,nan,0,nan,0,nan,0,nan,0,nan,0
CZCE.TA009C3000,2020-08-05 14:59:59.000001,nan,nan,nan,nan,nan,nan,0,0.0,28,nan,754.0,394.0,28,574.0,570.0,650.0,20,nan,0,nan,0,nan,0,nan,0,nan,0,nan,0,nan,0,nan,0,nan,0
CZCE.TA009C3050,2020-08-05 14:59:59.000001,nan,nan,nan,nan,nan,nan,0,0.0,1,nan,704.0,344.0,1,524.0,524.0,nan,0,nan,0,nan,0,nan,0,nan,0,nan,0,nan,0,nan,0,nan,0,nan,0
CZCE.TA009C3100,2020-08-05 14:59:59.000001,519.5,519.5,495.0,495.0,519.5,504.5,40,100900.0,123,504.5,654.0,294.0,93,474.0,472.0,554.0,1,424.0,1,nan,0,nan,0,nan,0,nan,0,nan,0,nan,0,nan,0,nan,0
CZCE.TA009P3000,2020-08-05 14:59:59.000001,nan,nan,nan,nan,nan,nan,0,0.0,5287,nan,180.5,0.5,5287,0.5,0.5,0.5,92,nan,0,nan,0,nan,0,nan,0,nan,0,nan,0,nan,0,nan,0,nan,0
CZCE.TA009P3050,2020-08-05 14:59:59.000001,nan,nan,nan,nan,nan,nan,0,0.0,621,nan,180.5,0.5,621,0.5,0.5,nan,0,nan,0,nan,0,nan,0,nan,0,nan,0,nan,0,nan,0,nan,0,nan,0
CZCE.TA009P3100,2020-08-05 14:59:59.000001,nan,nan,nan,nan,nan,nan,0,0.0,595,nan,180.5,0.5,595,0.5,0.5,144.0,11,nan,0,nan,0,nan,0,nan,0,nan,0,nan,0,nan,0,nan,0,nan,0
CZCE.TA011C3050,2020-08-21 14:59:59.000001,nan,nan,nan,nan,nan,nan,0,0.0,3,nan,818.0,446.0,3,632.0,632.0,nan,0,nan,0,nan,0,nan,0,nan,0,nan,0,nan,0,nan,0,nan,0,nan,0
CZCE.TA011C3100,2020-08-21 14:59:59.000001,nan,nan,nan,nan,nan,nan,0,0.0,7,nan,768.0,396.0,7,582.0,582.0,nan,0,nan,0,nan,0,nan,0,nan,0,nan,0,nan,0,nan,0,nan,0,nan,0
CZCE.TA011C3150,2020-08-21 14:59:59.000001,nan,nan,nan,nan,nan,nan,0,0.0,4,nan,718.5,346.5,4,532.5,532.5,nan,0,nan,0,nan,0,nan,0,nan,0,nan,0,nan,0,nan,0,nan,0,nan,0
CZCE.TA011P3050,2020-08-21 14:59:59.000001,0.5,0.5,0.5,0.5,0.5,0.5,5,12.5,63,0.5,186.5,0.5,58,0.5,0.5,1.0,3,nan,0,nan,0,nan,0,nan,0,nan,0,nan,0,nan,0,nan,0,nan,0
CZCE.TA011P3100,2020-08-21 14:59:59.000001,nan,nan,nan,nan,nan,nan,0,0.0,68,nan,187.0,0.5,68,1.0,1.0,28.0,1,0.5,5,nan,0,nan,0,nan,0,nan,0,nan,0,nan,0,nan,0,nan,0
CZCE.TA011P3150,2020-08-21 14:59:59.000001,nan,nan,nan,nan,nan,nan,0,0.0,138,nan,187.0,0.5,138,1.0,2.0,28.5,1,0.5,5,nan,0,nan,0,nan,0,nan,0,nan,0,nan,0,nan,0,nan,0
CZCE.TA101C3100,2020-08-21 14:59:59.000001,nan,nan,nan,nan,nan,nan,0,0.0,31,nan,831.5,455.5,31,643.5,643.5,nan,0,nan,0,nan,0,nan,0,nan,0,nan,0,nan,0,nan,0,nan,0,nan,0
CZCE.TA101C3150,2020-08-21 14:59:59.000001,nan,nan,nan,nan,nan,nan,0,0.0,62,nan,784.0,408.0,62,596.0,596.0,nan,0,nan,0,nan,0,nan,0,nan,0,nan,0,nan,0,nan,0,nan,0,nan,0
CZCE.TA101C3200,2020-08-21 14:59:59.000001,nan,nan,nan,nan,nan,nan,0,0.0,21,nan,736.0,360.0,21,548.0,548.0,nan,0,nan,0,nan,0,nan,0,nan,0,nan,0,nan,0,nan,0,nan,0,nan,0
CZCE.TA101C3250,2020-08-21 14:59:59.000001,nan,nan,nan,nan,nan,nan,0,0.0,167,nan,689.0,313.0,167,501.0,501.0,nan,0,nan,0,nan,0,nan,0,nan,0,nan,0,nan,0,nan,0,nan,0,nan,0
CZCE.TA101P3100,2020-08-21 14:59:59.000001,7.5,7.5,7.5,7.5,7.5,7.5,22,825.0,1399,7.5,197.0,0.5,1377,9.0,9.5,17.0,4,1.0,200,nan,0,nan,0,nan,0,nan,0,nan,0,nan,0,nan,0,nan,0
CZCE.TA101P3150,2020-08-21 14:59:59.000001,9.0,11.0,9.0,10.5,9.0,10.0,18,900.0,463,10.0,199.0,0.5,446,11.0,11.5,10.5,10,5.0,20,nan,0,nan,0,nan,0,nan,0,nan,0,nan,0,nan,0,nan,0
CZCE.TA101P3200,2020-08-21 14:59:59.000001,10.5,10.5,10.5,10.5,10.5,10.5,10,525.0,211,10.5,201.0,0.5,201,13.0,13.0,99.5,1,2.0,130,nan,0,nan,0,nan,0,nan,0,nan,0,nan,0,nan,0,nan,0
CZCE.TA101P3250,2020-08-21 14:59:59.000001,14.0,15.0,13.5,14.5,14.0,14.0,174,12180.0,617,14.0,204.0,0.5,570,16.0,14.5,15.0,9,12.0,1,nan,0,nan,0,nan,0,nan,0,nan,0,nan,0,nan,0,nan,0
INE.sc2104,2020-08-21 14:59:59.999500,nan,nan,nan,nan,nan,nan,0,0.0,41,nan,375.7,307.4,41,341.6,341.6,345.9,1,339.1,1,346.4,1,336.0,1,nan,0,333.8,1,nan,0,nan,0,nan,0,nan,0
SHFE.fu2104,2020-08-21 14:59:59.999500,2041.0,2060.0,2003.0,2003.0,2041.0,2037.979592,49,998610.0,250,2037.0,2186.0,1789.0,274,1988.0,2004.0,2059.0,2,2040.0,1,2060.0,7,2011.0,1,2068.0,2,2008.0,2,2069.0,1,1988.0,1,2080.0,5,1880.0,2
DCE.pg2011-C-2700,2020-08-21 14:59:59.999500,890.2,nan,nan,nan,890.2,nan,0,0.0,27,890.2,1300.4,574.4,27,937.4,937.4,nan,0,nan,0,nan,0,nan,0,nan,0,nan,0,nan,0,nan,0,nan,0,nan,0
DCE.pg2011-P-2700,2020-08-21 14:59:59.999500,1.0,nan,nan,nan,1.0,nan,0,0.0,90,1.0,364.2,0.2,90,1.2,12.2,16.8,1,5.0,3,nan,0,nan,0,nan,0,nan,0,nan,0,nan,0,nan,0,nan,0
DCE.pg2011-C-2750,2020-08-21 14:59:59.999500,840.8,nan,nan,nan,840.8,nan,0,0.0,30,840.8,1251.0,525.0,30,888.0,888.0,nan,0,nan,0,nan,0,nan,0,nan,0,nan,0,nan,0,nan,0,nan,0,nan,0
DCE.pg2011-P-2750,2020-08-21 14:59:59.999500,1.6,nan,nan,nan,1.6,nan,0,0.0,156,1.6,365.0,0.2,156,2.0,13.4,17.0,1,6.0,3,nan,0,nan,0,nan,0,nan,0,nan,0,nan,0,nan,0,nan,0
DCE.pg2011-C-2800,2020-08-21 14:59:59.999500,791.6,nan,nan,nan,791.6,nan,0,0.0,38,791.6,1201.8,475.8,38,838.8,838.8,nan,0,nan,0,nan,0,nan,0,nan,0,nan,0,nan,0,nan,0,nan,0,nan,0
DCE.pg2011-P-2800,2020-08-21 14:59:59.999500,2.6,nan,nan,nan,2.6,nan,0,0.0,389,2.6,366.0,0.2,389,3.0,13.0,16.0,5,7.0,1,nan,0,nan,0,nan,0,nan,0,nan,0,nan,0,nan,0,nan,0
DCE.pg2011-C-2850,2020-08-21 14:59:59.999500,743.0,nan,nan,nan,743.0,nan,0,0.0,70,743.0,1153.2,427.2,70,790.2,790.2,nan,0,nan,0,nan,0,nan,0,nan,0,nan,0,nan,0,nan,0,nan,0,nan,0
DCE.pg2011-P-2850,2020-08-21 14:59:59.999500,4.0,nan,nan,nan,4.0,nan,0,0.0,232,4.0,367.4,0.2,232,4.4,13.8,18.4,1,7.6,3,nan,0,nan,0,nan,0,nan,0,nan,0,nan,0,nan,0,nan,0
DCE.pg2011-C-2900,2020-08-21 14:59:59.999500,694.8,nan,nan,nan,694.8,nan,0,0.0,92,694.8,1105.0,379.0,92,742.0,742.0,nan,0,379.2,5,nan,0,nan,0,nan,0,nan,0,nan,0,nan,0,nan,0,nan,0
DCE.pg2011-P-2900,2020-08-21 14:59:59.999501,12.0,12.0,12.0,12.0,12.0,12.0,4,960.0,267,5.8,369.2,0.2,267,6.2,12.0,17.6,1,7.0,12,nan,0,nan,0,nan,0,nan,0,nan,0,nan,0,nan,0,nan,0
DCE.pg2012-C-2750,2020-08-21 14:59:59.999500,934.6,nan,nan,nan,934.6,nan,0,0.0,1,934.6,1406.8,652.8,1,1029.8,1029.8,nan,0,nan,0,nan,0,nan,0,nan,0,nan,0,nan,0,nan,0,nan,0,nan,0
DCE.pg2012-P-2750,2020-08-21 14:59:59.999500,3.2,nan,nan,nan,3.2,nan,0,0.0,13,3.2,379.2,0.2,13,2.2,2.2,nan,0,2.0,1,nan,0,nan,0,nan,0,nan,0,nan,0,nan,0,nan,0,nan,0
DCE.pg2012-C-2800,2020-08-21 14:59:59.999500,886.0,nan,nan,nan,886.0,nan,0,0.0,0,886.0,1357.6,603.6,0,980.6,980.6,nan,0,nan,0,nan,0,nan,0,nan,0,nan,0,nan,0,nan,0,nan,0,nan,0
DCE.pg2012-P-2800,2020-08-21 14:59:59.999500,4.6,nan,nan,nan,4.6,nan,0,0.0,1,4.6,380.2,0.2,1,3.2,3.2,nan,0,2.0,1,nan,0,nan,0,nan,0,nan,0,nan,0,nan,0,nan,0,nan,0
DCE.pg2012-C-2850,2020-08-21 14:59:59.999500,837.8,nan,nan,nan,837.8,nan,0,0.0,0,837.8,1309.0,555.0,0,932.0,932.0,nan,0,nan,0,nan,0,nan,0,nan,0,nan,0,nan,0,nan,0,nan,0,nan,0
DCE.pg2012-P-2850,2020-08-21 14:59:59.999501,12.0,12.0,12.0,12.0,12.0,12.0,10,2400.0,22,6.4,381.6,0.2,12,4.6,4.6,380.0,1,2.0,1,nan,0,nan,0,nan,0,nan,0,nan,0,nan,0,nan,0,nan,0
DCE.pg2101-C-2800,2020-08-21 14:59:59.999500,1000.2,nan,nan,nan,1000.2,nan,0,0.0,22,1000.2,1465.6,693.6,22,1079.6,1079.6,nan,0,nan,0,nan,0,nan,0,nan,0,nan,0,nan,0,nan,0,nan,0,nan,0
DCE.pg2101-P-2800,2020-08-21 14:59:59.999500,5.6,nan,nan,nan,5.6,nan,0,0.0,49,5.6,402.8,0.2,49,16.8,12.2,nan,0,2.0,1,nan,0,nan,0,nan,0,nan,0,nan,0,nan,0,nan,0,nan,0
DCE.pg2101-C-2850,2020-08-21 14:59:59.999500,952.0,nan,nan,nan,952.0,nan,0,0.0,20,952.0,1419.6,647.6,20,1033.6,1033.6,nan,0,nan,0,nan,0,nan,0,nan,0,nan,0,nan,0,nan,0,nan,0,nan,0
DCE.pg2101-P-2850,2020-08-21 14:59:59.999501,12.2,12.2,12.2,12.2,12.2,12.2,1,244.0,37,7.4,406.6,0.2,37,20.6,12.2,402.6,1,2.0,1,nan,0,nan,0,nan,0,nan,0,nan,0,nan,0,nan,0,nan,0
DCE.pg2101-C-2900,2020-08-21 14:59:59.999500,904.4,nan,nan,nan,904.4,nan,0,0.0,62,904.4,1374.2,602.2,62,988.2,988.2,nan,0,nan,0,nan,0,nan,0,nan,0,nan,0,nan,0,nan,0,nan,0,nan,0
DCE.pg2101-P-2900,2020-08-21 14:59:59.999500,9.8,nan,nan,nan,9.8,nan,0,0.0,35,9.8,411.2,0.2,35,25.2,25.2,nan,0,2.0,1,nan,0,nan,0,nan,0,nan,0,nan,0,nan,0,nan,0,nan,0
DCE.pg2102-C-2850,2020-08-21 14:59:59.999500,930.6,nan,nan,nan,930.6,nan,0,0.0,3,930.6,1351.8,589.8,3,970.8,970.8,nan,0,nan,0,nan,0,nan,0,nan,0,nan,0,nan,0,nan,0,nan,0,nan,0
DCE.pg2102-P-2850,2020-08-21 14:59:59.999500,16.0,nan,nan,nan,16.0,nan,0,0.0,1,16.0,395.2,0.2,1,14.2,14.2,nan,0,2.0,1,nan,0,nan,0,nan,0,nan,0,nan,0,nan,0,nan,0,nan,0
DCE.pg2102-C-2900,2020-08-21 14:59:59.999500,884.8,nan,nan,nan,884.8,nan,0,0.0,2,884.8,1305.6,543.6,2,924.6,924.6,nan,0,nan,0,nan,0,nan,0,nan,0,nan,0,nan,0,nan,0,nan,0,nan,0
DCE.pg2102-P-2900,2020-08-21 14:59:59.999500,20.0,nan,nan,nan,20.0,nan,0,0.0,4,20.0,399.0,0.2,4,18.0,18.0,nan,0,2.0,1,nan,0,nan,0,nan,0,nan,0,nan,0,nan,0,nan,0,nan,0
DCE.pg2102-C-2950,2020-08-21 14:59:59.999500,839.6,nan,nan,nan,839.6,nan,0,0.0,1,839.6,1260.0,498.0,1,879.0,879.0,nan,0,nan,0,nan,0,nan,0,nan,0,nan,0,nan,0,nan,0,nan,0,nan,0
DCE.pg2102-P-2950,2020-08-21 14:59:59.999500,24.8,nan,nan,nan,24.8,nan,0,0.0,4,24.8,403.4,0.2,4,22.4,22.4,nan,0,2.0,1,nan,0,nan,0,nan,0,nan,0,nan,0,nan,0,nan,0,nan,0
DCE.pg2103-C-2850,2020-08-21 14:59:59.999500,735.0,nan,nan,nan,735.0,nan,0,0.0,6,735.0,1108.8,396.8,6,752.8,752.8,nan,0,nan,0,nan,0,nan,0,nan,0,nan,0,nan,0,nan,0,nan,0,nan,0
DCE.pg2103-P-2850,2020-08-21 14:59:59.999500,43.4,nan,nan,nan,43.4,nan,0,0.0,5,43.4,400.4,0.2,5,44.4,44.4,nan,0,0.4,1,nan,0,nan,0,nan,0,nan,0,nan,0,nan,0,nan,0,nan,0
DCE.pg2103-C-2900,2020-08-21 14:59:59.999500,693.8,nan,nan,nan,693.8,nan,0,0.0,5,693.8,1067.6,355.6,5,711.6,711.6,nan,0,nan,0,nan,0,nan,0,nan,0,nan,0,nan,0,nan,0,nan,0,nan,0
DCE.pg2103-P-2900,2020-08-21 14:59:59.999500,52.0,nan,nan,nan,52.0,nan,0,0.0,5,52.0,409.0,0.2,5,53.0,53.0,nan,0,0.4,1,nan,0,nan,0,nan,0,nan,0,nan,0,nan,0,nan,0,nan,0
DCE.pg2103-C-2950,2020-08-21 14:59:59.999500,653.6,nan,nan,nan,653.6,nan,0,0.0,5,653.6,1027.4,315.4,5,671.4,671.4,nan,0,nan,0,nan,0,nan,0,nan,0,nan,0,nan,0,nan,0,nan,0,nan,0
DCE.pg2103-P-2950,2020-08-21 14:59:59.999500,61.6,nan,nan,nan,61.6,nan,0,0.0,10,61.6,418.6,0.2,10,62.6,62.6,nan,0,0.4,1,nan,0,nan,0,nan,0,nan,0,nan,0,nan,0,nan,0,nan,0
DCE.i2102-C-460,2020-08-21 14:59:59.999500,369.0,nan,nan,nan,369.0,nan,0,0.0,6,369.0,457.3,291.3,6,374.3,374.3,nan,0,nan,0,nan,0,nan,0,nan,0,nan,0,nan,0,nan,0,nan,0,nan,0
DCE.i2102-P-460,2020-08-21 14:59:59.999500,0.1,nan,nan,nan,0.1,nan,0,0.0,16,0.1,84.2,0.1,16,1.2,2.5,nan,0,nan,0,nan,0,nan,0,nan,0,nan,0,nan,0,nan,0,nan,0,nan,0
DCE.i2102-C-470,2020-08-21 14:59:59.999500,359.0,nan,nan,nan,359.0,nan,0,0.0,4,359.0,447.6,281.6,4,364.6,364.6,nan,0,nan,0,nan,0,nan,0,nan,0,nan,0,nan,0,nan,0,nan,0,nan,0
DCE.i2102-P-470,2020-08-21 14:59:59.999500,0.1,nan,nan,nan,0.1,nan,0,0.0,11,0.1,84.5,0.1,11,1.5,2.5,nan,0,nan,0,nan,0,nan,0,nan,0,nan,0,nan,0,nan,0,nan,0,nan,0
DCE.i2103-C-460,2020-08-21 14:59:59.999500,357.9,nan,nan,nan,357.9,nan,0,0.0,2,357.9,444.4,280.4,2,362.4,362.4,nan,0,nan,0,nan,0,nan,0,nan,0,nan,0,nan,0,nan,0,nan,0,nan,0
DCE.i2103-P-460,2020-08-21 14:59:59.999501,3.2,3.2,3.2,3.2,3.2,3.2,1,320.0,22,2.1,83.4,0.1,22,1.4,1.4,nan,0,0.2,1,nan,0,nan,0,nan,0,nan,0,nan,0,nan,0,nan,0,nan,0
DCE.pg2012-C-2900,2020-08-21 14:59:59.999500,790.0,nan,nan,nan,790.0,nan,0,0.0,11,790.0,1260.6,506.6,11,883.6,883.6,nan,0,nan,0,nan,0,nan,0,nan,0,nan,0,nan,0,nan,0,nan,0,nan,0
DCE.pg2012-P-2900,2020-08-21 14:59:59.999501,56.0,56.0,14.0,14.0,56.0,17.8,22,7880.0,68,8.6,383.4,0.2,47,6.4,6.4,55.8,61,1.0,20,nan,0,nan,0,nan,0,nan,0,nan,0,nan,0,nan,0,nan,0
DCE.pg2101-C-2950,2020-08-21 14:59:59.999500,857.4,nan,nan,nan,857.4,nan,0,0.0,45,857.4,1329.4,557.4,45,943.4,943.4,nan,0,nan,0,nan,0,nan,0,nan,0,nan,0,nan,0,nan,0,nan,0,nan,0
DCE.pg2101-P-2950,2020-08-21 14:59:59.999500,12.8,nan,nan,nan,12.8,nan,0,0.0,54,12.8,416.4,0.2,54,30.4,30.4,nan,0,2.0,1,nan,0,nan,0,nan,0,nan,0,nan,0,nan,0,nan,0,nan,0
DCE.pg2102-C-3000,2020-08-21 14:59:59.999500,795.4,nan,nan,nan,795.4,nan,0,0.0,1,795.4,1215.2,453.2,1,834.2,834.2,nan,0,nan,0,nan,0,nan,0,nan,0,nan,0,nan,0,nan,0,nan,0,nan,0
DCE.pg2102-P-3000,2020-08-21 14:59:59.999500,30.4,nan,nan,nan,30.4,nan,0,0.0,0,30.4,408.4,0.2,0,27.4,27.4,nan,0,2.0,1,nan,0,nan,0,nan,0,nan,0,nan,0,nan,0,nan,0,nan,0
DCE.pg2103-C-3000,2020-08-21 14:59:59.999500,614.6,nan,nan,nan,614.6,nan,0,0.0,6,614.6,988.4,276.4,6,632.4,632.4,nan,0,nan,0,nan,0,nan,0,nan,0,nan,0,nan,0,nan,0,nan,0,nan,0
DCE.pg2103-P-3000,2020-08-21 14:59:59.999500,72.4,nan,nan,nan,72.4,nan,0,0.0,4,72.4,429.2,0.2,4,73.2,73.2,nan,0,0.4,1,nan,0,nan,0,nan,0,nan,0,nan,0,nan,0,nan,0,nan,0
CZCE.MA009C1500,2020-08-05 14:59:59.000001,189.0,194.0,159.0,159.0,189.0,180.5,3,5415.0,52,180.5,302.0,98.0,52,200.0,200.0,228.0,1,183.5,1,nan,0,nan,0,nan,0,nan,0,nan,0,nan,0,nan,0,nan,0
CZCE.MA009P1500,2020-08-05 14:59:59.000001,0.5,0.5,0.5,0.5,0.5,0.5,240,1200.0,3351,0.5,102.5,0.5,3491,0.5,0.5,0.5,271,nan,0,nan,0,nan,0,nan,0,nan,0,nan,0,nan,0,nan,0,nan,0
CZCE.MA011C1575,2020-08-21 14:59:59.000001,nan,nan,nan,nan,nan,nan,0,0.0,1,nan,330.5,114.5,1,222.5,222.5,nan,0,199.5,1,nan,0,nan,0,nan,0,nan,0,nan,0,nan,0,nan,0,nan,0
CZCE.MA011P1575,2020-08-21 14:59:59.000001,nan,nan,nan,nan,nan,nan,0,0.0,2076,nan,108.5,0.5,2076,0.5,2.0,2.5,30,1.5,30,nan,0,nan,0,nan,0,nan,0,nan,0,nan,0,nan,0,nan,0
CZCE.MA101C1600,2020-08-21 14:59:59.000001,327.0,327.5,324.5,324.5,327.0,325.5,9,29295.0,10,325.5,433.0,203.0,1,318.0,318.0,366.0,1,272.0,1,nan,0,nan,0,nan,0,nan,0,nan,0,nan,0,nan,0,nan,0
CZCE.MA101P1600,2020-08-21 14:59:59.000001,6.5,6.5,5.0,6.0,6.5,6.0,143,8580.0,1875,6.0,120.0,0.5,1754,5.0,5.5,6.5,3,6.0,27,nan,0,nan,0,nan,0,nan,0,nan,0,nan,0,nan,0,nan,0
SHFE.ru2005C7700,2020-04-24 14:59:59.999501,2005.0,nan,nan,nan,2005.0,nan,0,0.0,0,2005.0,2802.0,1067.0,0,1935.0,1935.0,nan,0,nan,0,nan,0,nan,0,nan,0,nan,0,nan,0,nan,0,nan,0,nan,0
SHFE.ru2005C7800,2020-04-24 14:59:59.999501,1905.0,nan,nan,nan,1905.0,nan,0,0.0,0,1905.0,2702.0,967.0,0,1835.0,1835.0,nan,0,nan,0,nan,0,nan,0,nan,0,nan,0,nan,0,nan,0,nan,0,nan,0
SHFE.ru2005P7700,2020-04-24 14:59:59.999501,1.0,nan,nan,nan,1.0,nan,0,0.0,17,1.0,868.0,1.0,17,1.0,1.0,6.0,3,nan,0,nan,0,nan,0,nan,0,nan,0,nan,0,nan,0,nan,0,nan,0
SHFE.ru2005P7800,2020-04-24 14:59:59.999501,1.0,nan,nan,nan,1.0,nan,0,0.0,16,1.0,868.0,1.0,16,1.0,1.0,59.0,1,nan,0,nan,0,nan,0,nan,0,nan,0,nan,0,nan,0,nan,0,nan,0
SHFE.ru2006C7800,2020-05-25 14:59:59.999501,2165.0,nan,nan,nan,2165.0,nan,0,0.0,0,2165.0,3187.0,1372.0,0,2280.0,2280.0,nan,0,nan,0,nan,0,nan,0,nan,0,nan,0,nan,0,nan,0,nan,0,nan,0
SHFE.ru2006C7900,2020-05-25 14:59:59.999501,2065.0,nan,nan,nan,2065.0,nan,0,0.0,0,2065.0,3087.0,1272.0,0,2180.0,2180.0,nan,0,nan,0,nan,0,nan,0,nan,0,nan,0,nan,0,nan,0,nan,0,nan,0
SHFE.ru2006P7800,2020-05-25 14:59:59.999501,1.0,nan,nan,nan,1.0,nan,0,0.0,2,1.0,908.0,1.0,2,1.0,1.0,nan,0,nan,0,nan,0,nan,0,nan,0,nan,0,nan,0,nan,0,nan,0,nan,0
SHFE.ru2006P7900,2020-05-25 14:59:59.999501,1.0,nan,nan,nan,1.0,nan,0,0.0,0,1.0,908.0,1.0,0,1.0,1.0,nan,0,nan,0,nan,0,nan,0,nan,0,nan,0,nan,0,nan,0,nan,0,nan,0
SHFE.ru2007C7800,2020-06-22 14:59:59.999501,2395.0,nan,nan,nan,2395.0,nan,0,0.0,0,2395.0,3209.0,1391.0,0,2300.0,2300.0,nan,0,nan,0,nan,0,nan,0,nan,0,nan,0,nan,0,nan,0,nan,0,nan,0
SHFE.ru2007C7900,2020-06-22 14:59:59.999501,2295.0,nan,nan,nan,2295.0,nan,0,0.0,0,2295.0,3109.0,1291.0,0,2200.0,2200.0,nan,0,nan,0,nan,0,nan,0,nan,0,nan,0,nan,0,nan,0,nan,0,nan,0
SHFE.ru2007P7800,2020-06-22 14:59:59.999501,1.0,1.0,1.0,1.0,1.0,1.0,1,10.0,12,1.0,910.0,1.0,11,1.0,1.0,nan,0,nan,0,nan,0,nan,0,nan,0,nan,0,nan,0,nan,0,nan,0,nan,0
SHFE.ru2007P7900,2020-06-22 14:59:59.999501,1.0,1.0,1.0,1.0,1.0,1.0,1,10.0,5,1.0,910.0,1.0,4,1.0,1.0,nan,0,nan,0,nan,0,nan,0,nan,0,nan,0,nan,0,nan,0,nan,0,nan,0
SHFE.ru2008C8000,2020-07-27 14:59:59.999501,2590.0,nan,nan,nan,2590.0,nan,0,0.0,0,2590.0,3092.0,1837.0,0,2465.0,2465.0,nan,0,nan,0,nan,0,nan,0,nan,0,nan,0,nan,0,nan,0,nan,0,nan,0
SHFE.ru2008P8000,2020-07-27 14:59:59.999501,1.0,nan,nan,nan,1.0,nan,0,0.0,0,1.0,628.0,1.0,0,1.0,1.0,nan,0,nan,0,nan,0,nan,0,nan,0,nan,0,nan,0,nan,0,nan,0,nan,0
SHFE.ru2009C8000,2020-08-21 14:59:59.999500,nan,nan,nan,nan,nan,nan,0,0.0,8,nan,3813.0,2476.0,8,3145.0,3145.0,nan,0,nan,0,nan,0,nan,0,nan,0,nan,0,nan,0,nan,0,nan,0,nan,0
SHFE.ru2009P8000,2020-08-21 14:59:59.999500,nan,nan,nan,nan,nan,nan,0,0.0,309,nan,669.0,1.0,309,1.0,1.0,20.0,4,nan,0,nan,0,nan,0,nan,0,nan,0,nan,0,nan,0,nan,0,nan,0
SHFE.ru2010C8100,2020-08-21 14:59:59.999500,nan,nan,nan,nan,nan,nan,0,0.0,0,nan,3782.0,2437.0,0,3110.0,3110.0,nan,0,nan,0,nan,0,nan,0,nan,0,nan,0,nan,0,nan,0,nan,0,nan,0
SHFE.ru2010P8100,2020-08-21 14:59:59.999500,nan,nan,nan,nan,nan,nan,0,0.0,0,nan,673.0,1.0,0,1.0,1.0,nan,0,nan,0,nan,0,nan,0,nan,0,nan,0,nan,0,nan,0,nan,0,nan,0
SHFE.ru2011C8100,2020-08-21 14:59:59.999500,nan,nan,nan,nan,nan,nan,0,0.0,0,nan,3840.0,2489.0,0,3165.0,3165.0,nan,0,nan,0,nan,0,nan,0,nan,0,nan,0,nan,0,nan,0,nan,0,nan,0
SHFE.ru2011C8200,2020-08-21 14:59:59.999500,nan,nan,nan,nan,nan,nan,0,0.0,0,nan,3740.0,2389.0,0,3065.0,3065.0,nan,0,nan,0,nan,0,nan,0,nan,0,nan,0,nan,0,nan,0,nan,0,nan,0
SHFE.ru2011P8100,2020-08-21 14:59:59.999500,nan,nan,nan,nan,nan,nan,0,0.0,0,nan,676.0,1.0,0,1.0,1.0,nan,0,nan,0,nan,0,nan,0,nan,0,nan,0,nan,0,nan,0,nan,0,nan,0
SHFE.ru2011P8200,2020-08-21 14:59:59.999500,nan,nan,nan,nan,nan,nan,0,0.0,0,nan,676.0,1.0,0,1.0,1.0,nan,0,nan,0,nan,0,nan,0,nan,0,nan,0,nan,0,nan,0,nan,0,nan,0
SHFE.ru2101C9100,2020-08-21 14:59:59.999500,nan,nan,nan,nan,nan,nan,0,0.0,3,nan,4018.0,2533.0,3,3276.0,3276.0,nan,0,nan,0,nan,0,nan,0,nan,0,nan,0,nan,0,nan,0,nan,0,nan,0
SHFE.ru2101C9200,2020-08-21 14:59:59.999500,nan,nan,nan,nan,nan,nan,0,0.0,2,nan,3921.0,2436.0,2,3179.0,3179.0,nan,0,nan,0,nan,0,nan,0,nan,0,nan,0,nan,0,nan,0,nan,0,nan,0
SHFE.ru2101P9100,2020-08-21 14:59:59.999501,13.0,13.0,13.0,13.0,13.0,13.0,4,520.0,138,9.0,755.0,1.0,134,13.0,13.0,395.0,1,2.0,23,397.0,1,1.0,50,nan,0,nan,0,nan,0,nan,0,nan,0,nan,0
SHFE.ru2101P9200,2020-08-21 14:59:59.999500,nan,nan,nan,nan,nan,nan,0,0.0,61,nan,757.0,1.0,61,15.0,15.0,nan,0,2.0,23,nan,0,nan,0,nan,0,nan,0,nan,0,nan,0,nan,0,nan,0
DCE.c2009-C-2200,2020-08-07 14:59:59.999502,40.0,68.5,40.0,68.5,40.0,49.5,700,349590.0,0,54.0,231.0,0.5,4192,94.0,83.0,60.5,1,30.0,100,nan,0,nan,0,nan,0,nan,0,nan,0,nan,0,nan,0,nan,0
DCE.c2009-P-2200,2020-08-07 14:59:59.999502,0.5,0.5,0.5,0.5,0.5,0.5,216,1080.0,0,0.5,137.5,0.5,4212,0.5,0.5,0.5,2603,nan,0,nan,0,nan,0,nan,0,nan,0,nan,0,nan,0,nan,0,nan,0
DCE.c2011-C-2220,2020-08-21 14:59:59.999500,91.0,nan,nan,nan,91.0,nan,0,0.0,72,91.0,227.5,0.5,72,91.5,91.5,nan,0,9.0,1,nan,0,nan,0,nan,0,nan,0,nan,0,nan,0,nan,0,nan,0
DCE.c2011-P-2220,2020-08-21 14:59:59.999500,37.0,nan,nan,nan,37.0,nan,0,0.0,33,37.0,166.5,0.5,33,30.5,21.5,nan,0,8.0,1,nan,0,nan,0,nan,0,nan,0,nan,0,nan,0,nan,0,nan,0
DCE.c2101-C-2240,2020-08-21 14:59:59.999501,103.5,108.0,93.0,108.0,103.5,102.5,267,274010.0,2287,105.5,249.5,0.5,2285,111.5,114.0,104.5,5,76.5,1,nan,0,nan,0,nan,0,nan,0,nan,0,nan,0,nan,0,nan,0
DCE.c2101-P-2240,2020-08-21 14:59:59.999501,40.5,46.5,39.5,39.5,40.5,43.0,366,158515.0,3335,47.5,184.5,0.5,3377,46.5,39.5,50.0,2,38.5,2,nan,0,nan,0,nan,0,nan,0,nan,0,nan,0,nan,0,nan,0
DCE.c2103-C-2260,2020-08-21 14:59:59.999500,111.5,nan,nan,nan,111.5,nan,0,0.0,45,111.5,257.5,0.5,45,118.5,118.5,nan,0,1.0,1,nan,0,nan,0,nan,0,nan,0,nan,0,nan,0,nan,0,nan,0
DCE.c2103-P-2260,2020-08-21 14:59:59.999500,49.0,nan,nan,nan,49.0,nan,0,0.0,25,49.0,188.0,0.5,25,49.0,49.0,nan,0,1.0,1,nan,0,nan,0,nan,0,nan,0,nan,0,nan,0,nan,0,nan,0
CZCE.SR007C4800,2020-06-03 14:59:59.000001,482.0,482.0,482.0,482.0,482.0,482.0,28,134960.0,91,482.0,704.5,80.5,91,392.5,397.0,502.0,10,473.5,10,nan,0,nan,0,nan,0,nan,0,nan,0,nan,0,nan,0,nan,0
CZCE.SR007P4800,2020-06-03 14:59:59.000001,nan,nan,nan,nan,nan,nan,0,0.0,603,nan,312.5,0.5,603,0.5,0.5,0.5,24,nan,0,nan,0,nan,0,nan,0,nan,0,nan,0,nan,0,nan,0,nan,0
CZCE.SR011C4800,2020-08-21 14:59:59.000001,244.0,253.0,244.0,253.0,244.0,249.5,4,9980.0,85,249.5,556.5,0.5,85,255.5,255.5,554.0,1,85.0,1,nan,0,nan,0,nan,0,nan,0,nan,0,nan,0,nan,0,nan,0
CZCE.SR011P4800,2020-08-21 14:59:59.000001,55.0,61.0,53.0,53.5,55.0,56.5,35,19775.0,736,56.5,354.0,0.5,703,53.0,52.0,56.0,3,2.0,1,nan,0,nan,0,nan,0,nan,0,nan,0,nan,0,nan,0,nan,0
CZCE.SR101C4700,2020-08-21 14:59:59.000001,401.5,401.5,370.0,392.0,401.5,384.5,45,173025.0,478,384.5,712.0,104.0,477,408.0,416.0,405.0,1,315.5,1,nan,0,nan,0,nan,0,nan,0,nan,0,nan,0,nan,0,nan,0
CZCE.SR101P4700,2020-08-21 14:59:59.000001,43.5,51.0,43.5,46.0,43.5,47.0,242,113740.0,3530,47.0,352.5,0.5,3451,48.5,45.0,69.5,1,6.5,1,nan,0,nan,0,nan,0,nan,0,nan,0,nan,0,nan,0,nan,0
DCE.i2103-C-450,2020-08-21 14:59:59.999500,367.6,nan,nan,nan,367.6,nan,0,0.0,2,367.6,454.2,290.2,2,372.2,372.2,nan,0,nan,0,nan,0,nan,0,nan,0,nan,0,nan,0,nan,0,nan,0,nan,0
DCE.i2103-P-450,2020-08-21 14:59:59.999501,2.9,2.9,2.9,2.9,2.9,2.9,1,290.0,26,1.7,83.1,0.1,25,1.1,3.0,2.0,1,0.1,3,nan,0,nan,0,nan,0,nan,0,nan,0,nan,0,nan,0,nan,0
DCE.m2103-C-2500,2020-08-21 14:59:59.999500,283.5,nan,nan,nan,283.5,nan,0,0.0,10,283.5,504.0,114.0,10,309.0,309.0,nan,0,nan,0,nan,0,nan,0,nan,0,nan,0,nan,0,nan,0,nan,0,nan,0
DCE.m2103-P-2500,2020-08-21 14:59:59.999500,14.5,nan,nan,nan,14.5,nan,0,0.0,75,14.5,216.5,0.5,75,21.5,21.5,nan,0,0.5,3,nan,0,nan,0,nan,0,nan,0,nan,0,nan,0,nan,0,nan,0
DCE.pg2011-C-2950,2020-08-21 14:59:59.999500,647.4,nan,nan,nan,647.4,nan,0,0.0,61,647.4,1057.6,331.6,61,694.6,694.6,nan,0,nan,0,nan,0,nan,0,nan,0,nan,0,nan,0,nan,0,nan,0,nan,0
DCE.pg2011-P-2950,2020-08-21 14:59:59.999501,12.0,12.0,12.0,12.0,12.0,12.0,49,11760.0,249,8.4,371.8,0.2,263,8.8,16.6,15.0,2,8.0,15,nan,0,nan,0,nan,0,nan,0,nan,0,nan,0,nan,0,nan,0
DCE.pg2011-C-3000,2020-08-21 14:59:59.999501,600.6,nan,nan,nan,600.6,nan,0,0.0,140,600.6,1011.0,285.0,143,648.0,626.6,nan,0,nan,0,nan,0,nan,0,nan,0,nan,0,nan,0,nan,0,nan,0,nan,0
DCE.pg2011-P-3000,2020-08-21 14:59:59.999501,16.4,29.8,14.8,20.0,16.4,18.2,207,76084.0,2012,11.6,375.0,0.2,1979,12.0,20.0,17.0,5,16.4,22,nan,0,nan,0,nan,0,nan,0,nan,0,nan,0,nan,0,nan,0
DCE.pg2012-C-2950,2020-08-21 14:59:59.999500,743.2,nan,nan,nan,743.2,nan,0,0.0,10,743.2,1213.0,459.0,10,836.0,836.0,nan,0,nan,0,nan,0,nan,0,nan,0,nan,0,nan,0,nan,0,nan,0,nan,0
DCE.pg2012-P-2950,2020-08-21 14:59:59.999501,17.0,17.0,16.8,16.8,17.0,16.8,20,6760.0,103,11.6,385.6,0.2,83,8.6,8.6,67.2,1,0.4,2,nan,0,nan,0,nan,0,nan,0,nan,0,nan,0,nan,0,nan,0
DCE.pg2012-C-3000,2020-08-21 14:59:59.999500,697.0,nan,nan,nan,697.0,nan,0,0.0,10,697.0,1165.8,411.8,10,788.8,788.8,nan,0,nan,0,nan,0,nan,0,nan,0,nan,0,nan,0,nan,0,nan,0,nan,0
DCE.pg2012-P-3000,2020-08-21 14:59:59.999500,15.4,nan,nan,nan,15.4,nan,0,0.0,71,15.4,388.6,0.2,71,11.6,11.6,85.0,1,0.4,2,nan,0,nan,0,nan,0,nan,0,nan,0,nan,0,nan,0,nan,0
DCE.pg2012-C-3050,2020-08-21 14:59:59.999500,651.8,nan,nan,nan,651.8,nan,0,0.0,10,651.8,1119.4,365.4,10,742.4,742.4,nan,0,nan,0,nan,0,nan,0,nan,0,nan,0,nan,0,nan,0,nan,0,nan,0
DCE.pg2012-P-3050,2020-08-21 14:59:59.999500,20.2,nan,nan,nan,20.2,nan,0,0.0,100,20.2,392.2,0.2,100,15.2,15.2,391.8,1,1.8,1,nan,0,nan,0,nan,0,nan,0,nan,0,nan,0,nan,0,nan,0
DCE.pg2012-C-3100,2020-08-21 14:59:59.999500,607.6,nan,nan,nan,607.6,nan,0,0.0,20,607.6,1074.0,320.0,20,697.0,697.0,nan,0,nan,0,nan,0,nan,0,nan,0,nan,0,nan,0,nan,0,nan,0,nan,0
DCE.pg2012-P-3100,2020-08-21 14:59:59.999500,26.0,nan,nan,nan,26.0,nan,0,0.0,96,26.0,396.6,0.2,96,19.6,19.6,396.2,1,1.8,1,nan,0,nan,0,nan,0,nan,0,nan,0,nan,0,nan,0,nan,0
DCE.pg2012-C-3150,2020-08-21 14:59:59.999500,564.6,nan,nan,nan,564.6,nan,0,0.0,20,564.6,1029.4,275.4,20,652.4,652.4,nan,0,nan,0,nan,0,nan,0,nan,0,nan,0,nan,0,nan,0,nan,0,nan,0
DCE.pg2012-P-3150,2020-08-21 14:59:59.999500,32.8,nan,nan,nan,32.8,nan,0,0.0,117,32.8,402.0,0.2,117,25.0,25.0,nan,0,1.8,1,nan,0,nan,0,nan,0,nan,0,nan,0,nan,0,nan,0,nan,0
DCE.pg2101-C-3000,2020-08-21 14:59:59.999500,811.2,nan,nan,nan,811.2,nan,0,0.0,41,811.2,1285.6,513.6,41,899.6,899.6,nan,0,nan,0,nan,0,nan,0,nan,0,nan,0,nan,0,nan,0,nan,0,nan,0
DCE.pg2101-P-3000,2020-08-21 14:59:59.999500,16.6,nan,nan,nan,16.6,nan,0,0.0,63,16.6,422.4,0.2,63,36.4,26.0,nan,0,11.6,1,nan,0,nan,0,nan,0,nan,0,nan,0,nan,0,nan,0,nan,0
DCE.pg2101-C-3050,2020-08-21 14:59:59.999500,765.8,nan,nan,nan,765.8,nan,0,0.0,38,765.8,1242.6,470.6,38,856.6,856.6,nan,0,nan,0,nan,0,nan,0,nan,0,nan,0,nan,0,nan,0,nan,0,nan,0
DCE.pg2101-P-3050,2020-08-21 14:59:59.999500,21.0,nan,nan,nan,21.0,nan,0,0.0,42,21.0,429.2,0.2,42,43.2,43.2,nan,0,0.6,1,nan,0,nan,0,nan,0,nan,0,nan,0,nan,0,nan,0,nan,0
DCE.pg2101-C-3100,2020-08-21 14:59:59.999500,721.2,nan,nan,nan,721.2,nan,0,0.0,34,721.2,1200.4,428.4,34,814.4,814.4,nan,0,nan,0,nan,0,nan,0,nan,0,nan,0,nan,0,nan,0,nan,0,nan,0
DCE.pg2101-P-3100,2020-08-21 14:59:59.999500,26.4,nan,nan,nan,26.4,nan,0,0.0,45,26.4,437.0,0.2,45,51.0,51.0,234.0,1,2.4,1,nan,0,nan,0,nan,0,nan,0,nan,0,nan,0,nan,0,nan,0
DCE.pg2102-C-3050,2020-08-21 14:59:59.999500,752.0,nan,nan,nan,752.0,nan,0,0.0,0,752.0,1171.4,409.4,0,790.4,790.4,nan,0,nan,0,nan,0,nan,0,nan,0,nan,0,nan,0,nan,0,nan,0,nan,0
DCE.pg2102-P-3050,2020-08-21 14:59:59.999500,37.0,nan,nan,nan,37.0,nan,0,0.0,3,37.0,414.6,0.2,3,33.6,33.6,nan,0,2.0,1,nan,0,nan,0,nan,0,nan,0,nan,0,nan,0,nan,0,nan,0
DCE.pg2102-C-3100,2020-08-21 14:59:59.999500,709.8,nan,nan,nan,709.8,nan,0,0.0,0,709.8,1128.4,366.4,0,747.4,747.4,nan,0,nan,0,nan,0,nan,0,nan,0,nan,0,nan,0,nan,0,nan,0,nan,0
DCE.pg2102-P-3100,2020-08-21 14:59:59.999500,44.6,nan,nan,nan,44.6,nan,0,0.0,4,44.6,421.4,0.2,4,40.4,40.4,nan,0,2.2,1,nan,0,nan,0,nan,0,nan,0,nan,0,nan,0,nan,0,nan,0
DCE.pg2103-C-3050,2020-08-21 14:59:59.999500,577.0,nan,nan,nan,577.0,nan,0,0.0,4,577.0,950.6,238.6,4,594.6,594.6,nan,0,nan,0,nan,0,nan,0,nan,0,nan,0,nan,0,nan,0,nan,0,nan,0
DCE.pg2103-P-3050,2020-08-21 14:59:59.999500,84.6,nan,nan,nan,84.6,nan,0,0.0,1,84.6,441.4,0.2,1,85.4,85.4,nan,0,0.4,1,nan,0,nan,0,nan,0,nan,0,nan,0,nan,0,nan,0,nan,0
CFFEX.IO2006-C-4150,2020-06-19 14:59:59.999502,0.2,0.6,0.2,0.4,0.2,0.3,316,11020.0,0,nan,404.8,0.2,754,0.4,0.6,0.2,2,nan,0,nan,0,nan,0,nan,0,nan,0,nan,0,nan,0,nan,0,nan,0
CFFEX.IO2006-P-4150,2020-06-19 14:59:59.999502,54.4,107.6,52.2,107.6,54.4,71.4,279,1992440.0,0,55.4,519.0,0.2,95,114.6,107.2,56.4,3,54.0,2,nan,0,nan,0,nan,0,nan,0,nan,0,nan,0,nan,0,nan,0
CFFEX.IO2103-C-4200,2020-08-21 15:00:00.000003,624.0,nan,nan,nan,624.0,nan,0,0.0,64,561.0,1015.2,79.6,64,547.4,624.0,572.6,3,549.4,1,nan,0,nan,0,nan,0,nan,0,nan,0,nan,0,nan,0,nan,0
CFFEX.IO2103-P-4200,2020-08-21 15:00:00.000001,170.2,170.2,157.4,157.4,170.2,162.4,12,194920.0,152,158.2,641.2,0.2,144,173.4,165.0,161.8,5,154.8,1,nan,0,nan,0,nan,0,nan,0,nan,0,nan,0,nan,0,nan,0
DCE.pg2011-C-3050,2020-08-21 14:59:59.999500,555.0,nan,nan,nan,555.0,nan,0,0.0,80,555.0,965.2,239.2,80,602.2,582.0,nan,0,nan,0,nan,0,nan,0,nan,0,nan,0,nan,0,nan,0,nan,0,nan,0
DCE.pg2011-P-3050,2020-08-21 14:59:59.999501,18.4,20.2,17.6,20.2,18.4,18.4,10,3700.0,289,16.0,379.2,0.2,287,16.2,21.0,18.2,20,11.0,13,nan,0,nan,0,nan,0,nan,0,nan,0,nan,0,nan,0,nan,0
DCE.pg2011-C-3100,2020-08-21 14:59:59.999500,510.6,nan,nan,nan,510.6,nan,0,0.0,66,510.6,920.4,194.4,66,557.4,557.4,nan,0,nan,0,nan,0,nan,0,nan,0,nan,0,nan,0,nan,0,nan,0,nan,0
DCE.pg2011-P-3100,2020-08-21 14:59:59.999501,21.6,26.2,15.6,26.2,21.6,19.4,38,14832.0,439,21.4,384.4,0.2,468,21.4,25.0,119.4,1,18.2,1,nan,0,nan,0,nan,0,nan,0,nan,0,nan,0,nan,0,nan,0
DCE.pg2011-C-3150,2020-08-21 14:59:59.999500,467.6,nan,nan,nan,467.6,nan,0,0.0,74,467.6,877.0,151.0,74,514.0,514.0,nan,0,182.0,1,nan,0,nan,0,nan,0,nan,0,nan,0,nan,0,nan,0,nan,0
DCE.pg2011-P-3150,2020-08-21 14:59:59.999501,24.8,29.2,24.8,29.2,24.8,28.0,47,26424.0,179,28.4,391.0,0.2,155,28.0,28.6,30.0,1,13.0,3,nan,0,nan,0,nan,0,nan,0,nan,0,nan,0,nan,0,nan,0
DCE.pg2011-C-3200,2020-08-21 14:59:59.999500,426.0,nan,nan,nan,426.0,nan,0,0.0,77,426.0,835.0,109.0,77,472.0,472.0,nan,0,250.0,1,nan,0,nan,0,nan,0,nan,0,nan,0,nan,0,nan,0,nan,0
DCE.pg2011-P-3200,2020-08-21 14:59:59.999501,27.8,55.0,26.2,39.0,27.8,29.0,162,94592.0,348,36.8,398.8,0.2,325,35.8,36.6,34.8,1,22.2,1,nan,0,nan,0,nan,0,nan,0,nan,0,nan,0,nan,0,nan,0
DCE.pg2011-C-3250,2020-08-21 14:59:59.999500,386.2,nan,nan,nan,386.2,nan,0,0.0,65,386.2,794.6,68.6,65,431.6,431.6,nan,0,81.2,1,nan,0,nan,0,nan,0,nan,0,nan,0,nan,0,nan,0,nan,0
DCE.pg2011-P-3250,2020-08-21 14:59:59.999501,36.8,46.0,33.0,44.8,36.8,37.4,48,36056.0,149,46.8,408.4,0.2,133,45.4,44.0,135.6,1,30.0,1,nan,0,nan,0,nan,0,nan,0,nan,0,nan,0,nan,0,nan,0
DCE.pg2101-C-3150,2020-08-21 14:59:59.999500,677.6,nan,nan,nan,677.6,nan,0,0.0,26,677.6,1159.4,387.4,26,773.4,773.4,nan,0,nan,0,nan,0,nan,0,nan,0,nan,0,nan,0,nan,0,nan,0,nan,0
DCE.pg2101-P-3150,2020-08-21 14:59:59.999500,32.8,nan,nan,nan,32.8,nan,0,0.0,50,32.8,445.8,0.2,50,59.8,59.8,nan,0,2.8,1,nan,0,nan,0,nan,0,nan,0,nan,0,nan,0,nan,0,nan,0
DCE.pg2101-C-3200,2020-08-21 14:59:59.999500,635.2,nan,nan,nan,635.2,nan,0,0.0,31,635.2,1119.4,347.4,31,733.4,733.4,nan,0,nan,0,nan,0,nan,0,nan,0,nan,0,nan,0,nan,0,nan,0,nan,0
DCE.pg2101-P-3200,2020-08-21 14:59:59.999500,40.2,nan,nan,nan,40.2,nan,0,0.0,70,40.2,455.6,0.2,70,69.6,18.0,nan,0,15.2,3,nan,0,nan,0,nan,0,nan,0,nan,0,nan,0,nan,0,nan,0
DCE.pg2102-C-3150,2020-08-21 14:59:59.999500,668.6,nan,nan,nan,668.6,nan,0,0.0,1,668.6,1086.6,324.6,1,705.6,705.6,nan,0,nan,0,nan,0,nan,0,nan,0,nan,0,nan,0,nan,0,nan,0,nan,0
DCE.pg2102-P-3150,2020-08-21 14:59:59.999500,53.4,nan,nan,nan,53.4,nan,0,0.0,3,53.4,429.4,0.2,3,48.4,48.4,nan,0,2.2,1,nan,0,nan,0,nan,0,nan,0,nan,0,nan,0,nan,0,nan,0
DCE.pg2102-C-3200,2020-08-21 14:59:59.999500,628.6,nan,nan,nan,628.6,nan,0,0.0,1,628.6,1046.0,284.0,1,665.0,665.0,nan,0,nan,0,nan,0,nan,0,nan,0,nan,0,nan,0,nan,0,nan,0,nan,0
DCE.pg2102-P-3200,2020-08-21 14:59:59.999500,63.2,nan,nan,nan,63.2,nan,0,0.0,3,63.2,438.6,0.2,3,57.6,57.6,nan,0,0.4,1,nan,0,nan,0,nan,0,nan,0,nan,0,nan,0,nan,0,nan,0
DCE.pg2103-C-3100,2020-08-21 14:59:59.999500,540.6,nan,nan,nan,540.6,nan,0,0.0,4,540.6,914.2,202.2,4,558.2,558.2,nan,0,nan,0,nan,0,nan,0,nan,0,nan,0,nan,0,nan,0,nan,0,nan,0
DCE.pg2103-P-3100,2020-08-21 14:59:59.999500,98.0,nan,nan,nan,98.0,nan,0,0.0,1,98.0,454.6,0.2,1,98.6,98.6,nan,0,0.4,1,nan,0,nan,0,nan,0,nan,0,nan,0,nan,0,nan,0,nan,0
DCE.pg2103-C-3150,2020-08-21 14:59:59.999500,505.6,nan,nan,nan,505.6,nan,0,0.0,5,505.6,879.0,167.0,5,523.0,523.0,nan,0,nan,0,nan,0,nan,0,nan,0,nan,0,nan,0,nan,0,nan,0,nan,0
DCE.pg2103-P-3150,2020-08-21 14:59:59.999500,112.8,nan,nan,nan,112.8,nan,0,0.0,3,112.8,469.2,0.2,3,113.2,113.4,nan,0,0.4,1,nan,0,nan,0,nan,0,nan,0,nan,0,nan,0,nan,0,nan,0
DCE.pg2103-C-3200,2020-08-21 14:59:59.999500,472.0,nan,nan,nan,472.0,nan,0,0.0,3,472.0,845.2,133.2,3,489.2,489.2,nan,0,nan,0,nan,0,nan,0,nan,0,nan,0,nan,0,nan,0,nan,0,nan,0
DCE.pg2103-P-3200,2020-08-21 14:59:59.999500,128.8,nan,nan,nan,128.8,nan,0,0.0,2,128.8,485.2,0.2,2,129.2,129.2,nan,0,0.4,1,nan,0,nan,0,nan,0,nan,0,nan,0,nan,0,nan,0,nan,0
CZCE.RM008C2200,2020-07-03 14:59:59.000001,nan,nan,nan,nan,nan,nan,0,0.0,0,nan,272.0,36.0,0,154.0,154.0,nan,0,39.5,1,nan,0,nan,0,nan,0,nan,0,nan,0,nan,0,nan,0,nan,0
CZCE.RM008C2225,2020-07-03 14:59:59.000001,nan,nan,nan,nan,nan,nan,0,0.0,6,nan,247.0,11.0,6,129.0,129.0,nan,0,16.0,1,nan,0,nan,0,nan,0,nan,0,nan,0,nan,0,nan,0,nan,0
CZCE.RM008C2250,2020-07-03 14:59:59.000001,99.0,99.0,99.0,99.0,99.0,99.0,1,990.0,18,99.0,222.0,0.5,18,104.0,104.0,nan,0,16.0,1,nan,0,nan,0,nan,0,nan,0,nan,0,nan,0,nan,0,nan,0
CZCE.RM008C2275,2020-07-03 14:59:59.000001,nan,nan,nan,nan,nan,nan,0,0.0,21,nan,197.0,0.5,21,79.0,79.0,nan,0,15.5,1,nan,0,nan,0,nan,0,nan,0,nan,0,nan,0,nan,0,nan,0
CZCE.RM008C2300,2020-07-03 14:59:59.000001,55.0,55.0,52.0,52.0,55.0,54.0,11,5940.0,36,54.0,172.0,0.5,39,54.0,54.0,nan,0,11.0,1,nan,0,nan,0,nan,0,nan,0,nan,0,nan,0,nan,0,nan,0
CZCE.RM008C2325,2020-07-03 14:59:59.000001,31.0,31.0,25.0,30.5,31.0,28.5,12,3420.0,21,28.5,147.0,0.5,24,29.0,29.0,nan,0,11.0,1,nan,0,nan,0,nan,0,nan,0,nan,0,nan,0,nan,0,nan,0
CZCE.RM008C2350,2020-07-03 14:59:59.000001,8.0,12.0,5.5,12.0,8.0,7.5,16,1200.0,33,7.5,127.0,0.5,30,9.0,14.5,nan,0,1.0,1,nan,0,nan,0,nan,0,nan,0,nan,0,nan,0,nan,0,nan,0
CZCE.RM008C2375,2020-07-03 14:59:59.000001,0.5,3.5,0.5,3.5,0.5,1.5,8,120.0,23,1.5,121.0,0.5,25,3.0,6.0,0.5,5,nan,0,nan,0,nan,0,nan,0,nan,0,nan,0,nan,0,nan,0,nan,0
CZCE.RM008C2400,2020-07-03 14:59:59.000001,nan,nan,nan,nan,nan,nan,0,0.0,27,nan,119.5,0.5,27,1.5,1.5,0.5,17,nan,0,nan,0,nan,0,nan,0,nan,0,nan,0,nan,0,nan,0,nan,0
CZCE.RM008C2425,2020-07-03 14:59:59.000001,nan,nan,nan,nan,nan,nan,0,0.0,31,nan,118.5,0.5,31,0.5,0.5,2.0,20,nan,0,nan,0,nan,0,nan,0,nan,0,nan,0,nan,0,nan,0,nan,0
CZCE.RM008C2450,2020-07-03 14:59:59.000001,nan,nan,nan,nan,nan,nan,0,0.0,32,nan,118.5,0.5,32,0.5,0.5,0.5,27,nan,0,nan,0,nan,0,nan,0,nan,0,nan,0,nan,0,nan,0,nan,0
CZCE.RM008C2475,2020-07-03 14:59:59.000001,nan,nan,nan,nan,nan,nan,0,0.0,47,nan,118.5,0.5,47,0.5,0.5,0.5,23,nan,0,nan,0,nan,0,nan,0,nan,0,nan,0,nan,0,nan,0,nan,0
CZCE.RM008C2500,2020-07-03 14:59:59.000001,nan,nan,nan,nan,nan,nan,0,0.0,33,nan,118.5,0.5,33,0.5,0.5,0.5,20,nan,0,nan,0,nan,0,nan,0,nan,0,nan,0,nan,0,nan,0,nan,0
CZCE.RM008P2200,2020-07-03 14:59:59.000001,nan,nan,nan,nan,nan,nan,0,0.0,21,nan,118.5,0.5,21,0.5,0.5,0.5,21,nan,0,nan,0,nan,0,nan,0,nan,0,nan,0,nan,0,nan,0,nan,0
CZCE.RM008P2225,2020-07-03 14:59:59.000001,nan,nan,nan,nan,nan,nan,0,0.0,21,nan,118.5,0.5,21,0.5,0.5,0.5,20,nan,0,nan,0,nan,0,nan,0,nan,0,nan,0,nan,0,nan,0,nan,0
CZCE.RM008P2250,2020-07-03 14:59:59.000001,nan,nan,nan,nan,nan,nan,0,0.0,38,nan,118.5,0.5,38,0.5,0.5,2.0,20,nan,0,nan,0,nan,0,nan,0,nan,0,nan,0,nan,0,nan,0,nan,0
CZCE.RM008P2275,2020-07-03 14:59:59.000001,nan,nan,nan,nan,nan,nan,0,0.0,30,nan,118.5,0.5,30,0.5,0.5,2.0,20,nan,0,nan,0,nan,0,nan,0,nan,0,nan,0,nan,0,nan,0,nan,0
CZCE.RM008P2300,2020-07-03 14:59:59.000001,nan,nan,nan,nan,nan,nan,0,0.0,30,nan,118.5,0.5,30,0.5,0.5,0.5,20,nan,0,nan,0,nan,0,nan,0,nan,0,nan,0,nan,0,nan,0,nan,0
CZCE.RM008P2325,2020-07-03 14:59:59.000001,nan,nan,nan,nan,nan,nan,0,0.0,13,nan,118.5,0.5,13,0.5,0.5,0.5,1,nan,0,nan,0,nan,0,nan,0,nan,0,nan,0,nan,0,nan,0,nan,0
CZCE.RM008P2350,2020-07-03 14:59:59.000001,0.5,1.0,0.5,1.0,0.5,0.5,5,25.0,10,0.5,123.0,0.5,10,5.0,5.0,5.0,1,nan,0,nan,0,nan,0,nan,0,nan,0,nan,0,nan,0,nan,0,nan,0
CZCE.RM008P2375,2020-07-03 14:59:59.000001,nan,nan,nan,nan,nan,nan,0,0.0,18,nan,142.0,0.5,18,24.0,24.0,nan,0,1.0,1,nan,0,nan,0,nan,0,nan,0,nan,0,nan,0,nan,0,nan,0
CZCE.RM008P2400,2020-07-03 14:59:59.000001,nan,nan,nan,nan,nan,nan,0,0.0,6,nan,165.5,0.5,6,47.5,37.5,nan,0,11.0,1,nan,0,nan,0,nan,0,nan,0,nan,0,nan,0,nan,0,nan,0
CZCE.RM008P2425,2020-07-03 14:59:59.000001,nan,nan,nan,nan,nan,nan,0,0.0,0,nan,189.5,0.5,0,71.5,71.5,nan,0,15.5,1,nan,0,nan,0,nan,0,nan,0,nan,0,nan,0,nan,0,nan,0
CZCE.RM008P2450,2020-07-03 14:59:59.000001,nan,nan,nan,nan,nan,nan,0,0.0,3,nan,214.0,0.5,3,96.0,96.0,nan,0,17.0,1,nan,0,nan,0,nan,0,nan,0,nan,0,nan,0,nan,0,nan,0
CZCE.RM008P2475,2020-07-03 14:59:59.000001,nan,nan,nan,nan,nan,nan,0,0.0,0,nan,239.0,3.0,0,121.0,121.0,nan,0,17.0,1,nan,0,nan,0,nan,0,nan,0,nan,0,nan,0,nan,0,nan,0
CZCE.RM008P2500,2020-07-03 14:59:59.000001,nan,nan,nan,nan,nan,nan,0,0.0,0,nan,264.0,28.0,0,146.0,146.0,nan,0,31.5,1,nan,0,nan,0,nan,0,nan,0,nan,0,nan,0,nan,0,nan,0
SHFE.au2006C416,2020-05-25 14:59:59.999501,0.02,nan,nan,nan,0.02,nan,0,0.0,564,0.02,23.46,0.02,564,0.02,0.02,0.02,107,nan,0,0.38,4,nan,0,1.0,3,nan,0,1.5,9,nan,0,1.8,2,nan,0
SHFE.au2006P416,2020-05-25 14:59:59.999501,23.22,23.66,22.72,22.74,23.22,23.244,10,232440.0,0,23.88,48.44,1.54,43,25.0,23.48,nan,0,2.22,1,nan,0,2.1,2,nan,0,nan,0,nan,0,nan,0,nan,0,nan,0
DCE.m2012-C-2500,2020-08-21 14:59:59.999500,373.0,nan,nan,nan,373.0,nan,0,0.0,5,373.0,605.0,199.0,5,402.0,402.0,nan,0,nan,0,nan,0,nan,0,nan,0,nan,0,nan,0,nan,0,nan,0,nan,0
DCE.m2012-P-2500,2020-08-21 14:59:59.999500,4.0,nan,nan,nan,4.0,nan,0,0.0,130,4.0,205.5,0.5,130,2.5,2.5,nan,0,0.5,10,nan,0,nan,0,nan,0,nan,0,nan,0,nan,0,nan,0,nan,0
DCE.pg2011-C-3300,2020-08-21 14:59:59.999501,353.2,353.6,353.2,353.6,353.2,353.4,4,28272.0,88,348.4,756.0,30.0,86,393.0,417.2,nan,0,51.2,1,nan,0,nan,0,nan,0,nan,0,nan,0,nan,0,nan,0,nan,0
DCE.pg2011-P-3300,2020-08-21 14:59:59.999501,43.0,60.8,38.0,44.0,43.0,49.2,366,360280.0,908,59.0,419.6,0.2,937,56.6,52.6,55.0,5,43.0,11,nan,0,nan,0,nan,0,nan,0,nan,0,nan,0,nan,0,nan,0
DCE.pg2011-C-3350,2020-08-21 14:59:59.999501,314.0,314.0,305.0,311.4,314.0,311.0,21,130652.0,171,312.6,719.0,0.2,177,356.0,343.6,488.8,1,216.0,1,nan,0,nan,0,nan,0,nan,0,nan,0,nan,0,nan,0,nan,0
DCE.pg2011-P-3350,2020-08-21 14:59:59.999502,60.2,71.0,50.2,66.0,60.2,62.2,156,194728.0,237,73.0,432.6,0.2,176,69.6,69.2,69.6,1,30.0,2,nan,0,nan,0,nan,0,nan,0,nan,0,nan,0,nan,0,nan,0
DCE.pg2012-C-3200,2020-08-21 14:59:59.999500,522.8,nan,nan,nan,522.8,nan,0,0.0,27,522.8,986.0,232.0,27,609.0,609.0,nan,0,nan,0,nan,0,nan,0,nan,0,nan,0,nan,0,nan,0,nan,0,nan,0
DCE.pg2012-P-3200,2020-08-21 14:59:59.999501,40.0,40.0,40.0,40.0,40.0,40.0,1,800.0,103,41.0,408.4,0.2,103,31.4,31.4,405.2,1,1.4,1,nan,0,nan,0,nan,0,nan,0,nan,0,nan,0,nan,0,nan,0
DCE.pg2012-C-3250,2020-08-21 14:59:59.999500,482.6,nan,nan,nan,482.6,nan,0,0.0,32,482.6,943.8,189.8,32,566.8,566.8,nan,0,nan,0,nan,0,nan,0,nan,0,nan,0,nan,0,nan,0,nan,0,nan,0
DCE.pg2012-P-3250,2020-08-21 14:59:59.999501,45.8,45.8,42.4,42.4,45.8,43.0,13,11228.0,92,50.8,416.2,0.2,82,39.2,39.2,45.8,7,11.6,1,nan,0,nan,0,nan,0,nan,0,nan,0,nan,0,nan,0,nan,0
DCE.pg2012-C-3300,2020-08-21 14:59:59.999500,444.0,nan,nan,nan,444.0,nan,0,0.0,37,444.0,903.0,149.0,37,526.0,526.0,nan,0,nan,0,nan,0,nan,0,nan,0,nan,0,nan,0,nan,0,nan,0,nan,0
DCE.pg2012-P-3300,2020-08-21 14:59:59.999500,62.0,nan,nan,nan,62.0,nan,0,0.0,100,62.0,425.2,0.2,100,48.2,48.2,425.0,1,12.8,1,nan,0,nan,0,nan,0,nan,0,nan,0,nan,0,nan,0,nan,0
DCE.pg2012-C-3350,2020-08-21 14:59:59.999500,407.0,nan,nan,nan,407.0,nan,0,0.0,23,407.0,863.6,109.6,23,486.6,486.6,nan,0,nan,0,nan,0,nan,0,nan,0,nan,0,nan,0,nan,0,nan,0,nan,0
DCE.pg2012-P-3350,2020-08-21 14:59:59.999500,74.8,nan,nan,nan,74.8,nan,0,0.0,45,74.8,435.6,0.2,45,58.6,105.4,106.0,1,4.4,1,nan,0,nan,0,nan,0,nan,0,nan,0,nan,0,nan,0,nan,0
DCE.pg2012-C-3400,2020-08-21 14:59:59.999500,371.6,nan,nan,nan,371.6,nan,0,0.0,28,371.6,825.6,71.6,28,448.6,448.6,nan,0,nan,0,nan,0,nan,0,nan,0,nan,0,nan,0,nan,0,nan,0,nan,0
DCE.pg2012-P-3400,2020-08-21 14:59:59.999501,80.2,80.2,80.2,80.2,80.2,80.2,16,25664.0,54,89.4,447.6,0.2,38,70.6,92.0,78.0,2,4.0,1,nan,0,nan,0,nan,0,nan,0,nan,0,nan,0,nan,0,nan,0
DCE.pg2012-C-3450,2020-08-21 14:59:59.999501,312.2,331.0,312.2,331.0,312.2,324.6,3,19484.0,25,338.2,789.4,35.4,28,412.4,412.4,nan,0,nan,0,nan,0,nan,0,nan,0,nan,0,nan,0,nan,0,nan,0,nan,0
DCE.pg2012-P-3450,2020-08-21 14:59:59.999502,90.6,105.8,82.2,105.8,90.6,92.2,46,85132.0,81,105.8,461.2,0.2,53,84.2,97.4,nan,0,1.0,1,nan,0,nan,0,nan,0,nan,0,nan,0,nan,0,nan,0,nan,0
DCE.pg2012-C-3500,2020-08-21 14:59:59.999501,304.4,304.4,304.4,304.4,304.4,304.4,1,6088.0,130,306.6,754.8,0.8,130,377.8,377.8,nan,0,1.8,1,nan,0,nan,0,nan,0,nan,0,nan,0,nan,0,nan,0,nan,0
DCE.pg2012-P-3500,2020-08-21 14:59:59.999501,107.8,113.4,105.0,113.4,107.8,110.0,21,46224.0,48,124.2,476.6,0.2,31,99.6,118.6,nan,0,1.0,1,nan,0,nan,0,nan,0,nan,0,nan,0,nan,0,nan,0,nan,0
DCE.pg2101-C-3250,2020-08-21 14:59:59.999500,594.0,nan,nan,nan,594.0,nan,0,0.0,31,594.0,1080.4,308.4,31,694.4,694.4,nan,0,nan,0,nan,0,nan,0,nan,0,nan,0,nan,0,nan,0,nan,0,nan,0
DCE.pg2101-P-3250,2020-08-21 14:59:59.999500,48.8,nan,nan,nan,48.8,nan,0,0.0,47,48.8,466.6,0.2,47,80.6,80.6,nan,0,2.4,1,nan,0,nan,0,nan,0,nan,0,nan,0,nan,0,nan,0,nan,0
DCE.pg2101-C-3300,2020-08-21 14:59:59.999500,554.0,nan,nan,nan,554.0,nan,0,0.0,40,554.0,1042.4,270.4,40,656.4,656.4,nan,0,nan,0,nan,0,nan,0,nan,0,nan,0,nan,0,nan,0,nan,0,nan,0
DCE.pg2101-P-3300,2020-08-21 14:59:59.999500,58.8,nan,nan,nan,58.8,nan,0,0.0,26,58.8,478.6,0.2,26,92.6,92.6,478.2,1,30.0,1,nan,0,nan,0,nan,0,nan,0,nan,0,nan,0,nan,0,nan,0
DCE.pg2101-C-3350,2020-08-21 14:59:59.999500,515.4,nan,nan,nan,515.4,nan,0,0.0,35,515.4,1005.8,233.8,35,619.8,619.8,nan,0,nan,0,nan,0,nan,0,nan,0,nan,0,nan,0,nan,0,nan,0,nan,0
DCE.pg2101-P-3350,2020-08-21 14:59:59.999500,70.0,nan,nan,nan,70.0,nan,0,0.0,56,70.0,491.6,0.2,56,105.6,105.6,nan,0,3.6,1,nan,0,nan,0,nan,0,nan,0,nan,0,nan,0,nan,0,nan,0
DCE.pg2101-C-3400,2020-08-21 14:59:59.999500,478.4,nan,nan,nan,478.4,nan,0,0.0,26,478.4,970.4,198.4,26,584.4,584.4,nan,0,nan,0,nan,0,nan,0,nan,0,nan,0,nan,0,nan,0,nan,0,nan,0
DCE.pg2101-P-3400,2020-08-21 14:59:59.999500,82.8,nan,nan,nan,82.8,nan,0,0.0,51,82.8,506.0,0.2,51,120.0,120.0,nan,0,40.0,1,nan,0,nan,0,nan,0,nan,0,nan,0,nan,0,nan,0,nan,0
DCE.pg2101-C-3450,2020-08-21 14:59:59.999500,442.8,nan,nan,nan,442.8,nan,0,0.0,20,442.8,936.2,164.2,20,550.2,550.2,nan,0,nan,0,nan,0,nan,0,nan,0,nan,0,nan,0,nan,0,nan,0,nan,0
DCE.pg2101-P-3450,2020-08-21 14:59:59.999501,91.8,91.8,91.8,91.8,91.8,91.8,1,1836.0,23,97.0,521.6,0.2,24,135.6,135.6,518.8,1,5.6,1,nan,0,nan,0,nan,0,nan,0,nan,0,nan,0,nan,0,nan,0
DCE.pg2101-C-3500,2020-08-21 14:59:59.999500,408.8,nan,nan,nan,408.8,nan,0,0.0,81,408.8,903.2,131.2,81,517.2,517.2,nan,0,250.0,2,nan,0,nan,0,nan,0,nan,0,nan,0,nan,0,nan,0,nan,0
DCE.pg2101-P-3500,2020-08-21 14:59:59.999501,107.6,107.6,107.6,107.6,107.6,107.6,1,2152.0,68,112.8,538.6,0.2,69,152.6,152.6,534.2,1,50.0,3,nan,0,nan,0,nan,0,nan,0,nan,0,nan,0,nan,0,nan,0
DCE.pg2102-C-3250,2020-08-21 14:59:59.999500,590.0,nan,nan,nan,590.0,nan,0,0.0,0,590.0,1006.4,244.4,0,625.4,625.4,nan,0,nan,0,nan,0,nan,0,nan,0,nan,0,nan,0,nan,0,nan,0,nan,0
DCE.pg2102-P-3250,2020-08-21 14:59:59.999500,74.2,nan,nan,nan,74.2,nan,0,0.0,4,74.2,448.8,0.2,4,67.8,67.8,nan,0,0.4,1,nan,0,nan,0,nan,0,nan,0,nan,0,nan,0,nan,0,nan,0
DCE.pg2102-C-3300,2020-08-21 14:59:59.999500,552.6,nan,nan,nan,552.6,nan,0,0.0,1,552.6,968.0,206.0,1,587.0,563.4,nan,0,nan,0,nan,0,nan,0,nan,0,nan,0,nan,0,nan,0,nan,0,nan,0
DCE.pg2102-P-3300,2020-08-21 14:59:59.999500,86.6,nan,nan,nan,86.6,nan,0,0.0,3,86.6,460.4,0.2,3,79.4,79.4,nan,0,0.4,1,nan,0,nan,0,nan,0,nan,0,nan,0,nan,0,nan,0,nan,0
DCE.pg2102-C-3350,2020-08-21 14:59:59.999500,516.4,nan,nan,nan,516.4,nan,0,0.0,1,516.4,931.0,169.0,1,550.0,550.0,nan,0,nan,0,nan,0,nan,0,nan,0,nan,0,nan,0,nan,0,nan,0,nan,0
DCE.pg2102-P-3350,2020-08-21 14:59:59.999500,100.4,nan,nan,nan,100.4,nan,0,0.0,6,100.4,473.2,0.2,6,92.2,92.2,nan,0,0.4,1,nan,0,nan,0,nan,0,nan,0,nan,0,nan,0,nan,0,nan,0
DCE.pg2102-C-3400,2020-08-21 14:59:59.999500,481.8,nan,nan,nan,481.8,nan,0,0.0,1,481.8,895.4,133.4,1,514.4,514.4,nan,0,nan,0,nan,0,nan,0,nan,0,nan,0,nan,0,nan,0,nan,0,nan,0
DCE.pg2102-P-3400,2020-08-21 14:59:59.999500,115.4,nan,nan,nan,115.4,nan,0,0.0,6,115.4,487.2,0.2,6,106.2,106.2,nan,0,0.4,1,nan,0,nan,0,nan,0,nan,0,nan,0,nan,0,nan,0,nan,0
DCE.pg2103-C-3250,2020-08-21 14:59:59.999500,439.8,nan,nan,nan,439.8,nan,0,0.0,2,439.8,812.8,100.8,2,456.8,456.8,nan,0,nan,0,nan,0,nan,0,nan,0,nan,0,nan,0,nan,0,nan,0,nan,0
DCE.pg2103-P-3250,2020-08-21 14:59:59.999500,146.4,nan,nan,nan,146.4,nan,0,0.0,4,146.4,502.6,0.2,4,146.6,148.4,nan,0,0.4,1,nan,0,nan,0,nan,0,nan,0,nan,0,nan,0,nan,0,nan,0
DCE.pg2103-C-3300,2020-08-21 14:59:59.999500,409.2,nan,nan,nan,409.2,nan,0,0.0,0,409.2,782.0,70.0,0,426.0,426.0,nan,0,nan,0,nan,0,nan,0,nan,0,nan,0,nan,0,nan,0,nan,0,nan,0
DCE.pg2103-P-3300,2020-08-21 14:59:59.999500,165.6,nan,nan,nan,165.6,nan,0,0.0,2,165.6,521.4,0.2,2,165.4,165.4,nan,0,0.4,1,nan,0,nan,0,nan,0,nan,0,nan,0,nan,0,nan,0,nan,0
DCE.pg2103-C-3350,2020-08-21 14:59:59.999500,380.0,nan,nan,nan,380.0,nan,0,0.0,3,380.0,752.4,40.4,3,396.4,396.4,nan,0,nan,0,nan,0,nan,0,nan,0,nan,0,nan,0,nan,0,nan,0,nan,0
DCE.pg2103-P-3350,2020-08-21 14:59:59.999500,186.0,nan,nan,nan,186.0,nan,0,0.0,3,186.0,541.6,0.2,3,185.6,185.6,nan,0,0.4,1,nan,0,nan,0,nan,0,nan,0,nan,0,nan,0,nan,0,nan,0
DCE.pg2103-C-3400,2020-08-21 14:59:59.999500,352.2,nan,nan,nan,352.2,nan,0,0.0,2,352.2,724.4,12.4,2,368.4,339.4,nan,0,nan,0,nan,0,nan,0,nan,0,nan,0,nan,0,nan,0,nan,0,nan,0
DCE.pg2103-P-3400,2020-08-21 14:59:59.999500,208.0,nan,nan,nan,208.0,nan,0,0.0,1,208.0,563.2,0.2,1,207.2,207.2,nan,0,0.4,1,nan,0,nan,0,nan,0,nan,0,nan,0,nan,0,nan,0,nan,0
CZCE.SPD ZC005&ZC104,2020-05-11 19:30:05.000000,nan,nan,nan,nan,nan,nan,0,nan,0,nan,nan,nan,0,nan,nan,nan,0,nan,0,nan,0,nan,0,nan,0,nan,0,nan,0,nan,0,nan,0,nan,0
CZCE.ZC104,2020-08-21 15:00:00.000001,nan,nan,nan,nan,nan,nan,0,0.0,0,534.2,577.0,491.4,0,534.2,534.2,546.4,1,526.2,1,nan,0,nan,0,nan,0,nan,0,nan,0,nan,0,nan,0,nan,0
CZCE.SPD ZC006&ZC104,2020-06-04 19:27:56.000000,nan,nan,nan,nan,nan,nan,0,nan,0,nan,nan,nan,0,nan,nan,nan,0,nan,0,nan,0,nan,0,nan,0,nan,0,nan,0,nan,0,nan,0,nan,0
CZCE.SPD ZC007&ZC104,2020-07-06 19:29:31.000000,nan,nan,nan,nan,nan,nan,0,nan,0,nan,nan,nan,0,nan,nan,nan,0,nan,0,nan,0,nan,0,nan,0,nan,0,nan,0,nan,0,nan,0,nan,0
CZCE.SPD ZC008&ZC104,2020-08-06 19:29:41.000000,nan,nan,nan,nan,nan,nan,0,nan,0,nan,nan,nan,0,nan,nan,nan,0,nan,0,nan,0,nan,0,nan,0,nan,0,nan,0,nan,0,nan,0,nan,0
CZCE.SPD ZC009&ZC104,2020-08-20 19:29:30.000000,nan,nan,nan,nan,nan,nan,0,nan,0,nan,nan,nan,0,nan,nan,nan,0,nan,0,nan,0,nan,0,nan,0,nan,0,nan,0,nan,0,nan,0,nan,0
CZCE.SPD ZC010&ZC104,2020-08-20 19:29:30.000000,nan,nan,nan,nan,nan,nan,0,nan,0,nan,nan,nan,0,nan,nan,nan,0,nan,0,nan,0,nan,0,nan,0,nan,0,nan,0,nan,0,nan,0,nan,0
CZCE.SPD ZC011&ZC104,2020-08-20 19:29:30.000000,nan,nan,nan,nan,nan,nan,0,nan,0,nan,nan,nan,0,nan,nan,nan,0,nan,0,nan,0,nan,0,nan,0,nan,0,nan,0,nan,0,nan,0,nan,0
CZCE.SPD ZC012&ZC104,2020-08-20 19:29:30.000000,nan,nan,nan,nan,nan,nan,0,nan,0,nan,nan,nan,0,nan,nan,nan,0,nan,0,nan,0,nan,0,nan,0,nan,0,nan,0,nan,0,nan,0,nan,0
CZCE.SPD ZC101&ZC104,2020-08-20 19:29:30.000000,nan,nan,nan,nan,nan,nan,0,nan,0,nan,nan,nan,0,nan,nan,nan,0,nan,0,nan,0,nan,0,nan,0,nan,0,nan,0,nan,0,nan,0,nan,0
CZCE.SPD ZC102&ZC104,2020-08-20 19:29:30.000000,nan,nan,nan,nan,nan,nan,0,nan,0,nan,nan,nan,0,nan,nan,nan,0,nan,0,nan,0,nan,0,nan,0,nan,0,nan,0,nan,0,nan,0,nan,0
CZCE.SPD ZC103&ZC104,2020-08-21 09:59:29.000000,nan,nan,nan,nan,nan,nan,0,nan,0,nan,nan,nan,0,nan,nan,nan,0,-10.0,1,nan,0,nan,0,nan,0,nan,0,nan,0,nan,0,nan,0,nan,0
CZCE.RM008C2550,2020-07-03 14:59:59.000001,nan,nan,nan,nan,nan,nan,0,0.0,64,nan,118.5,0.5,64,0.5,0.5,0.5,23,nan,0,nan,0,nan,0,nan,0,nan,0,nan,0,nan,0,nan,0,nan,0
CZCE.RM008P2550,2020-07-03 14:59:59.000001,nan,nan,nan,nan,nan,nan,0,0.0,0,nan,314.0,78.0,0,196.0,196.0,nan,0,nan,0,nan,0,nan,0,nan,0,nan,0,nan,0,nan,0,nan,0,nan,0
CZCE.RM008C2600,2020-07-03 14:59:59.000001,nan,nan,nan,nan,nan,nan,0,0.0,71,nan,118.5,0.5,71,0.5,0.5,0.5,31,nan,0,nan,0,nan,0,nan,0,nan,0,nan,0,nan,0,nan,0,nan,0
CZCE.RM008P2600,2020-07-03 14:59:59.000001,nan,nan,nan,nan,nan,nan,0,0.0,0,nan,364.0,128.0,0,246.0,246.0,nan,0,nan,0,nan,0,nan,0,nan,0,nan,0,nan,0,nan,0,nan,0,nan,0
CZCE.MA103C1800,2020-08-21 14:59:59.000001,nan,nan,nan,nan,nan,nan,0,0.0,3,nan,335.5,97.5,3,216.5,216.5,nan,0,nan,0,nan,0,nan,0,nan,0,nan,0,nan,0,nan,0,nan,0,nan,0
CZCE.MA103C1825,2020-08-21 14:59:59.000001,nan,nan,nan,nan,nan,nan,0,0.0,6,nan,319.0,81.0,6,200.0,200.0,nan,0,nan,0,nan,0,nan,0,nan,0,nan,0,nan,0,nan,0,nan,0,nan,0
CZCE.MA103C1850,2020-08-21 14:59:59.000001,nan,nan,nan,nan,nan,nan,0,0.0,3,nan,303.0,65.0,3,184.0,184.0,nan,0,nan,0,nan,0,nan,0,nan,0,nan,0,nan,0,nan,0,nan,0,nan,0
CZCE.MA103C1875,2020-08-21 14:59:59.000001,nan,nan,nan,nan,nan,nan,0,0.0,9,nan,289.0,51.0,9,170.0,170.0,nan,0,nan,0,nan,0,nan,0,nan,0,nan,0,nan,0,nan,0,nan,0,nan,0
CZCE.MA103C1900,2020-08-21 14:59:59.000001,147.5,147.5,147.5,147.5,147.5,147.5,3,4425.0,15,147.5,275.5,37.5,12,156.5,147.5,nan,0,nan,0,nan,0,nan,0,nan,0,nan,0,nan,0,nan,0,nan,0,nan,0
CZCE.MA103C1925,2020-08-21 14:59:59.000001,135.0,135.0,135.0,135.0,135.0,135.0,3,4050.0,15,135.0,263.0,25.0,12,144.0,135.0,nan,0,nan,0,nan,0,nan,0,nan,0,nan,0,nan,0,nan,0,nan,0,nan,0
CZCE.MA103C1950,2020-08-21 14:59:59.000001,123.0,123.0,123.0,123.0,123.0,123.0,3,3690.0,21,123.0,251.5,13.5,18,132.5,122.5,nan,0,nan,0,nan,0,nan,0,nan,0,nan,0,nan,0,nan,0,nan,0,nan,0
CZCE.MA103C1975,2020-08-21 14:59:59.000001,112.0,112.0,112.0,112.0,112.0,112.0,3,3360.0,9,112.0,240.5,2.5,9,121.5,121.5,nan,0,nan,0,nan,0,nan,0,nan,0,nan,0,nan,0,nan,0,nan,0,nan,0
CZCE.MA103C2000,2020-08-21 14:59:59.000001,100.5,100.5,100.5,100.5,100.5,100.5,3,3015.0,9,100.5,231.5,0.5,6,112.5,100.5,nan,0,1.5,1,nan,0,nan,0,nan,0,nan,0,nan,0,nan,0,nan,0,nan,0
CZCE.MA103C2025,2020-08-21 14:59:59.000001,90.5,90.5,90.5,90.5,90.5,90.5,3,2715.0,3,90.5,222.5,0.5,0,103.5,103.5,nan,0,1.5,1,nan,0,nan,0,nan,0,nan,0,nan,0,nan,0,nan,0,nan,0
CZCE.MA103C2050,2020-08-21 14:59:59.000001,82.0,82.0,82.0,82.0,82.0,82.0,3,2460.0,6,82.0,215.0,0.5,3,96.0,96.0,nan,0,1.5,1,nan,0,nan,0,nan,0,nan,0,nan,0,nan,0,nan,0,nan,0
CZCE.MA103C2075,2020-08-21 14:59:59.000001,nan,nan,nan,nan,nan,nan,0,0.0,9,nan,208.0,0.5,9,89.0,89.0,nan,0,11.5,1,nan,0,nan,0,nan,0,nan,0,nan,0,nan,0,nan,0,nan,0
CZCE.MA103C2100,2020-08-21 14:59:59.000001,66.5,66.5,66.5,66.5,66.5,66.5,3,1995.0,15,66.5,201.5,0.5,12,82.5,82.5,nan,0,1.5,1,nan,0,nan,0,nan,0,nan,0,nan,0,nan,0,nan,0,nan,0
CZCE.MA103P1800,2020-08-21 14:59:59.000001,43.5,43.5,43.5,43.5,43.5,43.5,3,1305.0,15,43.5,166.5,0.5,12,47.5,46.5,nan,0,1.5,1,nan,0,nan,0,nan,0,nan,0,nan,0,nan,0,nan,0,nan,0
CZCE.MA103P1825,2020-08-21 14:59:59.000001,51.0,51.0,51.0,51.0,51.0,51.0,3,1530.0,3,51.0,175.0,0.5,0,56.0,56.0,nan,0,1.5,1,nan,0,nan,0,nan,0,nan,0,nan,0,nan,0,nan,0,nan,0
CZCE.MA103P1850,2020-08-21 14:59:59.000001,nan,nan,nan,nan,nan,nan,0,0.0,9,nan,183.5,0.5,9,64.5,64.5,nan,0,1.5,1,nan,0,nan,0,nan,0,nan,0,nan,0,nan,0,nan,0,nan,0
CZCE.MA103P1875,2020-08-21 14:59:59.000001,nan,nan,nan,nan,nan,nan,0,0.0,3,nan,194.0,0.5,3,75.0,75.0,nan,0,1.5,1,nan,0,nan,0,nan,0,nan,0,nan,0,nan,0,nan,0,nan,0
CZCE.MA103P1900,2020-08-21 14:59:59.000001,nan,nan,nan,nan,nan,nan,0,0.0,9,nan,205.0,0.5,9,86.0,86.0,nan,0,1.5,1,nan,0,nan,0,nan,0,nan,0,nan,0,nan,0,nan,0,nan,0
CZCE.MA103P1925,2020-08-21 14:59:59.000001,nan,nan,nan,nan,nan,nan,0,0.0,3,nan,217.5,0.5,3,98.5,98.5,nan,0,1.5,1,nan,0,nan,0,nan,0,nan,0,nan,0,nan,0,nan,0,nan,0
CZCE.MA103P1950,2020-08-21 14:59:59.000001,nan,nan,nan,nan,nan,nan,0,0.0,6,nan,231.0,0.5,6,112.0,112.0,nan,0,1.0,1,nan,0,nan,0,nan,0,nan,0,nan,0,nan,0,nan,0,nan,0
CZCE.MA103P1975,2020-08-21 14:59:59.000001,nan,nan,nan,nan,nan,nan,0,0.0,3,nan,244.5,6.5,3,125.5,125.5,nan,0,nan,0,nan,0,nan,0,nan,0,nan,0,nan,0,nan,0,nan,0,nan,0
CZCE.MA103P2000,2020-08-21 14:59:59.000001,nan,nan,nan,nan,nan,nan,0,0.0,3,nan,260.0,22.0,3,141.0,141.0,nan,0,nan,0,nan,0,nan,0,nan,0,nan,0,nan,0,nan,0,nan,0,nan,0
CZCE.MA103P2025,2020-08-21 14:59:59.000001,nan,nan,nan,nan,nan,nan,0,0.0,0,nan,276.0,38.0,0,157.0,157.0,nan,0,nan,0,nan,0,nan,0,nan,0,nan,0,nan,0,nan,0,nan,0,nan,0
CZCE.MA103P2050,2020-08-21 14:59:59.000001,nan,nan,nan,nan,nan,nan,0,0.0,3,nan,293.0,55.0,3,174.0,174.0,nan,0,nan,0,nan,0,nan,0,nan,0,nan,0,nan,0,nan,0,nan,0,nan,0
CZCE.MA103P2075,2020-08-21 14:59:59.000001,nan,nan,nan,nan,nan,nan,0,0.0,0,nan,311.0,73.0,0,192.0,192.0,nan,0,nan,0,nan,0,nan,0,nan,0,nan,0,nan,0,nan,0,nan,0,nan,0
CZCE.MA103P2100,2020-08-21 14:59:59.000001,nan,nan,nan,nan,nan,nan,0,0.0,0,nan,329.0,91.0,0,210.0,210.0,nan,0,nan,0,nan,0,nan,0,nan,0,nan,0,nan,0,nan,0,nan,0,nan,0
DCE.pg2011-C-3400,2020-08-21 14:59:59.999501,278.6,300.0,255.0,260.0,278.6,276.0,36,198744.0,124,278.8,684.2,0.2,118,321.2,280.0,293.0,2,258.0,2,nan,0,nan,0,nan,0,nan,0,nan,0,nan,0,nan,0,nan,0
DCE.pg2011-P-3400,2020-08-21 14:59:59.999501,68.6,88.2,61.0,84.2,68.6,75.4,169,255440.0,847,89.2,447.6,0.2,748,84.6,83.6,69.8,20,61.0,3,nan,0,nan,0,nan,0,nan,0,nan,0,nan,0,nan,0,nan,0
DCE.pg2011-C-3450,2020-08-21 14:59:59.999501,246.2,264.8,236.0,240.6,246.2,253.2,30,152024.0,128,247.4,651.4,0.2,116,288.4,243.0,nan,0,191.4,1,nan,0,nan,0,nan,0,nan,0,nan,0,nan,0,nan,0,nan,0
DCE.pg2011-P-3450,2020-08-21 14:59:59.999501,90.0,111.2,76.6,109.4,90.0,88.6,96,170124.0,349,107.8,464.8,0.2,308,101.8,100.0,155.0,5,50.0,2,nan,0,nan,0,nan,0,nan,0,nan,0,nan,0,nan,0,nan,0
DCE.pg2011-C-3500,2020-08-21 14:59:59.999501,214.2,233.4,201.4,201.4,214.2,212.0,86,364844.0,623,218.4,620.6,0.2,571,257.6,213.0,356.8,1,166.4,1,nan,0,nan,0,nan,0,nan,0,nan,0,nan,0,nan,0,nan,0
DCE.pg2011-P-3500,2020-08-21 14:59:59.999501,107.2,131.2,94.4,129.0,107.2,111.0,358,794952.0,978,128.6,484.0,0.2,979,121.0,123.0,122.8,1,95.0,1,nan,0,nan,0,nan,0,nan,0,nan,0,nan,0,nan,0,nan,0
DCE.pg2101-C-3550,2020-08-21 14:59:59.999500,376.4,nan,nan,nan,376.4,nan,0,0.0,47,376.4,871.6,99.6,47,485.6,485.6,nan,0,nan,0,nan,0,nan,0,nan,0,nan,0,nan,0,nan,0,nan,0,nan,0
DCE.pg2101-P-3550,2020-08-21 14:59:59.999501,122.6,125.2,122.6,125.2,122.6,123.8,2,4956.0,58,130.4,556.8,0.2,57,170.8,170.8,548.4,1,11.6,1,nan,0,nan,0,nan,0,nan,0,nan,0,nan,0,nan,0,nan,0
DCE.pg2102-C-3450,2020-08-21 14:59:59.999500,448.6,nan,nan,nan,448.6,nan,0,0.0,1,448.6,861.0,99.0,1,480.0,480.0,nan,0,nan,0,nan,0,nan,0,nan,0,nan,0,nan,0,nan,0,nan,0,nan,0
DCE.pg2102-P-3450,2020-08-21 14:59:59.999500,132.0,nan,nan,nan,132.0,nan,0,0.0,3,132.0,502.8,0.2,3,121.8,121.8,nan,0,0.4,1,nan,0,nan,0,nan,0,nan,0,nan,0,nan,0,nan,0,nan,0
DCE.pg2102-C-3500,2020-08-21 14:59:59.999500,416.8,nan,nan,nan,416.8,nan,0,0.0,1,416.8,828.2,66.2,1,447.2,447.2,nan,0,nan,0,nan,0,nan,0,nan,0,nan,0,nan,0,nan,0,nan,0,nan,0
DCE.pg2102-P-3500,2020-08-21 14:59:59.999500,150.0,nan,nan,nan,150.0,nan,0,0.0,2,150.0,519.8,0.2,2,138.8,138.8,nan,0,0.4,1,nan,0,nan,0,nan,0,nan,0,nan,0,nan,0,nan,0,nan,0
DCE.pg2103-C-3450,2020-08-21 14:59:59.999500,325.8,nan,nan,nan,325.8,nan,0,0.0,1,325.8,697.6,0.2,1,341.6,341.6,nan,0,0.4,1,nan,0,nan,0,nan,0,nan,0,nan,0,nan,0,nan,0,nan,0
DCE.pg2103-P-3450,2020-08-21 14:59:59.999500,231.4,nan,nan,nan,231.4,nan,0,0.0,0,231.4,586.2,0.2,0,230.2,230.2,nan,0,0.4,1,nan,0,nan,0,nan,0,nan,0,nan,0,nan,0,nan,0,nan,0
DCE.pg2103-C-3500,2020-08-21 14:59:59.999500,301.0,nan,nan,nan,301.0,nan,0,0.0,2,301.0,672.4,0.2,2,316.4,316.4,nan,0,0.4,1,nan,0,nan,0,nan,0,nan,0,nan,0,nan,0,nan,0,nan,0
DCE.pg2103-P-3500,2020-08-21 14:59:59.999500,256.2,nan,nan,nan,256.2,nan,0,0.0,1,256.2,610.8,0.2,1,254.8,254.8,nan,0,0.4,1,nan,0,nan,0,nan,0,nan,0,nan,0,nan,0,nan,0,nan,0
DCE.c2009-C-2220,2020-08-07 14:59:59.999502,21.0,50.5,20.0,49.0,21.0,34.5,712,247205.0,0,34.0,211.0,0.5,1703,74.0,61.5,21.0,1,10.5,1,nan,0,nan,0,nan,0,nan,0,nan,0,nan,0,nan,0,nan,0
DCE.c2009-P-2220,2020-08-07 14:59:59.999502,0.5,0.5,0.5,0.5,0.5,0.5,177,885.0,0,0.5,137.5,0.5,3450,0.5,0.5,0.5,1204,nan,0,nan,0,nan,0,nan,0,nan,0,nan,0,nan,0,nan,0,nan,0
DCE.m2008-C-2450,2020-07-07 14:59:59.999500,455.0,nan,nan,nan,455.0,nan,0,0.0,0,455.0,651.0,247.0,0,449.0,449.0,nan,0,nan,0,nan,0,nan,0,nan,0,nan,0,nan,0,nan,0,nan,0,nan,0
DCE.m2008-P-2450,2020-07-07 14:59:59.999501,0.5,nan,nan,nan,0.5,nan,0,0.0,0,0.5,202.5,0.5,71,0.5,0.5,1.0,1,nan,0,nan,0,nan,0,nan,0,nan,0,nan,0,nan,0,nan,0,nan,0
CZCE.MA103C1725,2020-08-21 14:59:59.000001,nan,nan,nan,nan,nan,nan,0,0.0,0,nan,391.5,153.5,0,272.5,272.5,nan,0,nan,0,nan,0,nan,0,nan,0,nan,0,nan,0,nan,0,nan,0,nan,0
CZCE.MA103C1750,2020-08-21 14:59:59.000001,nan,nan,nan,nan,nan,nan,0,0.0,0,nan,371.5,133.5,0,252.5,252.5,nan,0,nan,0,nan,0,nan,0,nan,0,nan,0,nan,0,nan,0,nan,0,nan,0
CZCE.MA103C1775,2020-08-21 14:59:59.000001,nan,nan,nan,nan,nan,nan,0,0.0,3,nan,353.5,115.5,3,234.5,234.5,nan,0,nan,0,nan,0,nan,0,nan,0,nan,0,nan,0,nan,0,nan,0,nan,0
CZCE.MA103P1725,2020-08-21 14:59:59.000001,25.0,28.0,25.0,28.0,25.0,26.5,6,1590.0,33,26.5,148.0,0.5,30,29.0,28.0,25.5,3,1.5,1,nan,0,nan,0,nan,0,nan,0,nan,0,nan,0,nan,0,nan,0
CZCE.MA103P1750,2020-08-21 14:59:59.000001,30.0,34.0,30.0,34.0,30.0,32.0,6,1920.0,33,32.0,153.0,0.5,27,34.0,34.0,nan,0,1.5,1,nan,0,nan,0,nan,0,nan,0,nan,0,nan,0,nan,0,nan,0
CZCE.MA103P1775,2020-08-21 14:59:59.000001,37.0,37.0,37.0,37.0,37.0,37.0,3,1110.0,33,37.0,159.5,0.5,30,40.5,40.0,nan,0,1.5,1,nan,0,nan,0,nan,0,nan,0,nan,0,nan,0,nan,0,nan,0
CZCE.SR011C4700,2020-08-21 14:59:59.000001,315.0,324.5,315.0,324.5,315.0,318.5,4,12740.0,56,318.5,635.5,33.5,52,334.5,341.0,633.0,1,139.5,1,nan,0,nan,0,nan,0,nan,0,nan,0,nan,0,nan,0,nan,0
CZCE.SR011P4700,2020-08-21 14:59:59.000001,34.0,36.5,32.0,32.0,34.0,34.0,35,11900.0,790,34.0,334.0,0.5,799,33.0,32.0,35.0,1,2.0,1,nan,0,nan,0,nan,0,nan,0,nan,0,nan,0,nan,0,nan,0
CFFEX.IO2006-C-4250,2020-06-19 14:59:59.999502,0.2,0.2,0.2,0.2,0.2,0.2,14,280.0,0,nan,404.6,0.2,613,0.2,0.2,0.2,14,nan,0,nan,0,nan,0,nan,0,nan,0,nan,0,nan,0,nan,0,nan,0
CFFEX.IO2006-P-4250,2020-06-19 14:59:59.999502,191.0,191.0,191.0,191.0,191.0,191.0,1,19100.0,0,155.4,617.0,0.2,79,212.6,210.4,158.2,2,152.8,1,nan,0,nan,0,nan,0,nan,0,nan,0,nan,0,nan,0,nan,0
CFFEX.IO2103-C-4300,2020-08-21 15:00:00.000001,510.6,510.6,510.6,510.6,510.6,510.6,1,51060.0,134,500.8,952.6,17.0,134,484.8,484.8,508.4,1,493.4,1,nan,0,nan,0,nan,0,nan,0,nan,0,nan,0,nan,0,nan,0
CFFEX.IO2103-P-4300,2020-08-21 15:00:00.000001,196.8,208.8,193.2,205.2,196.8,199.5,19,379080.0,104,193.4,678.0,0.2,96,210.2,212.8,197.0,5,190.0,1,nan,0,nan,0,nan,0,nan,0,nan,0,nan,0,nan,0,nan,0
INE.nr2104,2020-08-21 14:59:59.999500,nan,nan,nan,nan,nan,nan,0,0.0,0,nan,10960.0,8615.0,0,9790.0,9790.0,10950.0,1,8625.0,1,nan,0,nan,0,nan,0,nan,0,nan,0,nan,0,nan,0,nan,0
SHFE.ag2104,2020-08-21 14:59:59.999500,6149.0,6200.0,6137.0,6139.0,6149.0,6158.571429,7,646650.0,531,6158.0,6815.0,5576.0,534,6196.0,6155.0,6150.0,1,6050.0,2,6224.0,2,6049.0,1,6325.0,2,6039.0,1,6366.0,2,6037.0,1,6449.0,2,5900.0,10
SHFE.al2104,2020-08-21 14:59:59.999500,14030.0,14090.0,13970.0,13970.0,14030.0,14004.430605,281,19676225.0,4797,14000.0,15095.0,12860.0,4873,13980.0,13935.0,14095.0,1,14000.0,2,14100.0,30,13910.0,3,14150.0,1,13900.0,55,14170.0,9,13880.0,5,14230.0,2,13870.0,50
SHFE.au2007,2020-07-15 14:59:59.999500,400.12,nan,nan,nan,400.12,nan,0,0.0,0,400.12,424.12,376.1,0,400.12,400.12,nan,0,nan,0,nan,0,nan,0,nan,0,nan,0,nan,0,nan,0,nan,0,nan,0
SHFE.au2007C308,2020-06-22 14:59:59.999501,87.26,nan,nan,nan,87.26,nan,0,0.0,0,87.26,106.98,60.0,0,83.5,83.5,nan,0,nan,0,nan,0,nan,0,nan,0,nan,0,nan,0,nan,0,nan,0,nan,0
SHFE.au2007C312,2020-06-22 14:59:59.999501,83.26,nan,nan,nan,83.26,nan,0,0.0,0,83.26,102.98,56.0,0,79.5,79.5,nan,0,nan,0,nan,0,nan,0,nan,0,nan,0,nan,0,nan,0,nan,0,nan,0
SHFE.au2007C316,2020-06-22 14:59:59.999501,79.26,nan,nan,nan,79.26,nan,0,0.0,0,79.26,98.98,52.0,0,75.5,75.5,nan,0,nan,0,nan,0,nan,0,nan,0,nan,0,nan,0,nan,0,nan,0,nan,0
SHFE.au2007C320,2020-06-22 14:59:59.999501,75.26,nan,nan,nan,75.26,nan,0,0.0,0,75.26,94.98,48.0,0,71.5,71.5,nan,0,nan,0,nan,0,nan,0,nan,0,nan,0,nan,0,nan,0,nan,0,nan,0
SHFE.au2007C324,2020-06-22 14:59:59.999501,71.26,nan,nan,nan,71.26,nan,0,0.0,0,71.26,90.98,44.0,0,67.5,67.5,nan,0,nan,0,nan,0,nan,0,nan,0,nan,0,nan,0,nan,0,nan,0,nan,0
SHFE.au2007C328,2020-06-22 14:59:59.999501,67.26,nan,nan,nan,67.26,nan,0,0.0,0,67.26,86.98,40.0,0,63.5,63.5,nan,0,nan,0,nan,0,nan,0,nan,0,nan,0,nan,0,nan,0,nan,0,nan,0
SHFE.au2007C332,2020-06-22 14:59:59.999501,63.26,nan,nan,nan,63.26,nan,0,0.0,0,63.26,82.98,36.0,0,59.5,59.5,nan,0,nan,0,nan,0,nan,0,nan,0,nan,0,nan,0,nan,0,nan,0,nan,0
SHFE.au2007C336,2020-06-22 14:59:59.999501,59.26,nan,nan,nan,59.26,nan,0,0.0,0,59.26,78.98,32.0,0,55.5,55.5,nan,0,nan,0,nan,0,nan,0,nan,0,nan,0,nan,0,nan,0,nan,0,nan,0
SHFE.au2007C340,2020-06-22 14:59:59.999501,55.26,nan,nan,nan,55.26,nan,0,0.0,0,55.26,74.98,28.0,0,51.5,51.5,nan,0,nan,0,nan,0,nan,0,nan,0,nan,0,nan,0,nan,0,nan,0,nan,0
SHFE.au2007C344,2020-06-22 14:59:59.999501,51.26,nan,nan,nan,51.26,nan,0,0.0,0,51.26,70.98,24.0,0,47.5,47.5,nan,0,nan,0,nan,0,nan,0,nan,0,nan,0,nan,0,nan,0,nan,0,nan,0
SHFE.au2007C348,2020-06-22 14:59:59.999501,47.26,nan,nan,nan,47.26,nan,0,0.0,0,47.26,66.98,20.0,0,43.5,43.5,nan,0,nan,0,nan,0,nan,0,nan,0,nan,0,nan,0,nan,0,nan,0,nan,0
SHFE.au2007C352,2020-06-22 14:59:59.999501,43.26,nan,nan,nan,43.26,nan,0,0.0,0,43.26,62.98,16.0,0,39.5,39.5,nan,0,nan,0,nan,0,nan,0,nan,0,nan,0,nan,0,nan,0,nan,0,nan,0
SHFE.au2007C356,2020-06-22 14:59:59.999501,39.26,nan,nan,nan,39.26,nan,0,0.0,0,39.26,59.0,12.02,0,35.52,35.52,nan,0,nan,0,nan,0,nan,0,nan,0,nan,0,nan,0,nan,0,nan,0,nan,0
SHFE.au2007C360,2020-06-22 14:59:59.999501,35.26,nan,nan,nan,35.26,nan,0,0.0,0,35.26,55.0,8.02,0,31.52,31.52,nan,0,nan,0,nan,0,nan,0,nan,0,nan,0,nan,0,nan,0,nan,0,nan,0
SHFE.au2007C364,2020-06-22 14:59:59.999501,31.26,nan,nan,nan,31.26,nan,0,0.0,0,31.26,51.04,4.06,0,27.56,27.56,nan,0,4.1,1,nan,0,nan,0,nan,0,nan,0,nan,0,nan,0,nan,0,nan,0
SHFE.au2007C368,2020-06-22 14:59:59.999501,27.26,nan,nan,nan,27.26,nan,0,0.0,0,27.26,47.12,0.14,0,23.64,23.64,nan,0,2.18,1,nan,0,nan,0,nan,0,nan,0,nan,0,nan,0,nan,0,nan,0
SHFE.au2007C372,2020-06-22 14:59:59.999501,23.26,nan,nan,nan,23.26,nan,0,0.0,0,23.26,43.3,0.02,0,19.82,19.82,nan,0,nan,0,nan,0,nan,0,nan,0,nan,0,nan,0,nan,0,nan,0,nan,0
SHFE.au2007C376,2020-06-22 14:59:59.999501,19.26,nan,nan,nan,19.26,nan,0,0.0,0,19.26,39.64,0.02,0,16.16,16.16,nan,0,nan,0,nan,0,nan,0,nan,0,nan,0,nan,0,nan,0,nan,0,nan,0
SHFE.au2007C380,2020-06-22 14:59:59.999501,15.26,nan,nan,nan,15.26,nan,0,0.0,0,15.26,36.22,0.02,0,12.74,12.74,nan,0,nan,0,nan,0,nan,0,nan,0,nan,0,nan,0,nan,0,nan,0,nan,0
SHFE.au2007C384,2020-06-22 14:59:59.999501,11.26,nan,nan,nan,11.26,nan,0,0.0,0,11.26,33.16,0.02,0,9.68,9.68,nan,0,nan,0,nan,0,nan,0,nan,0,nan,0,nan,0,nan,0,nan,0,nan,0
SHFE.au2007C388,2020-06-22 14:59:59.999501,7.26,nan,nan,nan,7.26,nan,0,0.0,0,7.26,30.5,0.02,0,7.02,7.02,nan,0,nan,0,nan,0,nan,0,nan,0,nan,0,nan,0,nan,0,nan,0,nan,0
SHFE.au2007C392,2020-06-22 14:59:59.999501,3.26,nan,nan,nan,3.26,nan,0,0.0,0,3.26,28.34,0.02,0,4.86,4.86,9.9,1,0.04,1,nan,0,nan,0,nan,0,nan,0,nan,0,nan,0,nan,0,nan,0
SHFE.au2007C396,2020-06-22 14:59:59.999501,0.02,nan,nan,nan,0.02,nan,0,0.0,0,0.02,26.68,0.02,0,3.2,3.2,nan,0,0.04,10,nan,0,nan,0,nan,0,nan,0,nan,0,nan,0,nan,0,nan,0
SHFE.au2007C400,2020-06-22 14:59:59.999501,0.02,nan,nan,nan,0.02,nan,0,0.0,0,0.02,25.46,0.02,0,1.98,1.98,2.98,1,nan,0,3.0,1,nan,0,nan,0,nan,0,nan,0,nan,0,nan,0,nan,0
SHFE.au2007C408,2020-06-22 14:59:59.999501,0.02,nan,nan,nan,0.02,nan,0,0.0,2,0.02,24.12,0.02,2,0.64,0.64,2.0,1,nan,0,nan,0,nan,0,nan,0,nan,0,nan,0,nan,0,nan,0,nan,0
SHFE.au2007C416,2020-06-22 14:59:59.999501,0.02,nan,nan,nan,0.02,nan,0,0.0,4,0.02,23.64,0.02,4,0.16,0.16,1.0,1,nan,0,nan,0,nan,0,nan,0,nan,0,nan,0,nan,0,nan,0,nan,0
SHFE.au2007C424,2020-06-22 14:59:59.999501,0.02,nan,nan,nan,0.02,nan,0,0.0,0,0.02,23.5,0.02,0,0.02,0.02,1.0,1,nan,0,nan,0,nan,0,nan,0,nan,0,nan,0,nan,0,nan,0,nan,0
SHFE.au2007C432,2020-06-22 14:59:59.999501,0.02,nan,nan,nan,0.02,nan,0,0.0,0,0.02,23.5,0.02,0,0.02,0.02,1.0,1,nan,0,nan,0,nan,0,nan,0,nan,0,nan,0,nan,0,nan,0,nan,0
SHFE.au2007C440,2020-06-22 14:59:59.999501,0.02,nan,nan,nan,0.02,nan,0,0.0,0,0.02,23.5,0.02,0,0.02,0.02,1.0,1,nan,0,nan,0,nan,0,nan,0,nan,0,nan,0,nan,0,nan,0,nan,0
SHFE.au2007C448,2020-06-22 14:59:59.999501,0.02,nan,nan,nan,0.02,nan,0,0.0,3,0.02,23.5,0.02,3,0.02,0.02,1.0,1,nan,0,nan,0,nan,0,nan,0,nan,0,nan,0,nan,0,nan,0,nan,0
SHFE.au2007P308,2020-06-22 14:59:59.999501,0.02,nan,nan,nan,0.02,nan,0,0.0,9,0.02,23.5,0.02,9,0.02,0.02,nan,0,nan,0,nan,0,nan,0,nan,0,nan,0,nan,0,nan,0,nan,0,nan,0
SHFE.au2007P312,2020-06-22 14:59:59.999501,0.02,nan,nan,nan,0.02,nan,0,0.0,2,0.02,23.5,0.02,2,0.02,0.02,nan,0,nan,0,nan,0,nan,0,nan,0,nan,0,nan,0,nan,0,nan,0,nan,0
SHFE.au2007P316,2020-06-22 14:59:59.999501,0.02,nan,nan,nan,0.02,nan,0,0.0,0,0.02,23.5,0.02,0,0.02,0.02,nan,0,nan,0,nan,0,nan,0,nan,0,nan,0,nan,0,nan,0,nan,0,nan,0
SHFE.au2007P320,2020-06-22 14:59:59.999501,0.02,nan,nan,nan,0.02,nan,0,0.0,0,0.02,23.5,0.02,0,0.02,0.02,nan,0,nan,0,nan,0,nan,0,nan,0,nan,0,nan,0,nan,0,nan,0,nan,0
SHFE.au2007P324,2020-06-22 14:59:59.999501,0.02,nan,nan,nan,0.02,nan,0,0.0,0,0.02,23.5,0.02,0,0.02,0.02,nan,0,nan,0,nan,0,nan,0,nan,0,nan,0,nan,0,nan,0,nan,0,nan,0
SHFE.au2007P328,2020-06-22 14:59:59.999501,0.02,nan,nan,nan,0.02,nan,0,0.0,0,0.02,23.5,0.02,0,0.02,0.02,nan,0,nan,0,nan,0,nan,0,nan,0,nan,0,nan,0,nan,0,nan,0,nan,0
SHFE.au2007P332,2020-06-22 14:59:59.999501,0.02,nan,nan,nan,0.02,nan,0,0.0,0,0.02,23.5,0.02,0,0.02,0.02,nan,0,nan,0,nan,0,nan,0,nan,0,nan,0,nan,0,nan,0,nan,0,nan,0
SHFE.au2007P336,2020-06-22 14:59:59.999501,0.02,nan,nan,nan,0.02,nan,0,0.0,0,0.02,23.5,0.02,0,0.02,0.02,nan,0,nan,0,nan,0,nan,0,nan,0,nan,0,nan,0,nan,0,nan,0,nan,0
SHFE.au2007P340,2020-06-22 14:59:59.999501,0.02,nan,nan,nan,0.02,nan,0,0.0,0,0.02,23.5,0.02,0,0.02,0.02,nan,0,nan,0,nan,0,nan,0,nan,0,nan,0,nan,0,nan,0,nan,0,nan,0
SHFE.au2007P344,2020-06-22 14:59:59.999501,0.02,nan,nan,nan,0.02,nan,0,0.0,0,0.02,23.5,0.02,0,0.02,0.02,nan,0,nan,0,nan,0,nan,0,nan,0,nan,0,nan,0,nan,0,nan,0,nan,0
SHFE.au2007P348,2020-06-22 14:59:59.999501,0.02,nan,nan,nan,0.02,nan,0,0.0,0,0.02,23.5,0.02,0,0.02,0.02,nan,0,nan,0,nan,0,nan,0,nan,0,nan,0,nan,0,nan,0,nan,0,nan,0
SHFE.au2007P352,2020-06-22 14:59:59.999501,0.02,nan,nan,nan,0.02,nan,0,0.0,1,0.02,23.5,0.02,1,0.02,0.02,nan,0,nan,0,nan,0,nan,0,nan,0,nan,0,nan,0,nan,0,nan,0,nan,0
SHFE.au2007P356,2020-06-22 14:59:59.999501,0.02,nan,nan,nan,0.02,nan,0,0.0,1,0.02,23.5,0.02,1,0.02,0.02,nan,0,nan,0,nan,0,nan,0,nan,0,nan,0,nan,0,nan,0,nan,0,nan,0
SHFE.au2007P360,2020-06-22 14:59:59.999501,0.02,nan,nan,nan,0.02,nan,0,0.0,0,0.02,23.5,0.02,0,0.02,0.02,nan,0,nan,0,nan,0,nan,0,nan,0,nan,0,nan,0,nan,0,nan,0,nan,0
SHFE.au2007P364,2020-06-22 14:59:59.999501,0.02,nan,nan,nan,0.02,nan,0,0.0,1,0.02,23.52,0.02,1,0.04,0.04,nan,0,nan,0,nan,0,nan,0,nan,0,nan,0,nan,0,nan,0,nan,0,nan,0
SHFE.au2007P368,2020-06-22 14:59:59.999501,0.02,nan,nan,nan,0.02,nan,0,0.0,3,0.02,23.6,0.02,3,0.12,0.12,0.98,1,nan,0,1.0,1,nan,0,nan,0,nan,0,nan,0,nan,0,nan,0,nan,0
SHFE.au2007P372,2020-06-22 14:59:59.999501,0.02,nan,nan,nan,0.02,nan,0,0.0,1,0.02,23.78,0.02,1,0.3,0.3,1.0,1,nan,0,nan,0,nan,0,nan,0,nan,0,nan,0,nan,0,nan,0,nan,0
SHFE.au2007P376,2020-06-22 14:59:59.999501,0.02,nan,nan,nan,0.02,nan,0,0.0,2,0.02,24.12,0.02,2,0.64,0.64,2.0,1,nan,0,nan,0,nan,0,nan,0,nan,0,nan,0,nan,0,nan,0,nan,0
SHFE.au2007P380,2020-06-22 14:59:59.999501,0.02,nan,nan,nan,0.02,nan,0,0.0,0,0.02,24.7,0.02,0,1.22,1.22,3.0,1,nan,0,nan,0,nan,0,nan,0,nan,0,nan,0,nan,0,nan,0,nan,0
SHFE.au2007P384,2020-06-22 14:59:59.999501,0.02,nan,nan,nan,0.02,nan,0,0.0,0,0.02,25.64,0.02,0,2.16,2.16,nan,0,nan,0,nan,0,nan,0,nan,0,nan,0,nan,0,nan,0,nan,0,nan,0
SHFE.au2007P388,2020-06-22 14:59:59.999501,0.02,nan,nan,nan,0.02,nan,0,0.0,0,0.02,26.98,0.02,0,3.5,3.5,nan,0,nan,0,nan,0,nan,0,nan,0,nan,0,nan,0,nan,0,nan,0,nan,0
SHFE.au2007P392,2020-06-22 14:59:59.999501,0.02,nan,nan,nan,0.02,nan,0,0.0,0,0.02,28.82,0.02,0,5.34,5.34,nan,0,nan,0,nan,0,nan,0,nan,0,nan,0,nan,0,nan,0,nan,0,nan,0
SHFE.au2007P396,2020-06-22 14:59:59.999501,0.74,nan,nan,nan,0.74,nan,0,0.0,0,0.74,31.16,0.02,0,7.68,7.68,nan,0,nan,0,nan,0,nan,0,nan,0,nan,0,nan,0,nan,0,nan,0,nan,0
SHFE.au2007P400,2020-06-22 14:59:59.999501,4.74,nan,nan,nan,4.74,nan,0,0.0,0,4.74,33.94,0.02,0,10.46,10.46,nan,0,nan,0,nan,0,nan,0,nan,0,nan,0,nan,0,nan,0,nan,0,nan,0
SHFE.au2007P408,2020-06-22 14:59:59.999501,12.74,nan,nan,nan,12.74,nan,0,0.0,0,12.74,40.6,0.02,0,17.12,17.12,nan,0,nan,0,nan,0,nan,0,nan,0,nan,0,nan,0,nan,0,nan,0,nan,0
SHFE.au2007P416,2020-06-22 14:59:59.999501,20.74,nan,nan,nan,20.74,nan,0,0.0,0,20.74,48.12,1.14,0,24.64,24.64,nan,0,nan,0,nan,0,nan,0,nan,0,nan,0,nan,0,nan,0,nan,0,nan,0
SHFE.au2007P424,2020-06-22 14:59:59.999501,28.74,nan,nan,nan,28.74,nan,0,0.0,0,28.74,55.98,9.0,0,32.5,32.5,nan,0,nan,0,nan,0,nan,0,nan,0,nan,0,nan,0,nan,0,nan,0,nan,0
SHFE.au2007P432,2020-06-22 14:59:59.999501,36.74,nan,nan,nan,36.74,nan,0,0.0,0,36.74,63.94,16.96,0,40.46,40.46,nan,0,nan,0,nan,0,nan,0,nan,0,nan,0,nan,0,nan,0,nan,0,nan,0
SHFE.au2007P440,2020-06-22 14:59:59.999501,44.74,nan,nan,nan,44.74,nan,0,0.0,0,44.74,71.94,24.96,0,48.46,48.46,nan,0,nan,0,nan,0,nan,0,nan,0,nan,0,nan,0,nan,0,nan,0,nan,0
SHFE.au2007P448,2020-06-22 14:59:59.999501,52.74,nan,nan,nan,52.74,nan,0,0.0,0,52.74,79.94,32.96,0,56.46,56.46,nan,0,nan,0,nan,0,nan,0,nan,0,nan,0,nan,0,nan,0,nan,0,nan,0
SHFE.bu2010,2020-08-21 14:59:59.999500,2614.0,2676.0,2606.0,2612.0,2614.0,2641.876289,97,2562620.0,161,2640.0,2814.0,2396.0,156,2606.0,2630.0,2662.0,1,2622.0,1,2672.0,12,2614.0,2,2696.0,3,2588.0,3,2704.0,1,2578.0,2,2706.0,1,2562.0,1
SHFE.cu2104,2020-08-21 14:59:59.999500,51850.0,52250.0,51850.0,52250.0,51850.0,52171.397849,93,24259700.0,1542,52170.0,56640.0,48250.0,1534,52450.0,52030.0,52180.0,1,51560.0,1,52280.0,1,51180.0,150,52370.0,1,51070.0,1,52500.0,1,51040.0,1,52520.0,1,50390.0,2
SHFE.cu2104C35000,2020-08-21 14:59:59.999500,nan,nan,nan,nan,nan,nan,0,0.0,0,nan,21515.0,13123.0,0,17319.0,17319.0,nan,0,nan,0,nan,0,nan,0,nan,0,nan,0,nan,0,nan,0,nan,0,nan,0
SHFE.cu2104C35500,2020-08-21 14:59:59.999500,nan,nan,nan,nan,nan,nan,0,0.0,0,nan,21026.0,12634.0,0,16830.0,16830.0,nan,0,nan,0,nan,0,nan,0,nan,0,nan,0,nan,0,nan,0,nan,0,nan,0
SHFE.cu2104C36000,2020-08-21 14:59:59.999500,nan,nan,nan,nan,nan,nan,0,0.0,0,nan,20539.0,12147.0,0,16343.0,16343.0,nan,0,nan,0,nan,0,nan,0,nan,0,nan,0,nan,0,nan,0,nan,0,nan,0
SHFE.cu2104C36500,2020-08-21 14:59:59.999500,nan,nan,nan,nan,nan,nan,0,0.0,0,nan,20054.0,11662.0,0,15858.0,15858.0,nan,0,nan,0,nan,0,nan,0,nan,0,nan,0,nan,0,nan,0,nan,0,nan,0
SHFE.cu2104C37000,2020-08-21 14:59:59.999500,nan,nan,nan,nan,nan,nan,0,0.0,0,nan,19570.0,11178.0,0,15374.0,15374.0,nan,0,nan,0,nan,0,nan,0,nan,0,nan,0,nan,0,nan,0,nan,0,nan,0
SHFE.cu2104C37500,2020-08-21 14:59:59.999500,nan,nan,nan,nan,nan,nan,0,0.0,0,nan,19090.0,10698.0,0,14894.0,14894.0,nan,0,nan,0,nan,0,nan,0,nan,0,nan,0,nan,0,nan,0,nan,0,nan,0
SHFE.cu2104C38000,2020-08-21 14:59:59.999500,nan,nan,nan,nan,nan,nan,0,0.0,0,nan,18612.0,10220.0,0,14416.0,14416.0,nan,0,nan,0,nan,0,nan,0,nan,0,nan,0,nan,0,nan,0,nan,0,nan,0
SHFE.cu2104C38500,2020-08-21 14:59:59.999500,nan,nan,nan,nan,nan,nan,0,0.0,0,nan,18137.0,9745.0,0,13941.0,13941.0,nan,0,nan,0,nan,0,nan,0,nan,0,nan,0,nan,0,nan,0,nan,0,nan,0
SHFE.cu2104C39000,2020-08-21 14:59:59.999500,nan,nan,nan,nan,nan,nan,0,0.0,0,nan,17666.0,9274.0,0,13470.0,13470.0,nan,0,nan,0,nan,0,nan,0,nan,0,nan,0,nan,0,nan,0,nan,0,nan,0
SHFE.cu2104C39500,2020-08-21 14:59:59.999500,nan,nan,nan,nan,nan,nan,0,0.0,0,nan,17198.0,8806.0,0,13002.0,13002.0,nan,0,nan,0,nan,0,nan,0,nan,0,nan,0,nan,0,nan,0,nan,0,nan,0
SHFE.cu2104C40000,2020-08-21 14:59:59.999500,nan,nan,nan,nan,nan,nan,0,0.0,1,nan,16735.0,8343.0,1,12539.0,12539.0,nan,0,nan,0,nan,0,nan,0,nan,0,nan,0,nan,0,nan,0,nan,0,nan,0
SHFE.cu2104C41000,2020-08-21 14:59:59.999500,nan,nan,nan,nan,nan,nan,0,0.0,0,nan,15824.0,7432.0,0,11628.0,11628.0,nan,0,nan,0,nan,0,nan,0,nan,0,nan,0,nan,0,nan,0,nan,0,nan,0
SHFE.cu2104C42000,2020-08-21 14:59:59.999500,nan,nan,nan,nan,nan,nan,0,0.0,1,nan,14936.0,6544.0,1,10740.0,10740.0,nan,0,nan,0,nan,0,nan,0,nan,0,nan,0,nan,0,nan,0,nan,0,nan,0
SHFE.cu2104C43000,2020-08-21 14:59:59.999500,nan,nan,nan,nan,nan,nan,0,0.0,1,nan,14074.0,5682.0,1,9878.0,9878.0,nan,0,nan,0,nan,0,nan,0,nan,0,nan,0,nan,0,nan,0,nan,0,nan,0
SHFE.cu2104C44000,2020-08-21 14:59:59.999500,nan,nan,nan,nan,nan,nan,0,0.0,0,nan,13243.0,4851.0,0,9047.0,9047.0,nan,0,nan,0,nan,0,nan,0,nan,0,nan,0,nan,0,nan,0,nan,0,nan,0
SHFE.cu2104C45000,2020-08-21 14:59:59.999500,nan,nan,nan,nan,nan,nan,0,0.0,2,nan,12445.0,4053.0,2,8249.0,8249.0,nan,0,nan,0,nan,0,nan,0,nan,0,nan,0,nan,0,nan,0,nan,0,nan,0
SHFE.cu2104C46000,2020-08-21 14:59:59.999500,nan,nan,nan,nan,nan,nan,0,0.0,0,nan,11684.0,3292.0,0,7488.0,7488.0,nan,0,nan,0,nan,0,nan,0,nan,0,nan,0,nan,0,nan,0,nan,0,nan,0
SHFE.cu2104C47000,2020-08-21 14:59:59.999500,nan,nan,nan,nan,nan,nan,0,0.0,3,nan,10963.0,2571.0,3,6767.0,6767.0,nan,0,nan,0,nan,0,nan,0,nan,0,nan,0,nan,0,nan,0,nan,0,nan,0
SHFE.cu2104C48000,2020-08-21 14:59:59.999500,nan,nan,nan,nan,nan,nan,0,0.0,4,nan,10283.0,1891.0,4,6087.0,6087.0,nan,0,nan,0,nan,0,nan,0,nan,0,nan,0,nan,0,nan,0,nan,0,nan,0
SHFE.cu2104C49000,2020-08-21 14:59:59.999500,nan,nan,nan,nan,nan,nan,0,0.0,5,nan,9647.0,1255.0,5,5451.0,5451.0,nan,0,nan,0,nan,0,nan,0,nan,0,nan,0,nan,0,nan,0,nan,0,nan,0
SHFE.cu2104P35000,2020-08-21 14:59:59.999500,nan,nan,nan,nan,nan,nan,0,0.0,83,nan,4220.0,1.0,83,24.0,68.0,88.0,5,30.0,5,133.0,1,10.0,20,3333.0,40,2.0,20,3336.0,1,1.0,3,nan,0,nan,0
SHFE.cu2104P35500,2020-08-21 14:59:59.999501,60.0,68.0,60.0,68.0,60.0,64.0,2,640.0,11,23.0,4227.0,1.0,9,31.0,60.0,67.0,1,30.0,2,3364.0,1,10.0,10,3365.0,1,2.0,10,nan,0,1.0,3,nan,0,nan,0
SHFE.cu2104P36000,2020-08-21 14:59:59.999500,nan,nan,nan,nan,nan,nan,0,0.0,11,nan,4236.0,1.0,11,40.0,40.0,nan,0,30.0,2,nan,0,10.0,10,nan,0,2.0,10,nan,0,1.0,3,nan,0,nan,0
SHFE.cu2104P36500,2020-08-21 14:59:59.999500,nan,nan,nan,nan,nan,nan,0,0.0,9,nan,4246.0,1.0,9,50.0,64.0,nan,0,30.0,2,nan,0,10.0,10,nan,0,2.0,5,nan,0,1.0,3,nan,0,nan,0
SHFE.cu2104P37000,2020-08-21 14:59:59.999500,nan,nan,nan,nan,nan,nan,0,0.0,11,nan,4258.0,1.0,11,62.0,62.0,nan,0,30.0,2,nan,0,10.0,10,nan,0,2.0,5,nan,0,1.0,3,nan,0,nan,0
SHFE.cu2104P37500,2020-08-21 14:59:59.999500,nan,nan,nan,nan,nan,nan,0,0.0,17,nan,4273.0,1.0,17,77.0,77.0,nan,0,2.0,5,nan,0,1.0,3,nan,0,nan,0,nan,0,nan,0,nan,0,nan,0
SHFE.cu2104P38000,2020-08-21 14:59:59.999500,nan,nan,nan,nan,nan,nan,0,0.0,23,nan,4291.0,1.0,23,95.0,95.0,nan,0,2.0,5,nan,0,1.0,3,nan,0,nan,0,nan,0,nan,0,nan,0,nan,0
SHFE.cu2104P38500,2020-08-21 14:59:59.999500,nan,nan,nan,nan,nan,nan,0,0.0,16,nan,4311.0,1.0,16,115.0,99.0,nan,0,2.0,5,nan,0,1.0,3,nan,0,nan,0,nan,0,nan,0,nan,0,nan,0
SHFE.cu2104P39000,2020-08-21 14:59:59.999500,nan,nan,nan,nan,nan,nan,0,0.0,20,nan,4335.0,1.0,20,139.0,111.0,nan,0,2.0,5,nan,0,1.0,3,nan,0,nan,0,nan,0,nan,0,nan,0,nan,0
SHFE.cu2104P39500,2020-08-21 14:59:59.999500,nan,nan,nan,nan,nan,nan,0,0.0,23,nan,4364.0,1.0,23,168.0,125.0,nan,0,2.0,5,nan,0,1.0,3,nan,0,nan,0,nan,0,nan,0,nan,0,nan,0
SHFE.cu2104P40000,2020-08-21 14:59:59.999500,nan,nan,nan,nan,nan,nan,0,0.0,16,nan,4396.0,1.0,16,200.0,200.0,nan,0,30.0,1,nan,0,2.0,5,nan,0,1.0,3,nan,0,nan,0,nan,0,nan,0
SHFE.cu2104P41000,2020-08-21 14:59:59.999500,nan,nan,nan,nan,nan,nan,0,0.0,14,nan,4476.0,1.0,14,280.0,180.0,nan,0,40.0,1,nan,0,2.0,5,nan,0,1.0,3,nan,0,nan,0,nan,0,nan,0
SHFE.cu2104P42000,2020-08-21 14:59:59.999500,nan,nan,nan,nan,nan,nan,0,0.0,7,nan,4579.0,1.0,7,383.0,233.0,nan,0,60.0,1,nan,0,2.0,5,nan,0,1.0,3,nan,0,nan,0,nan,0,nan,0
SHFE.cu2104P43000,2020-08-21 14:59:59.999500,nan,nan,nan,nan,nan,nan,0,0.0,10,nan,4708.0,1.0,10,512.0,314.0,nan,0,66.0,1,nan,0,2.0,5,nan,0,1.0,3,nan,0,nan,0,nan,0,nan,0
SHFE.cu2104P44000,2020-08-21 14:59:59.999500,nan,nan,nan,nan,nan,nan,0,0.0,5,nan,4868.0,1.0,5,672.0,672.0,nan,0,3.0,1,nan,0,2.0,5,nan,0,1.0,3,nan,0,nan,0,nan,0,nan,0
SHFE.cu2104P45000,2020-08-21 14:59:59.999500,nan,nan,nan,nan,nan,nan,0,0.0,7,nan,5062.0,1.0,7,866.0,866.0,nan,0,4.0,1,nan,0,3.0,20,nan,0,2.0,5,nan,0,1.0,3,nan,0,nan,0
SHFE.cu2104P46000,2020-08-21 14:59:59.999501,690.0,690.0,690.0,690.0,690.0,690.0,1,3450.0,8,1030.0,5292.0,1.0,8,1096.0,1096.0,nan,0,3.0,1,nan,0,2.0,5,nan,0,1.0,3,nan,0,nan,0,nan,0,nan,0
SHFE.cu2104P47000,2020-08-21 14:59:59.999500,nan,nan,nan,nan,nan,nan,0,0.0,6,nan,5562.0,1.0,6,1366.0,1366.0,nan,0,3.0,1,nan,0,2.0,5,nan,0,1.0,3,nan,0,nan,0,nan,0,nan,0
SHFE.cu2104P48000,2020-08-21 14:59:59.999500,nan,nan,nan,nan,nan,nan,0,0.0,5,nan,5873.0,1.0,5,1677.0,1677.0,nan,0,3.0,1,nan,0,2.0,5,nan,0,1.0,3,nan,0,nan,0,nan,0,nan,0
SHFE.cu2104P49000,2020-08-21 14:59:59.999500,nan,nan,nan,nan,nan,nan,0,0.0,3,nan,6228.0,1.0,3,2032.0,2032.0,nan,0,3.0,1,nan,0,2.0,5,nan,0,1.0,3,nan,0,nan,0,nan,0,nan,0
SHFE.hc2104,2020-08-21 15:00:00.000001,3771.0,3787.0,3755.0,3774.0,3771.0,3770.297902,8486,319947480.0,38348,3770.0,4001.0,3548.0,39301,3775.0,3774.0,3782.0,72,3754.0,2,3783.0,1,3753.0,5,3787.0,2,3750.0,2,3789.0,5,3745.0,5,3794.0,1,3744.0,1
SHFE.ni2104,2020-08-21 14:59:59.999500,116290.0,117220.0,116200.0,117220.0,116290.0,116605.0,4,466420.0,118,116600.0,125480.0,106890.0,117,116190.0,116960.0,116070.0,1,115560.0,1,117630.0,1,113320.0,1,118180.0,1,113310.0,1,122490.0,2,109060.0,2,122500.0,3,108890.0,2
SHFE.pb2104,2020-08-21 14:59:59.999500,15880.0,15880.0,15880.0,15880.0,15880.0,15880.0,1,79400.0,29,15880.0,17385.0,14810.0,28,16100.0,16100.0,16070.0,1,15795.0,1,16080.0,1,15515.0,1,16155.0,1,15510.0,1,16160.0,1,15505.0,1,16180.0,1,15450.0,1
SHFE.rb2104,2020-08-21 14:59:59.999500,3680.0,3705.0,3672.0,3678.0,3680.0,3685.347713,13816,509167640.0,62405,3685.0,3918.0,3475.0,62992,3697.0,3677.0,3687.0,5,3670.0,1,3699.0,5,3666.0,5,3701.0,1,3655.0,5,3709.0,5,3654.0,1,3723.0,1,3640.0,14
SHFE.ru2104,2020-08-21 14:59:59.999500,12555.0,12575.0,12445.0,12485.0,12555.0,12511.977953,4808,601575900.0,7545,12510.0,13255.0,11750.0,7534,12505.0,12455.0,12610.0,11,12450.0,1,12615.0,7,12445.0,10,12635.0,1,12430.0,10,12650.0,10,12410.0,10,12700.0,1,12285.0,1
SHFE.ru2104C10000,2020-08-21 14:59:59.999500,nan,nan,nan,nan,nan,nan,0,0.0,0,nan,3349.0,1848.0,0,2599.0,2599.0,nan,0,nan,0,nan,0,nan,0,nan,0,nan,0,nan,0,nan,0,nan,0,nan,0
SHFE.ru2104C10250,2020-08-21 14:59:59.999500,nan,nan,nan,nan,nan,nan,0,0.0,0,nan,3135.0,1634.0,0,2385.0,2385.0,nan,0,nan,0,nan,0,nan,0,nan,0,nan,0,nan,0,nan,0,nan,0,nan,0
SHFE.ru2104C10500,2020-08-21 14:59:59.999500,nan,nan,nan,nan,nan,nan,0,0.0,0,nan,2930.0,1429.0,0,2180.0,2180.0,nan,0,nan,0,nan,0,nan,0,nan,0,nan,0,nan,0,nan,0,nan,0,nan,0
SHFE.ru2104C10750,2020-08-21 14:59:59.999500,nan,nan,nan,nan,nan,nan,0,0.0,0,nan,2733.0,1232.0,0,1983.0,1983.0,nan,0,nan,0,nan,0,nan,0,nan,0,nan,0,nan,0,nan,0,nan,0,nan,0
SHFE.ru2104C11000,2020-08-21 14:59:59.999500,nan,nan,nan,nan,nan,nan,0,0.0,0,nan,2546.0,1045.0,0,1796.0,1796.0,nan,0,nan,0,nan,0,nan,0,nan,0,nan,0,nan,0,nan,0,nan,0,nan,0
SHFE.ru2104C11250,2020-08-21 14:59:59.999500,nan,nan,nan,nan,nan,nan,0,0.0,0,nan,2370.0,869.0,0,1620.0,1620.0,nan,0,nan,0,nan,0,nan,0,nan,0,nan,0,nan,0,nan,0,nan,0,nan,0
SHFE.ru2104C11500,2020-08-21 14:59:59.999500,nan,nan,nan,nan,nan,nan,0,0.0,0,nan,2205.0,704.0,0,1455.0,1455.0,nan,0,nan,0,nan,0,nan,0,nan,0,nan,0,nan,0,nan,0,nan,0,nan,0
SHFE.ru2104C11750,2020-08-21 14:59:59.999500,nan,nan,nan,nan,nan,nan,0,0.0,0,nan,2051.0,550.0,0,1301.0,1301.0,nan,0,nan,0,nan,0,nan,0,nan,0,nan,0,nan,0,nan,0,nan,0,nan,0
SHFE.ru2104C12000,2020-08-21 14:59:59.999500,nan,nan,nan,nan,nan,nan,0,0.0,0,nan,1908.0,407.0,0,1158.0,1158.0,nan,0,nan,0,nan,0,nan,0,nan,0,nan,0,nan,0,nan,0,nan,0,nan,0
SHFE.ru2104C12250,2020-08-21 14:59:59.999500,nan,nan,nan,nan,nan,nan,0,0.0,0,nan,1776.0,275.0,0,1026.0,1026.0,nan,0,nan,0,nan,0,nan,0,nan,0,nan,0,nan,0,nan,0,nan,0,nan,0
SHFE.ru2104C12500,2020-08-21 14:59:59.999500,nan,nan,nan,nan,nan,nan,0,0.0,0,nan,1654.0,153.0,0,904.0,904.0,nan,0,nan,0,nan,0,nan,0,nan,0,nan,0,nan,0,nan,0,nan,0,nan,0
SHFE.ru2104C12750,2020-08-21 14:59:59.999500,nan,nan,nan,nan,nan,nan,0,0.0,0,nan,1545.0,44.0,0,795.0,795.0,nan,0,nan,0,nan,0,nan,0,nan,0,nan,0,nan,0,nan,0,nan,0,nan,0
SHFE.ru2104C13000,2020-08-21 14:59:59.999500,nan,nan,nan,nan,nan,nan,0,0.0,0,nan,1446.0,1.0,0,696.0,696.0,nan,0,1.0,1,nan,0,nan,0,nan,0,nan,0,nan,0,nan,0,nan,0,nan,0
SHFE.ru2104C13250,2020-08-21 14:59:59.999500,nan,nan,nan,nan,nan,nan,0,0.0,0,nan,1356.0,1.0,0,606.0,606.0,nan,0,1.0,1,nan,0,nan,0,nan,0,nan,0,nan,0,nan,0,nan,0,nan,0
SHFE.ru2104C13500,2020-08-21 14:59:59.999500,nan,nan,nan,nan,nan,nan,0,0.0,0,nan,1274.0,1.0,0,524.0,524.0,nan,0,1.0,1,nan,0,nan,0,nan,0,nan,0,nan,0,nan,0,nan,0,nan,0
SHFE.ru2104C13750,2020-08-21 14:59:59.999500,nan,nan,nan,nan,nan,nan,0,0.0,0,nan,1205.0,1.0,0,455.0,455.0,nan,0,1.0,1,nan,0,nan,0,nan,0,nan,0,nan,0,nan,0,nan,0,nan,0
SHFE.ru2104C14000,2020-08-21 14:59:59.999500,nan,nan,nan,nan,nan,nan,0,0.0,0,nan,1141.0,1.0,0,391.0,391.0,nan,0,1.0,1,nan,0,nan,0,nan,0,nan,0,nan,0,nan,0,nan,0,nan,0
SHFE.ru2104C14250,2020-08-21 14:59:59.999500,nan,nan,nan,nan,nan,nan,0,0.0,0,nan,1084.0,1.0,0,334.0,334.0,nan,0,1.0,1,nan,0,nan,0,nan,0,nan,0,nan,0,nan,0,nan,0,nan,0
SHFE.ru2104C14500,2020-08-21 14:59:59.999500,nan,nan,nan,nan,nan,nan,0,0.0,0,nan,1037.0,1.0,0,287.0,287.0,nan,0,1.0,1,nan,0,nan,0,nan,0,nan,0,nan,0,nan,0,nan,0,nan,0
SHFE.ru2104C14750,2020-08-21 14:59:59.999500,nan,nan,nan,nan,nan,nan,0,0.0,0,nan,994.0,1.0,0,244.0,244.0,nan,0,1.0,1,nan,0,nan,0,nan,0,nan,0,nan,0,nan,0,nan,0,nan,0
SHFE.ru2104C8400,2020-08-21 14:59:59.999500,nan,nan,nan,nan,nan,nan,0,0.0,0,nan,4855.0,3354.0,0,4105.0,4105.0,nan,0,nan,0,nan,0,nan,0,nan,0,nan,0,nan,0,nan,0,nan,0,nan,0
SHFE.ru2104C8500,2020-08-21 14:59:59.999500,nan,nan,nan,nan,nan,nan,0,0.0,0,nan,4756.0,3255.0,0,4006.0,4006.0,nan,0,nan,0,nan,0,nan,0,nan,0,nan,0,nan,0,nan,0,nan,0,nan,0
SHFE.ru2104C8600,2020-08-21 14:59:59.999500,nan,nan,nan,nan,nan,nan,0,0.0,0,nan,4658.0,3157.0,0,3908.0,3908.0,nan,0,nan,0,nan,0,nan,0,nan,0,nan,0,nan,0,nan,0,nan,0,nan,0
SHFE.ru2104C8700,2020-08-21 14:59:59.999500,nan,nan,nan,nan,nan,nan,0,0.0,0,nan,4560.0,3059.0,0,3810.0,3810.0,nan,0,nan,0,nan,0,nan,0,nan,0,nan,0,nan,0,nan,0,nan,0,nan,0
SHFE.ru2104C8800,2020-08-21 14:59:59.999500,nan,nan,nan,nan,nan,nan,0,0.0,0,nan,4462.0,2961.0,0,3712.0,3712.0,nan,0,nan,0,nan,0,nan,0,nan,0,nan,0,nan,0,nan,0,nan,0,nan,0
SHFE.ru2104C8900,2020-08-21 14:59:59.999500,nan,nan,nan,nan,nan,nan,0,0.0,0,nan,4365.0,2864.0,0,3615.0,3615.0,nan,0,nan,0,nan,0,nan,0,nan,0,nan,0,nan,0,nan,0,nan,0,nan,0
SHFE.ru2104C9000,2020-08-21 14:59:59.999500,nan,nan,nan,nan,nan,nan,0,0.0,0,nan,4269.0,2768.0,0,3519.0,3519.0,nan,0,nan,0,nan,0,nan,0,nan,0,nan,0,nan,0,nan,0,nan,0,nan,0
SHFE.ru2104C9100,2020-08-21 14:59:59.999500,nan,nan,nan,nan,nan,nan,0,0.0,0,nan,4173.0,2672.0,0,3423.0,3423.0,nan,0,nan,0,nan,0,nan,0,nan,0,nan,0,nan,0,nan,0,nan,0,nan,0
SHFE.ru2104C9200,2020-08-21 14:59:59.999500,nan,nan,nan,nan,nan,nan,0,0.0,0,nan,4078.0,2577.0,0,3328.0,3328.0,nan,0,nan,0,nan,0,nan,0,nan,0,nan,0,nan,0,nan,0,nan,0,nan,0
SHFE.ru2104C9300,2020-08-21 14:59:59.999500,nan,nan,nan,nan,nan,nan,0,0.0,0,nan,3984.0,2483.0,0,3234.0,3234.0,nan,0,nan,0,nan,0,nan,0,nan,0,nan,0,nan,0,nan,0,nan,0,nan,0
SHFE.ru2104C9400,2020-08-21 14:59:59.999500,nan,nan,nan,nan,nan,nan,0,0.0,0,nan,3890.0,2389.0,0,3140.0,3140.0,nan,0,nan,0,nan,0,nan,0,nan,0,nan,0,nan,0,nan,0,nan,0,nan,0
SHFE.ru2104C9500,2020-08-21 14:59:59.999500,nan,nan,nan,nan,nan,nan,0,0.0,0,nan,3798.0,2297.0,0,3048.0,3048.0,nan,0,nan,0,nan,0,nan,0,nan,0,nan,0,nan,0,nan,0,nan,0,nan,0
SHFE.ru2104C9600,2020-08-21 14:59:59.999500,nan,nan,nan,nan,nan,nan,0,0.0,0,nan,3706.0,2205.0,0,2956.0,2956.0,nan,0,nan,0,nan,0,nan,0,nan,0,nan,0,nan,0,nan,0,nan,0,nan,0
SHFE.ru2104C9700,2020-08-21 14:59:59.999500,nan,nan,nan,nan,nan,nan,0,0.0,0,nan,3615.0,2114.0,0,2865.0,2865.0,nan,0,nan,0,nan,0,nan,0,nan,0,nan,0,nan,0,nan,0,nan,0,nan,0
SHFE.ru2104C9800,2020-08-21 14:59:59.999500,nan,nan,nan,nan,nan,nan,0,0.0,0,nan,3525.0,2024.0,0,2775.0,2775.0,nan,0,nan,0,nan,0,nan,0,nan,0,nan,0,nan,0,nan,0,nan,0,nan,0
SHFE.ru2104C9900,2020-08-21 14:59:59.999500,nan,nan,nan,nan,nan,nan,0,0.0,0,nan,3436.0,1935.0,0,2686.0,2686.0,nan,0,nan,0,nan,0,nan,0,nan,0,nan,0,nan,0,nan,0,nan,0,nan,0
SHFE.ru2104P10000,2020-08-21 14:59:59.999500,nan,nan,nan,nan,nan,nan,0,0.0,0,nan,857.0,1.0,0,107.0,107.0,nan,0,1.0,1,nan,0,nan,0,nan,0,nan,0,nan,0,nan,0,nan,0,nan,0
SHFE.ru2104P10250,2020-08-21 14:59:59.999500,nan,nan,nan,nan,nan,nan,0,0.0,1,nan,893.0,1.0,1,143.0,149.0,nan,0,1.0,1,nan,0,nan,0,nan,0,nan,0,nan,0,nan,0,nan,0,nan,0
SHFE.ru2104P10500,2020-08-21 14:59:59.999501,211.0,211.0,211.0,211.0,211.0,211.0,1,2110.0,5,209.0,937.0,1.0,5,187.0,187.0,nan,0,1.0,1,nan,0,nan,0,nan,0,nan,0,nan,0,nan,0,nan,0,nan,0
SHFE.ru2104P10750,2020-08-21 14:59:59.999501,265.0,265.0,265.0,265.0,265.0,265.0,1,2650.0,5,265.0,989.0,1.0,5,239.0,237.0,nan,0,1.0,1,nan,0,nan,0,nan,0,nan,0,nan,0,nan,0,nan,0,nan,0
SHFE.ru2104P11000,2020-08-21 14:59:59.999501,328.0,328.0,328.0,328.0,328.0,328.0,1,3280.0,4,329.0,1050.0,1.0,4,300.0,303.0,nan,0,1.0,1,nan,0,nan,0,nan,0,nan,0,nan,0,nan,0,nan,0,nan,0
SHFE.ru2104P11250,2020-08-21 14:59:59.999500,nan,nan,nan,nan,nan,nan,0,0.0,3,nan,1123.0,1.0,3,373.0,353.0,nan,0,1.0,1,nan,0,nan,0,nan,0,nan,0,nan,0,nan,0,nan,0,nan,0
SHFE.ru2104P11500,2020-08-21 14:59:59.999500,nan,nan,nan,nan,nan,nan,0,0.0,0,nan,1207.0,1.0,0,457.0,457.0,nan,0,1.0,1,nan,0,nan,0,nan,0,nan,0,nan,0,nan,0,nan,0,nan,0
SHFE.ru2104P11750,2020-08-21 14:59:59.999500,nan,nan,nan,nan,nan,nan,0,0.0,0,nan,1301.0,1.0,0,551.0,551.0,nan,0,1.0,1,nan,0,nan,0,nan,0,nan,0,nan,0,nan,0,nan,0,nan,0
SHFE.ru2104P12000,2020-08-21 14:59:59.999500,nan,nan,nan,nan,nan,nan,0,0.0,0,nan,1407.0,1.0,0,657.0,657.0,nan,0,1.0,1,nan,0,nan,0,nan,0,nan,0,nan,0,nan,0,nan,0,nan,0
SHFE.ru2104P12250,2020-08-21 14:59:59.999500,nan,nan,nan,nan,nan,nan,0,0.0,0,nan,1522.0,21.0,0,772.0,772.0,nan,0,nan,0,nan,0,nan,0,nan,0,nan,0,nan,0,nan,0,nan,0,nan,0
SHFE.ru2104P12500,2020-08-21 14:59:59.999500,nan,nan,nan,nan,nan,nan,0,0.0,0,nan,1649.0,148.0,0,899.0,899.0,nan,0,nan,0,nan,0,nan,0,nan,0,nan,0,nan,0,nan,0,nan,0,nan,0
SHFE.ru2104P12750,2020-08-21 14:59:59.999500,nan,nan,nan,nan,nan,nan,0,0.0,0,nan,1788.0,287.0,0,1038.0,1038.0,nan,0,nan,0,nan,0,nan,0,nan,0,nan,0,nan,0,nan,0,nan,0,nan,0
SHFE.ru2104P13000,2020-08-21 14:59:59.999500,nan,nan,nan,nan,nan,nan,0,0.0,0,nan,1938.0,437.0,0,1188.0,1188.0,nan,0,nan,0,nan,0,nan,0,nan,0,nan,0,nan,0,nan,0,nan,0,nan,0
SHFE.ru2104P13250,2020-08-21 14:59:59.999500,nan,nan,nan,nan,nan,nan,0,0.0,0,nan,2096.0,595.0,0,1346.0,1346.0,nan,0,nan,0,nan,0,nan,0,nan,0,nan,0,nan,0,nan,0,nan,0,nan,0
SHFE.ru2104P13500,2020-08-21 14:59:59.999500,nan,nan,nan,nan,nan,nan,0,0.0,0,nan,2263.0,762.0,0,1513.0,1513.0,nan,0,nan,0,nan,0,nan,0,nan,0,nan,0,nan,0,nan,0,nan,0,nan,0
SHFE.ru2104P13750,2020-08-21 14:59:59.999500,nan,nan,nan,nan,nan,nan,0,0.0,0,nan,2442.0,941.0,0,1692.0,1692.0,nan,0,nan,0,nan,0,nan,0,nan,0,nan,0,nan,0,nan,0,nan,0,nan,0
SHFE.ru2104P14000,2020-08-21 14:59:59.999500,nan,nan,nan,nan,nan,nan,0,0.0,0,nan,2627.0,1126.0,0,1877.0,1877.0,nan,0,nan,0,nan,0,nan,0,nan,0,nan,0,nan,0,nan,0,nan,0,nan,0
SHFE.ru2104P14250,2020-08-21 14:59:59.999500,nan,nan,nan,nan,nan,nan,0,0.0,0,nan,2819.0,1318.0,0,2069.0,2069.0,nan,0,nan,0,nan,0,nan,0,nan,0,nan,0,nan,0,nan,0,nan,0,nan,0
SHFE.ru2104P14500,2020-08-21 14:59:59.999500,nan,nan,nan,nan,nan,nan,0,0.0,0,nan,3020.0,1519.0,0,2270.0,2270.0,nan,0,nan,0,nan,0,nan,0,nan,0,nan,0,nan,0,nan,0,nan,0,nan,0
SHFE.ru2104P14750,2020-08-21 14:59:59.999500,nan,nan,nan,nan,nan,nan,0,0.0,0,nan,3226.0,1725.0,0,2476.0,2476.0,nan,0,nan,0,nan,0,nan,0,nan,0,nan,0,nan,0,nan,0,nan,0,nan,0
SHFE.ru2104P8400,2020-08-21 14:59:59.999500,nan,nan,nan,nan,nan,nan,0,0.0,0,nan,759.0,1.0,0,9.0,9.0,nan,0,2.0,1,nan,0,nan,0,nan,0,nan,0,nan,0,nan,0,nan,0,nan,0
SHFE.ru2104P8500,2020-08-21 14:59:59.999500,nan,nan,nan,nan,nan,nan,0,0.0,0,nan,761.0,1.0,0,11.0,11.0,nan,0,2.0,1,nan,0,nan,0,nan,0,nan,0,nan,0,nan,0,nan,0,nan,0
SHFE.ru2104P8600,2020-08-21 14:59:59.999500,nan,nan,nan,nan,nan,nan,0,0.0,0,nan,763.0,1.0,0,13.0,13.0,nan,0,2.0,1,nan,0,nan,0,nan,0,nan,0,nan,0,nan,0,nan,0,nan,0
SHFE.ru2104P8700,2020-08-21 14:59:59.999500,nan,nan,nan,nan,nan,nan,0,0.0,0,nan,766.0,1.0,0,16.0,16.0,nan,0,2.0,1,nan,0,nan,0,nan,0,nan,0,nan,0,nan,0,nan,0,nan,0
SHFE.ru2104P8800,2020-08-21 14:59:59.999500,nan,nan,nan,nan,nan,nan,0,0.0,0,nan,769.0,1.0,0,19.0,19.0,nan,0,1.0,1,nan,0,nan,0,nan,0,nan,0,nan,0,nan,0,nan,0,nan,0
SHFE.ru2104P8900,2020-08-21 14:59:59.999500,nan,nan,nan,nan,nan,nan,0,0.0,0,nan,772.0,1.0,0,22.0,22.0,nan,0,1.0,1,nan,0,nan,0,nan,0,nan,0,nan,0,nan,0,nan,0,nan,0
SHFE.ru2104P9000,2020-08-21 14:59:59.999500,nan,nan,nan,nan,nan,nan,0,0.0,0,nan,777.0,1.0,0,27.0,27.0,nan,0,1.0,1,nan,0,nan,0,nan,0,nan,0,nan,0,nan,0,nan,0,nan,0
SHFE.ru2104P9100,2020-08-21 14:59:59.999500,nan,nan,nan,nan,nan,nan,0,0.0,0,nan,781.0,1.0,0,31.0,31.0,nan,0,1.0,1,nan,0,nan,0,nan,0,nan,0,nan,0,nan,0,nan,0,nan,0
SHFE.ru2104P9200,2020-08-21 14:59:59.999500,nan,nan,nan,nan,nan,nan,0,0.0,0,nan,786.0,1.0,0,36.0,36.0,nan,0,1.0,1,nan,0,nan,0,nan,0,nan,0,nan,0,nan,0,nan,0,nan,0
SHFE.ru2104P9300,2020-08-21 14:59:59.999500,nan,nan,nan,nan,nan,nan,0,0.0,0,nan,792.0,1.0,0,42.0,42.0,nan,0,1.0,1,nan,0,nan,0,nan,0,nan,0,nan,0,nan,0,nan,0,nan,0
SHFE.ru2104P9400,2020-08-21 14:59:59.999500,nan,nan,nan,nan,nan,nan,0,0.0,0,nan,799.0,1.0,0,49.0,49.0,nan,0,1.0,1,nan,0,nan,0,nan,0,nan,0,nan,0,nan,0,nan,0,nan,0
SHFE.ru2104P9500,2020-08-21 14:59:59.999500,nan,nan,nan,nan,nan,nan,0,0.0,1,nan,806.0,1.0,1,56.0,62.0,nan,0,1.0,1,nan,0,nan,0,nan,0,nan,0,nan,0,nan,0,nan,0,nan,0
SHFE.ru2104P9600,2020-08-21 14:59:59.999500,nan,nan,nan,nan,nan,nan,0,0.0,2,nan,815.0,1.0,2,65.0,70.0,nan,0,1.0,1,nan,0,nan,0,nan,0,nan,0,nan,0,nan,0,nan,0,nan,0
SHFE.ru2104P9700,2020-08-21 14:59:59.999500,nan,nan,nan,nan,nan,nan,0,0.0,1,nan,824.0,1.0,1,74.0,80.0,nan,0,1.0,1,nan,0,nan,0,nan,0,nan,0,nan,0,nan,0,nan,0,nan,0
SHFE.ru2104P9800,2020-08-21 14:59:59.999500,nan,nan,nan,nan,nan,nan,0,0.0,0,nan,834.0,1.0,0,84.0,84.0,nan,0,1.0,1,nan,0,nan,0,nan,0,nan,0,nan,0,nan,0,nan,0,nan,0
SHFE.ru2104P9900,2020-08-21 14:59:59.999500,nan,nan,nan,nan,nan,nan,0,0.0,0,nan,844.0,1.0,0,94.0,94.0,nan,0,2.0,1,nan,0,1.0,1,nan,0,nan,0,nan,0,nan,0,nan,0,nan,0
SHFE.sn2104,2020-08-21 14:59:59.999500,nan,nan,nan,nan,nan,nan,0,0.0,4,nan,154690.0,131780.0,4,143240.0,143240.0,154660.0,1,134650.0,1,nan,0,131920.0,2,nan,0,131900.0,2,nan,0,131880.0,2,nan,0,131860.0,2
SHFE.sp2104,2020-08-21 14:59:59.999500,nan,nan,nan,nan,nan,nan,0,0.0,7,nan,4930.0,4460.0,7,4696.0,4696.0,4884.0,1,4610.0,1,4886.0,2,4608.0,2,4926.0,1,4560.0,1,nan,0,4464.0,1,nan,0,nan,0
SHFE.ss2104,2020-08-21 14:59:59.999500,nan,nan,nan,nan,nan,nan,0,0.0,74,nan,15270.0,13545.0,74,14410.0,14415.0,14495.0,1,14380.0,10,14715.0,2,14065.0,2,14845.0,1,13635.0,1,15235.0,1,nan,0,nan,0,nan,0
SHFE.wr2104,2020-08-21 14:59:59.999500,nan,nan,nan,nan,nan,nan,0,0.0,0,nan,4154.0,3683.0,0,3919.0,3919.0,4000.0,1,3899.0,1,nan,0,nan,0,nan,0,nan,0,nan,0,nan,0,nan,0,nan,0
SHFE.zn2104,2020-08-21 14:59:59.999500,19560.0,19560.0,19480.0,19480.0,19560.0,19500.0,8,780000.0,110,19500.0,21175.0,18040.0,105,19610.0,19480.0,19735.0,1,19165.0,1,19740.0,1,19160.0,1,19750.0,2,19155.0,1,19860.0,1,18880.0,1,19980.0,1,18770.0,1
CZCE.SPD CY005&CY104,2020-05-18 19:28:28.000000,nan,nan,nan,nan,nan,nan,0,nan,0,nan,nan,nan,0,nan,nan,nan,0,nan,0,nan,0,nan,0,nan,0,nan,0,nan,0,nan,0,nan,0,nan,0
CZCE.CY104,2020-08-21 15:00:00.000001,nan,nan,nan,nan,nan,nan,0,0.0,1,19730.0,20920.0,18550.0,1,19735.0,19735.0,nan,0,nan,0,nan,0,nan,0,nan,0,nan,0,nan,0,nan,0,nan,0,nan,0
CZCE.SPD CY006&CY104,2020-06-11 19:31:51.000000,nan,nan,nan,nan,nan,nan,0,nan,0,nan,nan,nan,0,nan,nan,nan,0,nan,0,nan,0,nan,0,nan,0,nan,0,nan,0,nan,0,nan,0,nan,0
CZCE.SPD CY007&CY104,2020-07-13 19:28:16.000000,nan,nan,nan,nan,nan,nan,0,nan,0,nan,nan,nan,0,nan,nan,nan,0,nan,0,nan,0,nan,0,nan,0,nan,0,nan,0,nan,0,nan,0,nan,0
CZCE.SPD CY008&CY104,2020-08-13 19:22:25.000000,nan,nan,nan,nan,nan,nan,0,nan,0,nan,nan,nan,0,nan,nan,nan,0,nan,0,nan,0,nan,0,nan,0,nan,0,nan,0,nan,0,nan,0,nan,0
CZCE.SPD CY009&CY104,2020-08-20 19:29:30.000000,nan,nan,nan,nan,nan,nan,0,nan,0,nan,nan,nan,0,nan,nan,nan,0,nan,0,nan,0,nan,0,nan,0,nan,0,nan,0,nan,0,nan,0,nan,0
CZCE.SPD CY010&CY104,2020-08-20 19:29:30.000000,nan,nan,nan,nan,nan,nan,0,nan,0,nan,nan,nan,0,nan,nan,nan,0,nan,0,nan,0,nan,0,nan,0,nan,0,nan,0,nan,0,nan,0,nan,0
CZCE.SPD CY011&CY104,2020-08-20 19:29:30.000000,nan,nan,nan,nan,nan,nan,0,nan,0,nan,nan,nan,0,nan,nan,nan,0,nan,0,nan,0,nan,0,nan,0,nan,0,nan,0,nan,0,nan,0,nan,0
CZCE.SPD CY012&CY104,2020-08-20 19:29:30.000000,nan,nan,nan,nan,nan,nan,0,nan,0,nan,nan,nan,0,nan,nan,nan,0,nan,0,nan,0,nan,0,nan,0,nan,0,nan,0,nan,0,nan,0,nan,0
CZCE.SPD CY101&CY104,2020-08-20 19:29:30.000000,nan,nan,nan,nan,nan,nan,0,nan,0,nan,nan,nan,0,nan,nan,nan,0,nan,0,nan,0,nan,0,nan,0,nan,0,nan,0,nan,0,nan,0,nan,0
CZCE.SPD CY102&CY104,2020-08-20 19:29:30.000000,nan,nan,nan,nan,nan,nan,0,nan,0,nan,nan,nan,0,nan,nan,nan,0,nan,0,nan,0,nan,0,nan,0,nan,0,nan,0,nan,0,nan,0,nan,0
CZCE.SPD CY103&CY104,2020-08-20 19:29:30.000000,nan,nan,nan,nan,nan,nan,0,nan,0,nan,nan,nan,0,nan,nan,nan,0,nan,0,nan,0,nan,0,nan,0,nan,0,nan,0,nan,0,nan,0,nan,0
CZCE.SPD FG005&FG104,2020-05-18 19:28:28.000000,nan,nan,nan,nan,nan,nan,0,nan,0,nan,nan,nan,0,nan,nan,nan,0,nan,0,nan,0,nan,0,nan,0,nan,0,nan,0,nan,0,nan,0,nan,0
CZCE.FG104,2020-08-21 14:59:59.000001,1662.0,1757.0,1662.0,1757.0,1662.0,1683.0,174,5856840.0,2299,1683.0,1838.0,1662.0,2266,1750.0,1751.0,1664.0,1,1662.0,40,nan,0,nan,0,nan,0,nan,0,nan,0,nan,0,nan,0,nan,0
CZCE.SPD FG006&FG104,2020-06-11 19:31:51.000000,nan,nan,nan,nan,nan,nan,0,nan,0,nan,nan,nan,0,nan,nan,nan,0,nan,0,nan,0,nan,0,nan,0,nan,0,nan,0,nan,0,nan,0,nan,0
CZCE.SPD FG007&FG104,2020-07-13 19:28:16.000000,nan,nan,nan,nan,nan,nan,0,nan,0,nan,nan,nan,0,nan,nan,nan,0,nan,0,nan,0,nan,0,nan,0,nan,0,nan,0,nan,0,nan,0,nan,0
CZCE.SPD FG008&FG104,2020-08-13 19:22:25.000000,nan,nan,nan,nan,nan,nan,0,nan,0,nan,nan,nan,0,nan,nan,nan,0,nan,0,nan,0,nan,0,nan,0,nan,0,nan,0,nan,0,nan,0,nan,0
CZCE.SPD FG009&FG104,2020-08-20 19:29:30.000000,nan,nan,nan,nan,nan,nan,0,nan,0,nan,nan,nan,0,nan,nan,nan,0,nan,0,nan,0,nan,0,nan,0,nan,0,nan,0,nan,0,nan,0,nan,0
CZCE.SPD FG010&FG104,2020-08-20 19:29:30.000000,nan,nan,nan,nan,nan,nan,0,nan,0,nan,nan,nan,0,nan,nan,nan,0,nan,0,nan,0,nan,0,nan,0,nan,0,nan,0,nan,0,nan,0,nan,0
CZCE.SPD FG011&FG104,2020-08-20 19:29:30.000000,nan,nan,nan,nan,nan,nan,0,nan,0,nan,nan,nan,0,nan,nan,nan,0,nan,0,nan,0,nan,0,nan,0,nan,0,nan,0,nan,0,nan,0,nan,0
CZCE.SPD FG012&FG104,2020-08-20 19:29:30.000000,nan,nan,nan,nan,nan,nan,0,nan,0,nan,nan,nan,0,nan,nan,nan,0,nan,0,nan,0,nan,0,nan,0,nan,0,nan,0,nan,0,nan,0,nan,0
CZCE.SPD FG101&FG104,2020-08-20 21:39:12.000001,nan,nan,nan,nan,nan,nan,0,nan,0,nan,nan,nan,0,nan,nan,79.0,2,50.0,1,nan,0,nan,0,nan,0,nan,0,nan,0,nan,0,nan,0,nan,0
CZCE.SPD FG102&FG104,2020-08-20 19:29:30.000000,nan,nan,nan,nan,nan,nan,0,nan,0,nan,nan,nan,0,nan,nan,nan,0,nan,0,nan,0,nan,0,nan,0,nan,0,nan,0,nan,0,nan,0,nan,0
